1752 3136
235 105 321 149 332
839 103 1060 147 Omossms

235 232 275 261 et
305 218 405 260 dicit
434 216 775 273 purificationem
807 217 898 258 ficri
938 217 981 258 in
1012 235 1143 273 aqua,
1183 231 1222 260 et
1266 219 1467 271 sanguine
1509 233 1548 261 et
1577 223 1659 278 spi-

235 298 331 339 ritu.
388 295 518 336 Unde
549 305 588 334 et
628 294 695 334 hic
741 294 865 335 video
909 294 1054 336 omnia
1087 295 1165 337 ista
1198 297 1422 353 compleri.
1480 296 1661 353 Spiritus

233 374 347 415 enim
379 384 437 413 est
466 370 617 423 gallina
649 369 775 420 istius,
807 388 916 427 quae
947 372 1180 425 occiditur,
1211 386 1250 414 et
1281 391 1389 430 aqua
1421 374 1523 424 viva,
1556 367 1667 430 quae*x

232 453 276 493 in
309 467 403 491 vase
432 461 513 498 est,
544 460 584 489 et
611 447 797 500 sanguis,
838 449 910 504 qui
951 467 1079 506 super
1119 468 1209 491 eam
1252 451 1430 493 diffusus
1462 463 1543 492 est:
1573 468 1662 492 non

234 530 353 585 quod
396 543 473 583 per
511 527 615 567 haec
661 525 897 567 iterandam
947 527 1150 582 baptismi
1197 528 1370 581 gratiam
1419 528 1662 579 sentiamus,

231 608 304 648 sed
337 605 454 660 quod
487 603 624 644 omnis
653 603 895 658 purificatio
928 617 1216 659 peccatorum,
1248 606 1372 647 etiarn
1405 605 1523 654 haee,
1555 621 1665 660 quae

232 701 311 740 per
350 681 656 739 poenitentiam
700 679 935 735 quaeritur,
973 679 1084 720 illius
1117 697 1198 736 ope
1228 681 1408 734 indiget,
1449 683 1502 722 de
1544 682 1663 739 cujus

231 764 362 804 latere
393 776 500 815 aqua
531 756 752 813 processit,
781 768 818 796 et
849 756 1027 808 sanguis.
1085 757 1196 798 Vide
1221 775 1332 811 crgo,
1364 760 1588 814 quomodo
1624 770 1663 799 et

232 840 321 881 viva
353 836 519 889 gallina,
551 846 590 875 et
620 833 784 886 lignum
816 832 1060 883 cedrinum,
1099 834 1200 889 et¹)
1231 836 1452 876 coccinum
1485 847 1661 885 tortum,

233 928 272 957 et
304 916 511 969 hyssopus
542 910 716 964 tingilur
741 909 785 951 in
817 909 1021 962 sanguine
1050 911 1160 966 puUi
1192 923 1230 952 et
1261 928 1370 967 aqua
1402 913 1506 960 viva,
1536 924 1583 953 ut
1615 930 1661 952 ex

231 996 316 1034 hoc
346 1007 547 1047 aspersus,
579 999 618 1029 ct
646 987 893 1044 purificatus
935 1003 980 1027 ex
1014 1004 1122 1043 aqua
1155 1000 1195 1028 et
1227 989 1453 1041 sanguine,
1497 989 1541 1030 in
1573 1006 1659 1044 quo

231 1071 361 1113 tincta
393 1081 453 1110 est
483 1079 524 1109 ct
553 1065 623 1106 illa
654 1064 820 1116 gallina,
852 1079 960 1120 quac
990 1064 1034 1104 in
1067 1081 1263 1120 campum
1305 1065 1590 1122 emittitur,²)
1623 1077 1662 1106 et

229 1147 380 1204 septies
422 1157 569 1187 contra
608 1142 848 1184 Dominum
891 1158 1125 1197 respersus,
1171 1142 1227 1194 is,
1280 1144 1351 1198 qui
1398 1143 1660 1200 purificatur,

230 1226 417 1266 mundus
449 1222 654 1264 efficiatur
685 1222 737 1261 ab
771 1218 890 1260 omni
919 1218 1204 1269 immunditia,
1238 1236 1320 1276 qua
1354 1222 1493 1262 fuerat
1523 1238 1570 1261 ex
1600 1221 1661 1261 le-

229 1319 332 1359 prae
366 1298 623 1350 contagione
650 1312 877 1352 possessus.

347 1381 416 1423 11.
448 1377 534 1419 Sed
566 1386 606 1415 et
635 1374 741 1415 illud
774 1374 957 1424 adverte,
988 1376 1228 1429 quomodo,
1258 1392 1355 1416 cum
1375 1373 1566 1430 superius
1597 1374 1660 1414 di—

230 1457 355 1499 xerit:
387 1452 578 1507 „haec3)
607 1453 672 1492 lex
703 1450 884 1506 leprosi:
926 1449 969 1490 in
1003 1467 1086 1505 qua
1123 1451 1189 1491 die
1220 1454 1450 1493 mundatus
1481 1451 1659 1492 fuerit:“

230 1551 346 1576 nunc
376 1533 439 1574 his
483 1530 682 1571 omnibus
724 1527 862 1577 addit,
902 1540 941 1568 et
981 1527 1102 1568 dicit:
1150 1529 1278 1578 ,μήθ
1316 1529 1502 1570 mundus
1540 1528 1661 1570 erit.“

232 1613 279 1655 Si
310 1609 424 1652 enim
453 1608 586 1650 semel
615 1604 780 1662 abJecta
813 1605 932 1659 lepra
963 1605 1192 1645 mundatus
1224 1617 1296 1654 cst,
1325 1606 1548 1661 quomodo
1582 1606 1656 1646 ad-

230 1693 315 1732 huc
346 1688 531 1729 mundus
564 1682 672 1725 crit?
730 1682 816 1723 Sed
847 1681 953 1731 vide,
986 1682 1098 1737 quia,
1130 1681 1288 1723 etiamsi
1315 1685 1549 1724 mundetur
1566 1682 1659 1739 quis

231 1786 254 1809 a
284 1776 474 1822 peccato,
506 1772 546 1803 et
573 1777 663 1801 non
695 1759 745 1800 sit
773 1757 858 1814 jam
898 1759 944 1799 in
984 1775 1117 1815 opere
1151 1759 1334 1814 peccati,
1382 1760 1474 1815 ipsa
1513 1772 1657 1801 tamen

231 1843 397 1895 vestigia
435 1839 602 1882 sceleris
651 1834 864 1877 commissi
911 1835 1210 1890 purificatione
1258 1836 1469 1889 indigent,
1518 1848 1557 1878 et
1596 1854 1656 1886 ea,

231 1938 358 1978 quam
392 1916 683 1973 exposuimus,
731 1912 834 1966 et5)
867 1912 955 1953 aliis
987 1912 1277 1962 nihilominus,
1307 1931 1414 1969 quae
1442 1915 1654 1955 mandan-

229 2013 299 2040 tur
335 1998 379 2037 in
418 1992 787 2048 consequentibus.
868 1989 1193 2032 Observa-:imus
1237 1992 1351 2032 enim
1401 1993 1453 2033 ad
1470 1992 1514 2046 ⁵)
1556 1993 1654 2042 hoc,

231 2076 350 2132 quod
390 2072 593 2127 scriptum
635 2081 695 2110 est
741 2070 795 2109 de
825 2069 965 2124 lepra:
1020 2067 1150 2123 ‚,in⁷)
1193 2085 1275 2124 qua
1316 2069 1385 2110 die
1423 2069 1653 2112 mundatus

229 2153 405 2195 fuerit:“
443 2160 540 2206 post
569 2148 674 2189 haec
704 2145 814 2187 inter
854 2156 1014 2197 cetera,
1062 2162 1170 2201 quae
1209 2148 1486 2195 mandamur,
1525 2145 1651 2187 tertio

347 2338 390 2392 ¹)
421 2338 532 2378 Edd.
565 2336 626 2377 M.
659 2337 742 2378 hoc
774 2352 948 2391 quoque
977 2336 1098 2385 loco,
1141 2337 1214 2377 cfr.
1244 2352 1336 2390 pag.
1366 2337 1461 2379 331.
1493 2349 1583 2382 not.
1611 2338 1650 2379 3.

229 2398 324 2438 coll.
354 2407 442 2437 not.
473 2396 510 2436 2.
543 2405 611 2444 „et
643 2410 819 2434 coccum
851 2404 1027 2444 tortum,
1060 2405 1100 2433 et
1129 2393 1401 2450 hyssopum.“

343 2465 386 2519 ²)
419 2466 519 2505 Mss.
552 2463 821 2513 „emittitur.“
863 2462 982 2504 Libri
1013 2462 1113 2503 editi
1143 2462 1202 2518 (v.
1228 2479 1260 2503 c.
1292 2463 1386 2505 edd.
1419 2462 1526 2518 Μ.);
1559 2463 1649 2514 „di-

223 2522 442 2563 mittitur.“
470 2521 521 2561 R.

342 2591 388 2644 ³)
419 2591 547 2630 Levit.
579 2590 695 2638 XIV,
724 2591 763 2631 2.
882 2590 926 2645 4)
958 2589 1087 2630 Lex-it.
1119 2588 1235 2639 XIV,
1265 2590 1303 2631 7.

343 2659 389 2715 ⁵)
421 2659 537 2700 Libri
577 2659 674 2700 editi
714 2660 774 2714 (v.
807 2678 839 2701 c.
882 2660 976 2700 edd.
1007 2659 1116 2713 M.):
1146 2670 1211 2707 „et
1243 2658 1322 2700 alia
1353 2659 1644 2712 nihilominus,

227 2735 335 2775 quac
374 2718 643 2757 mandatu1·.“
708 2718 793 2758 Sed
836 2716 936 2758 Blss.
968 2727 1014 2756 ut
1041 2718 1086 2756 in
1117 2726 1264 2757 nostro
1296 2728 1421 2760 textu.
1453 2718 1502 2760 R.

340 2786 386 2842 ὃ)
418 2785 529 2827 Edd.
558 2786 731 2826 chrlini
760 2802 1008 2844 perperam:
1040 2797 1080 2829 et
1109 2787 1201 2828 hoc.

342 2856 387 2913 ⁷)
417 2856 546 2898 Levit.
576 2856 693 2907 XIV,
724 2857 760 2899 7.
