1752 3136
206 68 292 112 328
819 72 1040 112 Officssffls

210 182 313 239 ipsis
345 191 417 231 est,
448 181 633 222 mundae
663 193 770 223 sunt.
845 181 915 223 Sic
960 183 1072 224 enim
1115 181 1278 240 dixit1)
1321 194 1362 224 et
1390 185 1478 224 lex:
1524 183 1645 240 „si‚²“)

216 258 351 317 cujus,
385 258 535 314 inquit,
568 258 821 300 dessuxerInt
851 261 991 316 capilli
1024 261 1191 317 capitis,
1235 262 1375 302 calvus
1406 272 1489 311 est,
1518 277 1644 302 mun·

217 337 296 378 dus
327 347 399 377 est.
459 335 505 377 Si
537 348 675 377 autem
709 353 730 378 a
762 339 904 379 fronte
940 336 1027 394 ejus
1058 338 1333 386 defluxerint,
1361 339 1550 380 recalvus
1577 348 1649 386 est,

218 424 260 453 et
288 412 475 454 mundus
510 419 607 454 cst.“
665 413 721 454 Et
751 416 1054 457 convenienter
1086 415 1185 457 haec
1209 417 1451 457 referuntur
1480 415 1533 455 ad
1559 412 1649 454 ani-

217 505 346 539 mam,
377 501 435 539 ut,
467 506 563 531 cum
596 507 655 540 ea,
690 508 797 546 quac
828 492 891 534 sui
922 505 1071 533 natura
1093 505 1260 534 mortua
1285 504 1394 543 sunt,
1427 490 1572 549 abjicit
1601 506 1649 531 ac

219 567 412 624 deponit,
442 569 603 609 munda
636 585 720 609 esse
753 569 927 610 dicatur.
996 570 1080 611 Sed
1113 583 1209 625 post
1239 571 1339 611 haec
1370 571 1403 611 si
1436 586 1509 619 ea,
1545 584 1653 624 quae

217 644 336 699 prius
366 645 588 699 purificata
620 647 800 695 fuerant,
831 647 1151 701 repullulare³)
1193 647 1406 689 sordidius
1439 658 1479 688 et
1511 645 1651 686 humi-

218 720 314 771 lius,
346 737 473 776 quam
506 721 683 772 dignitas
713 722 906 776 puritatis
940 723 1116 776 expetit,
1148 722 1426 773 videbuntur-‚¹
1466 723 1654 764 immun-

222 799 337 848 dam,
370 814 417 838 ac
449 799 661 853 leprosam
694 798 880 839 animam
913 800 1106 840 reddent.
1162 798 1218 839 Et
1248 799 1331 839 hoc
1362 797 1445 854 jam
1477 814 1651 850 genera-

222 874 318 914 liter
351 875 403 914 de
435 874 554 915 omni
586 875 785 930 leproso,
828 877 873 917 in
915 892 1001 931 quo
1035 876 1162 917 suerit
1192 875 1389 927 contagio
1423 875 1587 929 leprae,
1618 884 1658 914 et

220 950 429 992 humilior
457 951 672 994 videbitur
710 969 730 993 a
778 953 940 1009 reliqua
976 956 1096 994 'cutex
1137 951 1339 994 humilius
1385 967 1569 1006 namque
1601 961 1660 991 est

224 1044 353 1069 omne
381 1027 548 1070 animae
579 1028 724 1069 vitium
757 1045 780 1070 a
812 1029 984 1086 reliquis
1017 1029 1105 1087 ejus
1136 1030 1372 1071 virtutibus.
1418 1029 1516 1078 Lex,
1549 1043 1657 1084 quae

222 1104 450 1160 spiritualis
483 1117 553 1156 est,
584 1105 663 1147 alia
695 1109 903 1162 quaedam
936 1107 1137 1148 decernit.
1197 1105 1558 1161 ‚,Vestimenta,4)
1590 1104 1656 1145 in-

226 1181 328 1237 quit,
362 1180 449 1239 ejus
481 1183 634 1224 dissuta
664 1182 759 1232 sim,
791 1194 829 1223 et
860 1195 988 1239 caput
1017 1182 1105 1240 ejus
1137 1185 1383 1233 revelatum,
1414 1196 1453 1226 et
1485 1200 1531 1225 os
1566 1181 1654 1239 ejus

224 1248 518 1314 adopertum.“
587 1260 671 1300 Per
715 1276 824 1315 quae
865 1260 1050 1312 designat
1081 1278 1201 1312 eum,
1247 1262 1319 1317 qui
1350 1261 1395 1302 in
1427 1260 1566 1301 anima
1598 1261 1659 1300 le-

224 1351 377 1390 prosus
412 1347 482 1385 est,
512 1335 556 1377 id
589 1347 660 1386 est,
691 1337 764 1392 qui
793 1337 973 1392 peccatis
1002 1339 1192 1379 confixus
1225 1349 1304 1388 est,
1334 1355 1426 1379 non
1458 1348 1658 1393 oportere

227 1429 393 1454 assuere
429 1412 509 1454 sibi
546 1425 811 1466 tegumenta,
864 1425 904 1454 et
949 1413 1234 1469 turpitudines
1277 1414 1446 1471 operire
1484 1413 1658 1470 peccati.

226 1489 347 1531 Sicut
379 1489 491 1532 enim
522 1490 568 1540 is,
601 1490 718 1548 cujus
748 1491 994 1533 vestimenta
1021 1491 1177 1533 dissuta
1209 1503 1319 1542 sunt,
1351 1491 1511 1532 nudam
1534 1502 1661 1546 atque

229 1566 425 1608 intectam
466 1567 571 1621 gerit
611 1569 921 1625 turpitudinem
966 1569 1183 1624 corporis:
1238 1569 1293 1609 ita
1337 1580 1509 1626 oportet
1551 1584 1660 1617 eum,

228 1645 302 1699 qui
334 1644 514 1700 peccatis
555 1645 767 1702 aliquibus
810 1647 1011 1702 obseptus
1045 1658 1125 1695 est,
1170 1648 1282 1686 mala
1319 1661 1392 1686 sua
1435 1656 1475 1686 et
1505 1645 1660 1697 flagitia

226 1722 356 1763 nullis
388 1723 618 1764 verborum
651 1722 915 1773 assumentis,
957 1723 1086 1765 nullis
1129 1722 1448 1764 excusationum
1486 1721 1661 1762 velami-

228 1797 354 1840 nibus
385 1799 572 1854 operire:
603 1800 665 1839 uti
693 1816 748 1840 ne
778 1802 851 1841 fiat
880 1801 1123 1856 sepulcrum
1142 1801 1397 1850 dealbatum,
1431 1800 1551 1855 quod
1585 1801 1659 1841 de-

228 1875 334 1916 foris
364 1876 535 1931 quidem
569 1888 744 1932 apparet
775 1876 1022 1918 hominibus
1066 1877 1328 1933 speciosum,
1366 1877 1477 1917 intus
1517 1888 1657 1917 autem

228 1953 407 2007 plenum
456 1965 515 1995 est
563 1953 723 1996 ossibus
766 1966 1068 2005 mortuorum,
1118 1967 1157 1996 et
1207 1954 1325 1996 omni
1373 1953 1656 1995 immunditia.

230 2029 333 2071 Vult
375 2046 473 2083 ergo
513 2032 579 2072 lex
620 2031 759 2073 divina
798 2044 1069 2087 peccatorem
1108 2048 1200 2073 non
1235 2033 1374 2073 solum
1415 2029 1660 2072 vestimenta

230 2124 318 2148 non
353 2125 530 2159 assuere,
559 2110 632 2150 sed
665 2122 704 2151 et
735 2121 862 2165 caput
890 2126 980 2151 non
1013 2120 1263 2163 contegere:
1296 2120 1353 2158 ut,
1384 2108 1417 2150 si
1449 2110 1569 2164 quod
1600 2120 1659 2149 est

232 2184 375 2241 capitis
407 2186 630 2237 delictum,
674 2187 719 2228 id
749 2199 831 2238 cst,
871 2187 904 2229 si
942 2187 985 2228 in
1015 2187 1158 2228 Deum
1191 2185 1354 2242 aliquid
1385 2184 1658 2227 commissum

233 2275 304 2312 est,
333 2263 364 2304 si
396 2263 439 2304 in
468 2265 554 2305 fide
584 2276 808 2321 peccatum
848 2276 925 2318 est,
967 2280 1020 2305 ne
1061 2265 1163 2305 haec
1204 2264 1377 2320 quidem
1421 2263 1660 2304 habeantur

232 2438 440 2534 vationefi‘
498 2440 584 2481 Sed
618 2439 726 2481 Cod.
758 2441 990 2495 Sangerm.,
1022 2452 1060 2482 et
1090 2439 1160 2481 alii
1184 2438 1323 2480 Codd.
1354 2449 1402 2478 ut
1432 2436 1473 2478 in
1507 2448 1655 2479 nostro

235 2505 360 2536 textu.
435 2529 442 2537 .

349 2563 394 2620 ¹)
424 2565 533 2609 Edd.
570 2567 763 2609 Merlini:
795 2568 909 2610 dicit.
1031 2568 1077 2623 ²)
1107 2565 1238 2608 Levit.
1270 2563 1388 2614 XIII,
1417 2565 1484 2606 40.
1515 2564 1584 2606 41.

348 2635 395 2690 3)
425 2637 545 2679 Libri
583 2650 703 2679 antea
745 2638 845 2680 editi
885 2637 946 2693 (v.
993 2655 1026 2679 c.
1069 2638 1165 2678 edd.
1205 2634 1315 2689 M.):
1370 2633 1655 2689 „repullulare

234 2693 451 2748 coeperint
495 2693 707 2735 sordidius
739 2719 790 2725 —
823 2695 997 2750 expetit,
1037 2693 1295 2735 videbuntur
1324 2689 1568 2737 immunda,
1607 2705 1656 2730 ac

230 2749 472 2803 leprosam“
502 2762 575 2792 etc.
610 2750 749 2791 Codd.
781 2768 880 2793 vero
915 2751 1012 2793 Mss.
1046 2761 1093 2791 ut
1123 2749 1166 2790 in
1196 2757 1345 2790 nostro
1378 2758 1506 2789 textu.
1534 2746 1586 2787 R.

347 2818 391 2864 ⁴)
423 2819 549 2862 Levit.
582 2821 699 2871 XIII,
728 2821 796 2866 45.
