1752 3136
187 161 272 204 430
790 155 1018 200 ORIGENIS

187 290 294 329 goga
324 271 562 328 lapidetur:
593 280 666 310 aut
695 269 768 325 qui
798 269 1017 312 maledixit
1043 268 1302 318 Dominum,
1327 279 1375 310 ut
1403 269 1618 326 lapidibus

187 351 435 409 perimatur,
467 359 507 390 et
538 348 570 388 si
603 363 686 403 qua
716 347 921 404 jubentur
951 346 1213 404 hujusmodi.
1282 346 1487 389 Mandata
1515 364 1626 390 vero.

189 447 288 478 esse,
321 427 473 484 quibus
503 424 700 483 jubetur,
729 427 848 469 verbi
880 442 1028 474 causa,
1059 425 1243 466 decimas
1275 425 1423 466 offerri
1453 425 1619 475 Levitis,

186 510 252 549 vel
281 519 345 547 ter
373 505 418 546 in
449 520 564 545 anno
596 518 802 559 apparere
832 503 1051 552 Domino,
1092 503 1157 543 vel
1188 519 1277 543 non
1311 519 1518 558 apparere
1548 519 1621 543 va-

188 601 316 625 cuum
348 582 392 624 in
424 593 654 637 conspectu
685 579 878 622 Domini.
951 580 1180 623 Custodire
1220 593 1279 622 est
1310 596 1410 633 ergo
1441 575 1622 620 manda-

185 676 290 713 tum,
321 659 568 713 intelligere,
596 660 661 699 vel
693 659 924 708 advertere,
948 656 1058 714 qliae
1083 656 1299 714 jubentur.
1356 658 1519 699 Facere
1546 674 1622 698 au-

184 755 272 783 tem
303 740 569 785 mandatum,
600 747 660 776 est
687 735 881 791 implere,
913 751 1022 790 quae
1052 734 1265 790 jubentur.
1322 735 1392 776 Sic
1425 750 1523 787 ergo
1555 734 1623 775 in-

185 818 461 869 telligendum
499 825 631 869 puto,
678 814 799 868 quod
841 812 962 853 dixit:
1015 812 1134 867 ‚‚si¹)
1175 812 1219 853 in
1251 811 1486 868 praeceptis
1516 811 1622 853 meis

188 891 528 941 ambulaveritis,
575 903 615 932 et
652 892 856 932 mandata
886 906 982 931 mea
1014 888 1317 938 custodieritis,
1372 901 1411 929 et
1439 889 1622 930 feceritis

187 979 276 1015 ea.“
337 971 423 1012 Sed
453 969 694 1019 videamus,
738 984 848 1024 quae
885 969 938 1010 sit
982 968 1122 1024 prima
1160 966 1404 1008 benedictio
1445 966 1517 1017 iis,
1549 966 1623 1022 qui

188 1068 250 1100 ea,
283 1065 393 1106 quae
421 1048 696 1096 mandantur,
726 1045 1009 1102 impleverint.
1072 1043 1316 1100 „Dabo‚²)
1345 1043 1495 1099 inquit,
1523 1045 1622 1100 plu-

186 1128 296 1170 viam
327 1127 448 1169 vobis
477 1126 521 1167 in
560 1136 759 1179 tempore
799 1129 917 1165 suo.“
986 1122 1118 1176 Igitur
1156 1122 1298 1178 primo
1342 1123 1396 1163 ad
1434 1122 1624 1165 Judaeos

188 1207 391 1254 dicamus,
425 1215 463 1245 et
494 1220 588 1251 eos,
627 1202 700 1258 qui
729 1200 978 1258 simpliciter
1009 1202 1073 1241 vel
1105 1199 1390 1256 corporaliter
1420 1200 1526 1242 haec
1555 1200 1624 1241 in-

186 1283 415 1336 telligenda
449 1282 703 1337 opinantur:
735 1279 768 1321 si
797 1279 940 1335 pluvia
971 1279 1077 1319 haee
1107 1290 1311 1333 tanquam
1332 1279 1622 1320 remuneratio

186 1377 268 1417 pro
302 1360 523 1401 laboribus
546 1358 672 1398 datur
692 1356 755 1405 iis,
787 1356 860 1411 qui
882 1359 1085 1398 mandata
1107 1356 1364 1404 custodiunt,
1397 1357 1624 1411 quomodo

189 1450 231 1479 et
261 1438 322 1485 iis,
355 1438 427 1492 qui
458 1435 660 1476 mandata
689 1450 781 1474 non
811 1444 1000 1482 servant,
1040 1448 1125 1473 una
1157 1443 1285 1487 atque
1316 1433 1466 1473 eadem
1500 1434 1628 1475 datur

187 1514 331 1570 pluvia
362 1513 632 1567 temporibus
662 1513 758 1561 suis,
791 1523 831 1552 et
858 1510 1076 1552 universus
1107 1511 1295 1552 mundus
1324 1509 1628 1554 communibus

186 1591 325 1632 utitur
355 1589 510 1646 pluviis
543 1606 565 1631 a
594 1590 693 1631 Deo
728 1588 864 1632 datis?
915 1588 1094 1644 Pluit3)
1126 1588 1239 1629 enim
1268 1605 1396 1644 super
1425 1587 1556 1646 justos
1588 1601 1630 1630 et

187 1666 380 1726 injustos.
441 1667 577 1722 Quod
608 1667 642 1709 si
672 1667 786 1725 justis
821 1678 860 1708 et
889 1666 1054 1724 injustis
1086 1668 1211 1707 datur
1239 1667 1397 1723 pluvia,
1426 1683 1517 1708 non
1550 1666 1630 1709 erit

192 1746 343 1788 eximia
382 1746 671 1787 remuneratio
707 1745 780 1794 iis,
825 1743 899 1801 qui
937 1745 1140 1785 mandata
1182 1744 1450 1786 servaverint.
1518 1744 1629 1785 Vide

191 1841 315 1877 crgo,
357 1824 480 1880 quia,
524 1821 688 1866 etiamsi
718 1822 874 1863 Judaei
913 1839 1006 1863 non
1040 1822 1322 1878 adquiescunt
1359 1822 1497 1863 verbis
1525 1820 1630 1863 Jesu

189 1901 373 1943 Domini
402 1900 557 1952 nostri,
597 1911 645 1942 tu
673 1912 840 1950 tamen,
888 1901 962 1956 qui
1006 1899 1184 1940 nomine
1224 1897 1313 1956 ejus
1345 1899 1546 1948 censeris,
1591 1909 1632 1938 et

193 1978 457 2021 Christianus
483 1978 724 2035 appellaris,
756 1979 883 2019 debes
917 1977 955 2017 ei
986 1978 1159 2018 credere
1182 1977 1353 2026 dicenti,
1382 1976 1479 2032 quia
1509 1987 1632 2031 pater

189 2074 291 2100 suus
324 2057 513 2097 coelestis
556 2072 835 2097 communem
876 2056 987 2096 hane
1026 2056 1217 2111 pluviam
1256 2054 1367 2109 pluit
1404 2069 1532 2109 super
1559 2051 1631 2110 ju-

193 2146 278 2176 stos
311 2146 350 2175 et
379 2131 580 2190 injustos:
615 2145 654 2175 et
682 2151 774 2175 non
805 2133 933 2175 debes
957 2145 1121 2189 putare,
1154 2132 1252 2188 quia
1283 2130 1402 2189 justis
1434 2130 1630 2172 eximiam

191 2212 446 2267 separaverit
493 2211 738 2268 portionem
790 2213 924 2261 hanc,
984 2228 1114 2267 quarn
1164 2225 1441 2251 communem
1486 2207 1632 2264 posuit

193 2289 318 2329 etiam
351 2304 449 2330 cum
478 2287 655 2347 injustis.
729 2287 995 2342 Quaeramus
1037 2304 1136 2340 ergo
1178 2286 1227 2328 in
1258 2284 1488 2342 Scripturis
1520 2300 1631 2341 quae

191 2367 243 2407 sit
272 2365 437 2421 pluvia,
482 2383 591 2422 quae
630 2366 780 2407 sanctis
830 2368 1134 2408 tantummodo
1176 2367 1322 2416 datur,
1371 2375 1411 2404 et
1450 2363 1502 2403 de
1547 2378 1632 2418 qua

193 2445 426 2485 mandatur
454 2444 665 2494 nubibus,
704 2460 760 2484 ne
802 2444 957 2500 pluant
985 2444 1176 2501 pluviam
1204 2442 1328 2484 istam
1358 2456 1487 2497 super
1515 2439 1632 2498 inju-

190 2531 290 2562 stos.
351 2521 476 2575 Quae
507 2537 606 2574 ergo
637 2521 690 2562 sit
728 2519 802 2562 ista
842 2522 1010 2577 pluvia,
1054 2520 1146 2578 ipse
1185 2537 1264 2562 nos
1294 2504 1445 2562 Moses
1469 2519 1631 2559 horum

191 2596 407 2650 legislator
447 2599 639 2640 edoceat.
712 2598 810 2654 Ipse
858 2599 973 2640 enim
1013 2599 1117 2640 dicit
1161 2598 1208 2639 in
1254 2594 1630 2638 Deuteronomio:

194 2674 465 2730 ‚,attende,⁴²)
497 2675 694 2727 coelum,
739 2687 780 2717 et
818 2677 998 2732 loquar,
1037 2687 1078 2718 et
1107 2676 1253 2718 audiat
1279 2686 1392 2716 terra
1421 2674 1549 2715 verba
1580 2687 1629 2715 ex

317 2855 362 2908 ¹)
393 2856 522 2898 Levit.
553 2857 716 2911 XXVI,
745 2860 784 2904 3,
906 2861 954 2916 2)
985 2858 1112 2900 Lex-it.
1145 2858 1306 2907 XXVI,
1335 2859 1375 2901 4.

315 2924 364 2982 3)
397 2928 485 2970 Cfr.
515 2927 666 2971 Matth.
699 2929 754 2981 V,
781 2930 849 2973 45.
970 2929 1016 2985 ⁴²)
1046 2930 1174 2971 Dent.
1204 2927 1392 2979 XXXII,
1419 2926 1457 2968 1.
1489 2927 1527 2968 2.
