1752 3136
0 2732 8 3136 -Γι-νΎἾΡ--νἯ-ᾼἾ
0 2678 2 2719 ψ-ὴ
0 2640 4 2659 v
0 2596 3 2621 --

463 96 509 125 m
538 84 793 124 LEvtrxcum
822 78 1023 121 HommA
1053 78 1127 121 IX.
1411 82 1494 126 :339

460 286 947 337 HOMILIA
1023 286 1114 335 IX.

83 413 151 454 De
173 411 390 454 sacrificiis
419 407 804 466 repropitiationis,
843 419 882 449 et
913 408 966 448 de
998 407 1166 449 duobus
1196 407 1346 460 hircis,
1387 425 1497 465 quo-

84 507 177 532 rum
210 506 317 530 unus
345 504 435 529 sors
466 498 525 527 est
553 485 758 534 Domini,
790 497 830 526 et
858 501 967 525 unus
997 485 1301 541 apopompaei,
1330 486 1403 542 qui
1433 486 1496 528 di-

193 565 370 607 mittitur
399 564 442 605 in
474 578 687 611 eremum,
728 574 767 602 et
799 563 851 603 de
880 562 1069 613 ingressu
1099 560 1312 617 pontificis
1341 562 1387 604 in

563 650 707 681 sancta
738 650 996 680 sanctorum.

192 740 229 781 1.
259 737 343 780 Die
372 736 686 794 propitiationis
715 736 904 789 indigent
920 751 1079 785 omnes,
1111 735 1182 791 qui
1206 748 1496 791 peccaverunt,

81 829 121 857 et
150 816 247 857 ideo
289 816 397 857 inter
438 813 725 857 solemnitates
764 811 886 865 legis,
929 829 1036 868 quae
1080 814 1233 865 figuras
1276 814 1497 855 continent

81 892 326 935 coelestium
358 892 676 951 mysteriorum,
719 906 803 931 una
843 891 1052 945 quaedam
1091 890 1333 932 solemnitas
1363 891 1494 932 habe-

80 982 161 1019 tur,
192 986 299 1025 quae
331 971 418 1011 dies
446 966 760 1024 propitiationis
792 966 1039 1021 appellatur.
1097 964 1214 1007 Haec
1244 981 1358 1018 ergo,
1388 984 1496 1024 quae

78 1064 196 1088 nunc
225 1047 397 1088 recitata
427 1057 544 1094 sunt,
573 1042 776 1096 legislatio
809 1054 866 1084 est
895 1041 1169 1084 solemnitatis
1197 1041 1352 1097 ipsius,
1389 1060 1497 1100 quae

82 1123 181 1173 dies,
211 1135 256 1164 ut
287 1123 486 1170 diximus,
531 1119 847 1176 propitiationis
887 1119 1068 1161 vocitata
1108 1129 1178 1160 est.
1238 1119 1324 1160 Sed
1354 1120 1496 1162 videa·

80 1216 173 1240 mus
203 1200 342 1255 primo
377 1198 480 1254 quid
511 1197 589 1239 sibi
629 1196 728 1238 velit
767 1195 913 1237 literae
954 1195 1084 1252 ipsius
1121 1195 1403 1244 continentia,
1450 1211 1497 1239 ut

80 1275 297 1318 orantibus
327 1275 469 1324 vobis,
510 1297 567 1305 —
602 1273 636 1316 si
665 1285 807 1316 tamen
836 1274 892 1315 ita
923 1273 1116 1314 Domino
1149 1273 1414 1329 supplicetis,
1451 1288 1499 1317 ut

81 1353 267 1395 exaudiri
295 1351 544 1394 mereamini
573 1379 651 1401 -,
689 1348 896 1406 possimus
941 1349 1131 1405 accipere
1172 1351 1345 1402 gratiam
1373 1351 1498 1408 spiri·

80 1441 159 1479 tus,
187 1445 265 1484 per
294 1445 421 1484 quam
453 1429 676 1483 explanare
714 1427 926 1469 valeamus
964 1426 1180 1484 mysteria,
1223 1445 1331 1484 quae
1362 1429 1496 1470 conti-

80 1518 235 1547 nentur
263 1505 308 1545 in
336 1506 443 1561 lege.
520 1503 726 1544 Defuncti
767 1515 863 1544 sunt
902 1504 989 1544 duo
1020 1503 1097 1545 filii
1133 1506 1303 1554 Aaron,
1343 1505 1496 1547 Nadab

84 1595 123 1624 et
152 1581 278 1630 Abiu,
300 1580 343 1635 ¹)
375 1598 472 1621 cum
503 1581 708 1621 offerrent
738 1578 877 1632 ignem
917 1581 1102 1622 alienum
1143 1583 1196 1624 ad
1241 1583 1373 1624 altare
1402 1582 1497 1625 Do-

82 1658 198 1700 mini.
257 1658 436 1698 Necesse
466 1669 564 1707 erat,
592 1668 640 1698 ut
671 1657 841 1697 coelesti
873 1657 1067 1699 doctrina
1108 1657 1385 1700 instrueretur
1413 1661 1498 1701 Aa-

82 1751 176 1783 ron,
205 1734 428 1789 quomodo
461 1744 679 1789 oporteret
709 1749 806 1773 eum
837 1734 890 1773 ad
924 1733 1055 1774 altare
1085 1735 1306 1784 accedere,
1338 1746 1378 1775 et
1407 1751 1495 1791 quo

82 1810 445 1867 supplicationum
476 1810 558 1851 ritu
589 1810 824 1866 propitium
861 1811 1018 1850 faceret
1055 1809 1223 1860 Deum,
1262 1811 1324 1852 uti
1363 1826 1418 1852 ne
1453 1810 1498 1852 in

84 1904 131 1929 ea
161 1887 251 1943 ipse
279 1887 525 1937 incurreret,
552 1888 597 1928 in
620 1904 728 1943 quae
758 1887 1026 1928 incurrerant
1054 1886 1128 1928 filii
1157 1886 1232 1937 sui,
1261 1886 1430 1929 incaute
1460 1899 1500 1929 et

82 1963 430 2006 inconvenienter
460 1966 705 2006 accedentes
737 1966 786 2005 ad
819 1965 950 2006 altare
979 1963 1083 2013 Dei,
1121 1963 1305 2005 alienum
1344 1963 1499 2016 ignem,

28 2069 31 2073 ›
86 2051 126 2081 et
157 2057 247 2080 non
276 2041 410 2089 illum,
441 2041 514 2096 qui
544 2041 742 2082 divinitus
774 2042 892 2082 datus
915 2041 1066 2089 fuerat,
1098 2040 1339 2082 offerente&
1388 2039 1498 2080 Pro-

84 2128 227 2171 pterea
259 2132 355 2168 ergo
388 2119 440 2158 de
468 2118 529 2159 his
560 2118 643 2159 hoc
672 2119 805 2158 modo
837 2117 1023 2172 praefata
1058 2129 1118 2157 est
1147 2118 1236 2157 lex:
1273 2116 1401 2172 ‚,et²)
1432 2117 1499 2158 lo-

87 2205 204 2235 cutus
237 2204 297 2234 est
318 2192 539 2236 Dominus
570 2196 623 2235 ad
654 2195 830 2246 Mosen,
870 2205 1150 2249 posteaquam
1182 2193 1374 2234 defuncti
1403 2205 1501 2235 sunt

87 2271 174 2310 duo
205 2269 280 2310 filii
315 2271 475 2319 Aaron,
506 2271 607 2311 dum
641 2272 846 2314 offerrent
886 2270 1026 2322 ignem
1065 2269 1249 2311 alienum
1281 2280 1377 2312 ante
1406 2269 1502 2311 Do-

45 2404 48 2407 »
86 2346 263 2389 minum.
321 2346 377 2387 Et
408 2346 510 2387 deit
539 2346 754 2388 Dominus
786 2349 838 2389 ad
882 2348 1059 2388 Mosen:
1103 2347 1281 2401 loquere
1319 2347 1373 2387 ad
1414 2348 1500 2387 Aa·

88 2439 170 2464 ron
199 2425 371 2464 fratrem
401 2435 536 2474 tuum,
568 2435 612 2464 ut
642 2440 731 2465 non
762 2424 888 2466 intret
920 2423 1034 2464 omni
1067 2424 1170 2464 hora
1197 2424 1240 2464 in
1268 2433 1407 2465 sancta
1438 2422 1503 2464 in-

209 2580 252 2635 ¹)
282 2580 359 2622 Ed.
391 2582 440 2622 R.
471 2582 512 2623 in
545 2595 679 2624 textu:
720 2583 930 2632 ‚,Abiud‚“
968 2584 1010 2623 in
1042 2582 1174 2623 notis:
1216 2578 1352 2632 „Cod.
1395 2584 1503 2625 San-

39 2676 41 2678 .
91 2652 219 2688 germ.
261 2649 301 2677 et
337 2637 406 2679 alii
449 2639 585 2680 Codd.
627 2640 847 2691 ,‚Ahiud‚*‘
891 2639 1036 2693 sicque
1075 2637 1205 2678 LXX.
1256 2638 1503 2694 interpretes

90 2694 226 2733 Exod.
259 2692 337 2741 Vl,
375 2694 465 2742 23„
506 2712 764 2751 quamquam
807 2712 853 2736 ex
884 2695 1082 2736 Hebraeo
1125 2695 1353 2744 legendum
1385 2706 1505 2738 esset:

92 2747 255 2799 ‚,Abiu“
284 2749 352 2802 (ut
382 2750 539 2792 habent
570 2753 664 2793 edd.
696 2753 795 2808 M),
826 2752 891 2794 vel
922 2752 1135 2804 ‚,Abihu.“
1166 2751 1215 2792 R.

207 2817 252 2872 2)
282 2817 408 2860 Levit.
441 2819 555 2870 XVI,
586 2822 622 2866 1.
656 2823 694 2864 2.

1076 2899 1132 2941 22
1150 2904 1169 2927 ’Ψ
