1752 3136
225 80 254 124 8
832 76 1054 121 Omossms

230 208 311 249 per
350 190 540 234 officium
583 189 778 247 corporis
816 189 1121 234 ministrantur.
1200 191 1361 234 Verum
1409 192 1444 234 si
1483 192 1564 245 vis,
1613 206 1661 235 ut
1725 212 1726 215 ¹

234 271 455 313 ostendam
485 269 563 312 tibi
593 270 647 311 de
678 259 930 325 scripturis,
972 269 1065 326 quis
1097 280 1180 319 est,
1220 285 1344 325 quem
1377 281 1488 313 terra
1518 272 1661 313 multi-

231 347 470 404 plicaverit,
517 347 980 404 intucranpostolum
1021 345 1228 397 Paulum,
1270 349 1494 402 quomodo
1539 349 1660 390 dicit:

232 424 355 482 ‚,si¹)
385 436 528 466 autem
565 423 765 478 viver-⁶3²)
809 423 853 463 in
897 439 1046 473 carne,
1085 423 1155 464 hic
1191 423 1299 466 mihi
1333 426 1495 468 fructus
1525 425 1664 482 operis

235 514 316 552 cst,
351 515 391 543 ct
421 502 527 558 quid
560 501 708 556 eligam
741 501 907 554 ignoro.
986 499 1198 543 Coarctor
1237 502 1350 544 enim
1394 519 1441 544 ex
1485 504 1667 553 duobus,

236 579 495 622 desiderium
525 580 687 620 habens
720 578 909 628 dissolvi,
949 589 989 619 ct
1031 594 1119 620 esse
1157 596 1253 621 cum
1298 578 1490 622 Christo:
1531 581 1667 621 multo

237 656 351 698 enim
381 657 553 699 melius:
591 672 844 712 permanere
882 667 1021 697 autern
1037 654 1083 711 3)
1124 656 1168 697 in
1210 672 1336 698 carne
1363 657 1494 710 magis
1524 673 1671 698 neces-

235 735 395 777 sarium
424 745 605 791 propter
635 739 750 775 vos.“
802 733 932 776 Vides
953 734 1178 789 quomodo
1209 735 1323 775 hunc
1339 734 1385 791 ⁴²)
1415 746 1527 777 terra
1555 736 1669 776 mul-

236 811 428 868 tiplicat?
488 812 606 852 Dum
639 809 752 851 enim
782 822 927 852 manet
954 809 998 851 in
1030 821 1155 860 terra,
1184 809 1229 852 id
1262 823 1334 861 est,
1362 811 1407 852 in
1429 827 1555 852 carne
1584 827 1672 863 sua,

237 888 547 945 multiplicatur
579 889 811 930 condendo
847 887 1054 937 ecclesias,
1082 887 1392 943 multiplicatur
1408 890 1670 944 acquirendo

236 967 452 1021 populum
484 966 596 1016 Deo,
629 977 669 1006 et
699 967 751 1007 ab
783 965 1051 1007 Hierusalem
1081 965 1124 1006 in
1157 964 1334 1007 circuitu
1365 981 1500 1021 usque
1532 967 1585 1006 ad
1615 966 1673 1006 Il-

239 1042 420 1102 lyricum
459 1043 543 1084 Dei
582 1043 861 1095 Evangelium
911 1041 1214 1098 praedicando.
1303 1041 1390 1083 Sed
1440 1042 1673 1094 videamus,

241 1120 345 1176 quid
377 1120 548 1162 additur
576 1121 621 1162 in
653 1120 1025 1176 consequentibus.

353 1199 393 1241 5.
425 1196 705 1254 „Surrexit⁵)
745 1209 909 1248 autem,
948 1197 1106 1253 inquit,
1150 1213 1221 1238 rcx
1255 1196 1357 1239 alius
1388 1196 1432 1238 in
1464 1198 1675 1258 Aegypto,

243 1273 318 1330 qui
346 1274 559 1316 nesciebat
587 1274 762 1331 Joseph.
808 1274 865 1316 Et
889 1275 992 1316 dixit
1011 1275 1123 1328 genti
1141 1291 1261 1316 suae:
1295 1291 1405 1325 ecce,
1433 1290 1532 1328 gens
1561 1275 1675 1316 filio-

243 1369 340 1393 rum
386 1353 515 1393 Israel
554 1352 722 1406 grandis
759 1353 992 1394 multitudo
1036 1364 1116 1402 est,
1164 1364 1203 1393 et
1244 1352 1354 1393 valet
1391 1369 1521 1409 super
1555 1358 1677 1394 nos.“

244 1428 394 1470 Primo
438 1429 633 1471 omnium
664 1429 881 1486 requirere
909 1430 1033 1480 volo,
1074 1429 1166 1485 quis
1198 1441 1257 1470 cst
1286 1446 1357 1471 rex
1385 1428 1430 1470 in
1471 1430 1680 1486 Aegypto,

245 1505 318 1561 qui
347 1506 425 1549 scit
454 1507 631 1563 Joseph,
664 1519 703 1548 et
734 1506 825 1563 quis
857 1518 916 1548 est
945 1523 1029 1557 rex,
1062 1506 1133 1562 qui
1164 1505 1297 1548 nescit
1325 1506 1503 1562 Joseph.
1557 1507 1678 1547 Dum

244 1583 360 1624 enim
389 1584 462 1625 ille
490 1596 698 1636 regnaret,
730 1583 803 1640 qui
832 1584 992 1625 sciebat
1020 1584 1197 1639 Joseph,
1227 1600 1318 1624 non
1339 1585 1586 1625 reseruntur
1617 1585 1679 1625 af-

243 1660 349 1701 flicti
380 1677 468 1703 esse
496 1661 573 1703 filii
604 1661 760 1710 Israel,
800 1676 941 1716 neque
985 1663 1029 1703 in
1075 1662 1166 1702 luto
1208 1673 1247 1702 et
1285 1662 1415 1702 latere
1452 1661 1679 1710 consumti,

242 1754 385 1794 neque
413 1738 592 1780 masculi
615 1754 774 1779 *eorum
804 1737 956 1787 necati,
989 1749 1029 1778 ct
1058 1737 1242 1779 feminae
1271 1736 1511 1780 vivificatae.
1591 1738 1679 1779 Sed

247 1832 345 1856 cum
376 1816 554 1857 surrexit
583 1815 672 1865 iste,
705 1815 779 1871 qui
808 1831 899 1856 non
929 1826 1109 1856 noverat
1137 1815 1314 1870 Joseph,
1346 1826 1386 1855 et
1418 1812 1560 1870 coepit
1588 1815 1680 1871 ipse

243 1906 445 1944 regnare,
484 1904 587 1934 tunc
627 1893 731 1934 hacc
773 1891 917 1933 omnia
956 1904 1065 1945 gesta
1108 1893 1364 1933 referuntur.
1436 1891 1545 1946 Quis
1578 1908 1677 1945 ergo

246 1979 308 2009 est
336 1968 414 2009 iste
443 1985 527 2020 rex,
556 1970 784 2012 videamus.
846 1970 893 2011 Si
931 1968 1147 2011 Dominus
1178 1969 1283 2021 regit
1311 1985 1414 2018 nos,
1456 1980 1496 2011 et
1534 1986 1680 2011 sensus

245 2045 400 2089 mentis
436 2059 606 2089 nostrae
644 2046 906 2089 illuminatus
923 2046 967 2104 ὅ)
1017 2063 1040 2088 a
1078 2046 1273 2088 Domino
1315 2045 1472 2088 Christi
1511 2064 1680 2103 semper

246 2123 500 2166 memoriam
537 2134 676 2174 tenet,
712 2124 868 2173 faciens
906 2124 1036 2174 illud,
1076 2125 1195 2181 quod
1234 2123 1394 2166 Paulus
1433 2125 1487 2166 ad
1527 2125 1678 2167 Timo-

365 2349 410 2403 1>
442 2347 627 2405 Philipp.
660 2350 693 2400 I,
723 2350 791 2392 22.
821 2350 889 2393 23.
920 2351 986 2392 24.

364 2417 411 2473 ²)
441 2419 554 2461 Edd.
585 2419 784 2461 Merlini:
814 2420 1011 2461 viverem.

360 2487 408 2543 ³)
439 2488 572 2531 Deest
601 2494 798 2542 ‚,autem“
829 2488 873 2530 in
906 2491 1001 2532 edd.
1033 2490 1094 2531 Μ.

363 2555 409 2613 4)
438 2558 564 2600 Mss.:
595 2560 738 2609 „hunc
767 2564 910 2601 terra“
943 2571 1020 2601 etc.
1066 2559 1180 2602 Alias
1211 2559 1271 2615 (v.
1304 2576 1337 2600 c.
1369 2557 1415 2599 in
1445 2558 1541 2600 edd.
1573 2557 1680 2612 M.):

248 2614 379 2665 „haec
408 2621 546 2656 terra“
580 2627 657 2658 etc.
685 2616 737 2657 R.

363 2690 409 2746 ⁵)
437 2691 576 2733 Exod.
606 2692 638 2743 1,
670 2691 709 2735 8.
739 2693 778 2735 9.

361 2768 407 2823 ⁶)
436 2768 548 2812 Edd.
580 2769 775 2814 Merlini:
809 2770 1076 2815 illuminatur
1107 2787 1130 2812 a
1163 2769 1357 2823 domino,
1388 2769 1421 2812 si
1455 2767 1611 2813 Christi
1631 2794 1679 2803 —

245 2836 357 2867 tenet
389 2837 469 2867 etc.
