1752 3136
255 128 340 175 346
849 132 1070 176 Omossms

252 258 333 283 nec
367 243 516 295 dignus
549 256 607 286 est
641 244 829 302 jugulari
861 249 913 287 ad
946 250 1074 289 altare
1106 248 1210 297 Dei,
1257 266 1335 291 nec
1375 252 1538 304 sanguis
1583 253 1668 310 ejus

253 323 305 363 ad
335 321 454 363 basin
485 323 624 365 altaris
654 336 839 365 meretur
870 326 1046 366 effundi.

365 400 404 440 4.
435 402 519 441 Sed
559 401 794 452 videamus,
839 401 930 457 quis
973 415 1032 443 est
1064 404 1151 452 hic,
1192 404 1262 459 qui
1304 406 1516 461 accipit¹)
1556 424 1667 457 euni,

251 476 370 532 eujus
399 494 490 519 sors
523 481 812 535 apopompaei
842 481 951 520 facta
985 493 1064 531 est,
1105 494 1151 522 ut
1192 500 1286 522 eum
1329 481 1464 538 ejiciat
1499 484 1541 524 in
1575 500 1664 524 cre-

247 570 380 596 mum,
440 556 686 612 „Hom0‚²)
716 557 866 612 inquit,
896 570 1064 612 paratus
1089 558 1266 614 accipiet
1285 559 1464 611 hircum,
1495 561 1567 616 qui
1597 578 1666 601 ve-

245 633 358 674 nerit
385 633 429 674 in
460 647 619 676 sortem
653 635 763 689 ejus,
805 635 872 674 cui
912 635 1107 676 ceciderit
1148 653 1239 676 sors
1279 638 1588 693 apopompaei,
1627 651 1666 678 ct

245 712 430 753 adducet
461 729 556 753 eum
588 712 632 751 in
664 714 892 751 eremum.“
951 712 1068 753 Finis
1099 713 1219 764 sortis
1250 713 1363 755 istius
1395 731 1560 757 eremus
1592 727 1663 764 est,

243 789 288 830 id
322 801 393 838 est,
423 791 541 829 locus
572 789 782 836 desertus,
822 790 1008 830 desertus
1039 788 1285 839 virtutibus,
1326 792 1512 833 desertus
1550 792 1663 840 Deo,

243 867 428 908 desertus
466 864 649 922 justitia,
701 865 887 906 desertus
920 863 1116 914 Christo,
1165 866 1349 908 desertus
1382 868 1500 909 omni
1528 869 1660 910 bono.

239 941 295 983 Et
323 959 402 984 nos
434 958 534 994 ergo
566 943 752 995 singulos
783 954 925 982 manet
954 958 1045 983 sors
1074 958 1158 982 una
1177 958 1198 983 e
1221 944 1398 987 duabus.
1439 947 1524 986 Aut
1547 946 1661 986 enim

239 1021 351 1060 bene
383 1032 548 1071 agentes
589 1037 680 1062 sors
713 1019 892 1060 Domini
923 1036 1088 1068 sumus,
1129 1031 1201 1060 aut
1231 1021 1342 1062 male
1372 1033 1539 1074 agentes
1568 1040 1660 1063 sors

237 1109 383 1139 nostra
413 1115 494 1139 nos
525 1097 642 1139 ducit
671 1098 725 1137 ad
757 1113 959 1137 eremum.
1008 1096 1080 1137 Vis
1101 1097 1177 1137 tibi
1209 1097 1422 1139 evidenter
1437 1098 1483 1154 3)
1515 1110 1657 1140 osten-

238 1177 352 1226 dam,
384 1176 608 1231 quomodo
649 1176 748 1216 istae
787 1176 896 1214 duae
933 1186 1066 1215 sortes
1107 1191 1275 1230 semper
1317 1188 1572 1231 operentur,
1615 1188 1655 1217 et

234 1252 527 1309 unusquisque
555 1263 749 1293 nostrum
782 1263 852 1292 aut
876 1268 966 1292 sors
997 1251 1190 1301 Domini,
1221 1263 1292 1292 aut
1319 1270 1410 1294 sors
1441 1269 1655 1308 apopom-

233 1332 343 1388 paei,
371 1332 435 1371 vel
467 1331 598 1371 eremi
628 1329 732 1371 fiat?
795 1328 1028 1371 Considera
1061 1329 1104 1370 in
1135 1328 1369 1381 Evangeliis
1399 1328 1517 1370 illum
1551 1330 1656 1370 ‹livi-

231 1421 318 1450 tem
347 1408 554 1449 viventem
584 1406 809 1463 splendide
840 1419 880 1447 et
910 1406 1147 1455 luxuriose,
1189 1417 1228 1446 et
1256 1406 1465 1447 Lazarum
1507 1409 1558 1447 ad
1591 1407 1652 1463 ja-

229 1503 362 1527 nuam
394 1484 479 1542 ejus
508 1482 730 1541 jacentem,
760 1483 972 1524 ulceribus
1002 1483 1201 1538 plenum,
1243 1494 1284 1523 et
1314 1482 1556 1538 cupientem
1587 1500 1653 1525 sa-

228 1563 363 1605 turari
394 1564 448 1603 de
477 1561 609 1612 micis,
641 1578 749 1618 quae
781 1563 989 1602 cadebant
1020 1563 1232 1602 demensa
1264 1559 1413 1609 divitis,
1444 1559 1535 1615 quis
1557 1561 1651 1602 finis

230 1640 472 1692 designatur
500 1639 737 1695 utriusque:
769 1651 990 1688 „mortuus
1008 1636 1054 1693 4)
1086 1650 1167 1688 est,
1197 1638 1370 1693 inquita
1387 1637 1580 1687 Lazarus,
1612 1651 1652 1680 et

230 1719 437 1759 abductus
468 1728 526 1758 est
556 1718 609 1758 ab
642 1716 796 1769 angelis
827 1716 869 1756 in
887 1716 932 1771 5)
961 1715 1100 1756 sinum
1134 1704 1382 1758 Abrahami.
1445 1716 1650 1758 Similiter

226 1807 369 1836 autem
400 1805 440 1835 et
480 1793 614 1843 dives,
667 1805 706 1834 et
744 1794 951 1834 abductus
993 1804 1052 1833 est
1098 1793 1151 1833 ad
1182 1792 1395 1834 infernum
1427 1793 1470 1833 in
1501 1794 1646 1835 locum

225 1871 469 1913 tormenti.“
547 1870 854 1911 Animadvertis
886 1869 1100 1911 evidenter
1129 1871 1225 1910 loca
1271 1870 1396 1911 sortis
1426 1871 1646 1926 utriusque

226 1950 431 1991 distincta.
488 1948 598 1989 Vide
628 1948 750 1988 etiam
784 1947 856 2003 qui
885 1959 1002 1996 sunt,
1046 1948 1117 2002 qui
1156 1947 1397 1987 abducunt:
1419 1947 1465 2002 ⁶)
1496 1949 1646 2000 angeli,

224 2026 374 2083 inquit,
406 2026 478 2082 qui
506 2042 675 2080 semper
704 2025 841 2081 parati
869 2037 966 2066 sunt
996 2026 1050 2065 ad
1084 2025 1398 2065 abducendum.
1459 2024 1643 2067 Ministri

218 2105 337 2146 ‘euim
369 2103 452 2144 Dei
481 2115 578 2145 sunt
608 2104 662 2144 ad
692 2103 776 2143 hoc
804 2103 945 2159 ipsum
979 2101 1186 2150 destinati,
1217 2101 1290 2156 qui
1314 2100 1521 2155 impleant
1550 2119 1642 2144 sor-

223 2195 327 2233 tem,
374 2199 502 2239 quam
533 2180 612 2221 tibi
641 2180 732 2237 ipse
762 2180 984 2236 paraveris.
1056 2180 1102 2221 Si
1134 2180 1246 2220 enim
1277 2181 1388 2220 bene
1418 2178 1577 2229 vixeris,
1606 2179 1641 2221 si

340 2329 384 2386 1)
414 2329 525 2371 Edd.
552 2327 748 2369 Merlini:
787 2328 957 2383 accepit.

333 2400 381 2455 2)
419 2399 506 2440 Csr.
536 2398 660 2440 Levit.
691 2397 809 2448 XVI,
837 2399 876 2440 9.
909 2400 972 2442 10.

336 2471 384 2527 3)
413 2470 462 2512 In
492 2468 610 2509 libris
640 2479 761 2510 antea
793 2468 913 2509 editis
946 2471 1079 2510 deest:
1116 2465 1394 2515 ‚‚evidenter,“
1427 2467 1544 2520 quod
1569 2483 1633 2506 re-

217 2527 399 2571 stituitur
429 2544 476 2568 ex
506 2526 605 2567 Mss.
638 2526 686 2565 Ra
718 2549 771 2557 —-
801 2525 941 2566 Exstat
971 2523 1236 2576 „evidenter“
1264 2524 1307 2563 in
1339 2523 1436 2564 edd.
1466 2522 1526 2564 M.

334 2597 380 2651 4)
412 2596 498 2638 Cfr.
531 2597 629 2637 Luc.
659 2596 777 2646 XVI,
806 2597 872 2638 22.
904 2596 971 2638 23.
1007 2596 1102 2636 coll.
1136 2594 1230 2634 edd.
1261 2593 1313 2634 N.
1347 2592 1395 2634 T.

333 2668 379 2721 ⁵)
411 2667 518 2708 Cod.
549 2668 824 2718 Sangerman.
866 2665 935 2716 „in
973 2666 1087 2707 sinus
1127 2664 1355 2705 Abraham.
1426 2663 1629 2705 Similiter

217 2737 256 2766 et
287 2724 399 2766 dives
428 2724 634 2764 abductus
666 2736 724 2765 est
755 2723 800 2764 in
831 2724 976 2764 locum
1007 2721 1246 2762 tormenti.“
1276 2722 1326 2762 R.

329 2792 376 2847 6)
405 2792 522 2832 Libri
563 2793 661 2834 editi
698 2794 756 2849 (v.
797 2811 829 2836 c.
862 2795 957 2835 edd.
990 2792 1098 2846 M.);
1135 2793 1383 2840 „adducunt
1414 2791 1533 2846 (edd.
1564 2789 1624 2829 M.

214 2848 495 2904 adducant)
537 2848 694 2903 angeli,
734 2875 785 2884 --
828 2853 882 2894 ad
923 2849 1265 2893 adducendum.“
1324 2847 1411 2890 Sed
1451 2846 1548 2889 Mss,
1579 2856 1625 2886 ut

212 2907 256 2949 in
286 2919 434 2950 nostro
466 2917 591 2948 textu.
622 2904 660 2945 R
