1752 3136
272 144 357 189 196
874 142 1097 184 Omont-us

273 257 418 313 ma,¹)
449 272 558 312 quae
588 255 733 298 fecerit
762 272 895 296 unum
927 257 981 297 de
1011 253 1221 296 mandatis
1241 253 1435 305 Domini,
1467 257 1582 311 quod
1614 272 1703 297 non
1734 242 1738 243 ⁷

273 334 375 377 fiet?
432 334 486 375 Et
516 333 699 375 fortassis
728 333 939 388 aliquibus
977 332 1190 374 videbitur
1231 331 1412 387 error2)
1453 332 1705 374 elocutionis

274 428 351 469 per
379 412 631 467 interpretes
661 411 817 452 sactus:
842 411 915 452 sed
946 411 1050 451 mihi
1085 410 1290 452 curiosius
1321 408 1551 464 inquirenti
1587 426 1703 450 com-

274 501 445 545 pertum
476 500 534 529 est
565 505 711 529 omnes
741 487 990 543 interpretes
1020 487 1209 529 similiter
1247 487 1497 542 protulisse,
1537 498 1577 527 et
1606 486 1704 526 ideo

273 583 366 608 non
398 565 651 607 elocutionis
682 582 823 614 error,
863 566 937 606 sed
978 563 1271 620 profundioris
1311 562 1610 614 intelligentiae
1640 579 1708 603 re-

276 643 557 699 requirendus
598 654 655 684 est
689 658 845 683 sensus.
912 641 961 680 In
1002 652 1207 696 quantum
1252 657 1348 694 ergo
1391 641 1515 681 nobis
1556 655 1707 681 occur-

275 736 368 761 rere
397 730 554 775 potest,
594 719 697 758 haec
735 717 841 758 mihi
882 716 1048 757 videtur
1077 716 1300 759 absolutio.
1373 717 1579 758 Mandata
1611 716 1708 756 Do-

274 796 379 837 mini
409 795 620 850 quaedam
653 794 749 833 data
778 803 890 842 sunt,
920 804 967 833 ut
995 793 1111 842 fiant,
1147 795 1366 848 quaedam,
1397 805 1443 834 ut
1470 809 1557 834 non
1591 792 1706 832 fiant.

275 873 359 915 Sed
394 887 453 920 ea,
487 885 595 925 quae
625 867 717 910 fieri
747 869 916 919 debent,
946 869 1166 910 necessitas
1196 871 1393 924 poposcit
1421 871 1632 918 humana,
1661 880 1708 908 ut

230 999 235 1004 ¹
274 951 428 992 inserta
457 947 538 989 illis
566 947 882 1003 proferrentur,
924 962 1031 1002 quae
1062 945 1153 987 fieri
1182 962 1270 986 non
1305 946 1522 989 deberent.
1577 943 1709 985 Verbi

276 1027 420 1081 gratia,
451 1050 503 1058 —
533 1035 579 1065 ut
611 1024 664 1064 de
695 1023 757 1065 his
787 1022 901 1078 ipsIs,
929 1039 1038 1078 quae
1056 1040 1169 1064 nunc
1200 1024 1406 1064 habemus
1429 1023 1473 1064 in
1499 1021 1710 1071 manibus,

275 1102 488 1146 sacrificiis
513 1102 784 1158 proferamus
814 1101 1056 1156 exemplum
1088 1128 1157 1150 —,
1186 1116 1317 1152 agnus
1339 1100 1554 1141 immolari
1585 1097 1707 1155 jube-

276 1193 346 1222 tur
362 1179 408 1235 3)
438 1178 482 1220 in
512 1178 689 1227 Pascha,
719 1193 809 1218 non
840 1178 957 1233 quod
974 1177 1020 1233 4)
1050 1194 1146 1218 vere
1177 1177 1271 1230 agni
1302 1176 1484 1217 hostiam
1514 1193 1592 1231 per
1621 1175 1706 1216 sin-

278 1259 398 1310 gulos
429 1271 564 1297 annos
594 1254 828 1310 requireret
857 1255 994 1304 Deus,
1032 1257 1105 1296 sed
1144 1256 1263 1309 quod
1298 1252 1595 1308 designaret⁵)
1627 1252 1708 1293 im-

274 1333 429 1374 molari
461 1333 618 1374 debere
647 1330 767 1372 illum
800 1347 968 1382 agnum,
999 1330 1072 1387 qui
1090 1330 1135 1386 ⁶)
1166 1330 1279 1372 tollit
1295 1342 1518 1386 peccatum
1543 1329 1707 1370 mundi.

275 1411 372 1451 Hoc
404 1425 502 1462 ergo
534 1408 626 1449 fieri
655 1407 804 1457 voluit,
833 1405 943 1449 illud
973 1407 1122 1448 noluit.
1182 1408 1252 1449 Sic
1290 1408 1401 1448 enim
1431 1423 1508 1462 per
1538 1406 1707 1447 Esaiam

276 1487 402 1529 dicit:
433 1485 608 1542 ‚,quo⁷)
638 1484 744 1526 mihi
774 1484 1090 1526 multitudinem
1114 1484 1418 1525 sacrificiorum
1438 1482 1708 1524 vestrorum?

276 1564 379 1607 dicit
406 1562 638 1605 Dominus.
696 1561 852 1603 Plenus
883 1579 975 1603 sum
1008 1560 1265 1603 holocaustis
1299 1559 1499 1609 adetum,
1544 1572 1583 1601 et
1615 1559 1707 1602 atli-

275 1658 374 1698 pem
396 1657 618 1694 agnorum,
650 1651 689 1681 et
714 1637 959 1691 sanguinem
991 1639 1224 1689 hircorum,
1259 1651 1298 1680 et
1318 1652 1538 1680 taurorum
1559 1639 1708 1679 nolo.“

274 1719 465 1767 Audisti,
494 1716 719 1773 quomodo
750 1733 842 1756 non
870 1716 959 1756 vult
997 1715 1181 1756 hostiam
1214 1715 1413 1764 arietum,
1451 1731 1531 1756 nec
1562 1714 1707 1770 adipes

274 1793 515 1848 agnorum?
576 1791 708 1833 Dedit
735 1804 876 1833 tamen
906 1793 1180 1841 mandatum,
1210 1792 1434 1847 quomodo
1465 1792 1530 1832 vel
1560 1803 1708 1832 tauro-

274 1889 371 1915 rum
402 1872 467 1912 vel
497 1885 704 1922 agnorum
736 1867 873 1911 hostia
911 1869 1085 1909 deberet
1117 1869 1277 1910 offerri.
1351 1868 1436 1910 Sed
1470 1868 1541 1923 qui
1570 1870 1706 1919 legem

271 1948 547 2006 spiritualiter
574 1945 779 1999 intelligit,
808 1944 1082 2001 spiritualiter
1112 1945 1216 1985 haec
1247 1944 1410 2000 quaerit
1429 1946 1599 1990 offerre.
1659 1946 1705 1988 Si

273 2042 374 2069 vero
406 2023 556 2082 quis⁸)
583 2023 819 2066 secundum
848 2021 1034 2081 speciem
1063 2021 1252 2063 mandati
1281 2023 1458 2065 carnalis
1490 2022 1704 2072 obtulerit,

284 2161 395 2170 -ο

393 2250 438 2304 ¹)
467 2248 589 2291 Mss.:
620 2246 828 2298 „anima.“
882 2245 1000 2288 Libri
1031 2245 1128 2288 editi
1162 2246 1222 2304 (v.
1253 2263 1289 2291 c.
1321 2248 1416 2288 edd.
1446 2245 1553 2301 M.):
1583 2246 1701 2296 „ani-

271 2313 428 2348 mam.“
457 2307 512 2349 R.

390 2378 438 2430 2)
467 2377 589 2417 Blss.:
617 2391 766 2424 „error
796 2372 1046 2416 elocutionis
1076 2397 1130 2404 -—
1160 2374 1333 2414 factus.“
1361 2371 1478 2413 Libri
1509 2371 1610 2413 editi
1639 2372 1703 2428 (v,

274 2451 310 2477 c.
339 2435 433 2475 edd.
465 2432 573 2487 M):
604 2446 818 2480 „errorem
850 2430 1078 2471 locutionis
1111 2454 1162 2461 —
1193 2430 1394 2470 factum.“
1423 2429 1474 2469 R.

386 2502 434 2559 ³)
469 2502 555 2544 Cfr.
585 2500 723 2545 Exod.
752 2499 848 2540 XII.
964 2497 1010 2554 4)
1040 2499 1151 2542 Edd.
1183 2496 1371 2559 Merlini:
1406 2515 1505 2553 quo.

389 2572 434 2627 ⁵)
467 2573 575 2614 Cod.
606 2567 976 2624 Sangermanensis
1005 2569 1176 2625 (itemq.
1207 2569 1301 2610 edd.
1332 2566 1440 2622 Μ.);
1477 2566 1697 2619 „designa-
1750 2620 1752 2626 Ι

271 2635 375 2672 ret.“
432 2629 551 2670 Libri
582 2627 705 2670 editi:
734 2625 1049 2679 „significaret.“
1077 2626 1130 2667 R.
1750 2633 1752 2637 ⁴

389 2698 435 2753 ⁶)
467 2697 575 2739 Cod.
615 2697 912 2749 Sangerman.:
949 2694 1048 2751 „qui
1085 2692 1196 2735 tollit
1236 2704 1458 2748 peccatum
1506 2691 1697 2733 mundi.“
1750 2705 1752 2712 ·

269 2755 387 2798 Libri
419 2753 518 2794 editi
550 2754 609 2809 (v,
632 2769 665 2794 c.
683 2754 779 2794 edd.
798 2750 902 2806 M.):
932 2751 1036 2807 „qui
1057 2751 1226 2792 tolleret
1241 2761 1414 2806 peccata
1433 2748 1622 2790 mundi.“
1643 2749 1695 2790 R.
1751 2783 1752 2803 ζ

386 2822 432 2878 ⁷)
462 2821 587 2863 Jesai.
617 2820 649 2869 1,
677 2821 742 2864 11.

383 2892 430 2942 ὅ)
462 2891 574 2937 Cod.
593 2890 885 2945 sangerman.:
902 2874 1022 2948 „quis
1038 2914 1090 2926 —
1109 2888 1324 2943 obtulerit,
1343 2888 1448 2932 hacc
1462 2897 1520 2931 est
1530 2885 1698 2929 anima“
1748 2884 1752 2907 ¹
