1752 3136
519 140 565 172 m
606 133 804 172 Exonvm
836 128 1037 169 HommA
1069 125 1118 166 11.
1474 125 1528 168 21

108 257 247 288 autem
279 244 433 287 fortior
461 244 592 284 factus
624 253 694 291 est,
725 253 826 283 tunc
866 240 1083 281 inducitur
1115 239 1167 280 ad
1200 253 1315 286 eam,
1352 249 1392 277 et
1422 239 1527 280 ado-

103 335 248 380 ptatur
276 323 320 364 in
349 320 499 362 filium.
557 318 700 360 Moses
732 330 896 366 autern,
936 315 1035 372 quia
1075 317 1141 357 lex
1181 315 1443 370 appellatur,
1480 315 1525 356 in

102 400 244 441 multis
272 397 377 439 locis
405 396 490 452 jam
520 411 644 450 saepe
685 395 908 437 dissertum
950 405 1022 434 est.
1091 391 1278 433 Veniens
1316 406 1415 442 ergo
1456 407 1525 432 ec-

104 477 226 518 clesia
259 475 312 515 ad
343 489 471 528 aquas
500 471 719 528 baptismi,
760 471 943 527 suscepit
983 470 1105 511 etiam
1137 470 1294 520 legem,
1326 484 1434 523 quae
1462 478 1524 510 ta-

100 570 200 594 men
229 553 293 592 lex
325 561 413 592 erat
434 548 542 589 intra
572 548 680 590 tibin
714 547 926 597 conclusa,
955 547 1052 602 pice
1083 559 1123 587 et
1141 545 1348 587 bitumine
1380 544 1524 587 oblita.

100 629 218 671 Tibis
250 644 378 679 genus
409 636 467 667 est
496 624 710 677 tegminis,
752 641 798 665 ex
840 625 960 676 virgis
1002 635 1074 665 aut
1105 641 1152 665 ex
1181 640 1347 680 papyro
1378 633 1526 662 conte-

99 718 228 754 xtum,
257 706 322 745 vel
357 703 480 744 etiam
513 720 559 743 ex
593 704 795 743 arborum
823 701 980 743 cortice
1003 705 1250 750 formatum,
1277 699 1386 740 intra
1405 698 1525 754 quod

97 782 274 839 injectus
306 781 444 822 infans
473 780 697 820 videbatur
727 778 952 834 expositus.
995 779 1174 820 Jacebat
1204 793 1303 829 ergo
1334 778 1399 817 lex
1416 792 1522 816 con-

99 861 211 901 clusa
241 859 351 899 intra
382 856 629 899 huiusmodi
649 856 850 906 tegmina,
882 868 922 897 et
948 856 1044 912 pice
1074 873 1121 897 ac
1141 854 1352 898 bitumine
1374 853 1520 902 oblita,

97 938 248 978 vilibus
278 947 318 976 et
347 935 492 976 terreis
511 934 553 988 ¹)
584 934 851 974 Judaeorum
882 933 1073 974 sensibus
1095 934 1298 975 sordebat
1331 932 1523 986 obsepta,

96 1030 228 1070 usque
261 1029 346 1068 quo
377 1011 552 1053 ecclesia
584 1009 745 1050 veniret
776 1027 822 1051 ex
853 1011 1057 1061 gentibus,
1089 1022 1130 1051 et
1159 1012 1398 1051 adsumeret
1428 1024 1521 1048 eam

97 1093 150 1132 de
182 1089 303 1131 luteis
334 1100 372 1129 et
400 1088 657 1144 palustribus
687 1088 814 1136 locis,
852 1098 980 1142 atque
1010 1087 1119 1128 intra
1148 1085 1376 1142 sapientiae
1405 1085 1520 1126 aulas

95 1179 134 1208 et
165 1166 318 1218 regalia
347 1177 456 1206 tecta
498 1164 786 1206 conscisceret.
856 1163 974 1204 Haec
1012 1176 1154 1204 tamen
1195 1165 1259 1205 lex
1295 1161 1519 1205 infantiam

95 1261 213 1285 suam
244 1244 359 1299 apud
389 1260 488 1284 suos
517 1241 716 1294 transigit.
773 1243 903 1296 Apud
932 1240 1029 1282 illos
1060 1242 1187 1291 enim,
1219 1241 1292 1297 qui
1320 1238 1518 1295 spiritua—

92 1322 187 1362 liter
218 1337 310 1361 eam
338 1319 574 1371 intelligere
602 1318 808 1367 nesciunt,
838 1320 1013 1373 parvula
1047 1331 1106 1360 est
1136 1330 1175 1360 ct
1204 1320 1356 1366 infans,
1387 1329 1428 1358 et
1456 1316 1518 1356 la-

94 1397 296 1439 ctentium
334 1397 493 1438 habens
537 1398 666 1438 cibos.
747 1395 857 1436 Cum
891 1413 990 1437 vero
1041 1396 1094 1436 ad
1135 1393 1353 1436 ecclesiam
1391 1392 1518 1442 venit,

94 1492 192 1515 cum
225 1475 425 1515 ecclesiae
462 1473 701 1525 ingreditur
742 1475 943 1522 domum,
981 1473 1136 1514 fortior
1173 1483 1235 1512 est
1266 1483 1307 1512 et
1336 1469 1517 1511 validior

93 1551 248 1593 Moses.
295 1553 457 1592 Amoto
488 1550 600 1591 enim
615 1549 823 1591 velamine
847 1550 1004 1600 literae,
1033 1551 1246 1605 perfectus
1262 1549 1307 1589 in
1332 1548 1518 1588 lectione

93 1627 180 1683 ejus
211 1627 341 1677 cibus,
372 1639 411 1668 et
439 1627 600 1668 solidus
632 1626 856 1668 invenitur.
917 1627 1035 1681 Quid
1063 1638 1205 1667 tamen
1227 1636 1299 1674 est,
1329 1626 1449 1689 quod
1479 1634 1518 1664 et

90 1705 333 1745 mercedem
361 1703 724 1746 nutrimentorum
757 1721 778 1744 a
810 1705 894 1746 filia
927 1703 1108 1762 percipit
1135 1701 1395 1751 Pharaonis,
1427 1701 1514 1750 illa,

90 1783 207 1838 apud
238 1797 365 1837 quam
394 1781 460 1821 lex
491 1792 530 1821 et
557 1792 655 1822 nata
687 1793 759 1830 est,
790 1793 828 1822 et
864 1778 1054 1824 nutrita?
1116 1779 1235 1835 Quid
1274 1791 1354 1830 est,
1397 1780 1517 1835 quod

89 1874 298 1917 synagoga
328 1857 480 1912 accipit
509 1859 562 1899 de
602 1858 807 1901 ecclesia?
865 1852 976 1900 Puto
1017 1858 1126 1899 illud
1162 1855 1340 1909 intelligi
1379 1872 1515 1912 posse,

91 1937 211 1991 quod
237 1936 353 1977 idem
382 1935 524 1976 Bloses
553 1935 710 1985 scribit,
741 1936 901 1977 dicens:
934 1936 1100 1990 ‚‚ego²)
1139 1934 1184 1976 in
1222 1951 1312 1975 non
1346 1945 1514 1987 gentem

89 2013 134 2053 in
165 2013 493 2053 aemulationem
521 2029 595 2054 vos
625 2013 839 2063 inducam,
868 2012 911 2054 in
925 2025 1093 2065 gentem
1108 2010 1378 2067 insipientem
1401 2011 1446 2052 in
1463 2009 1510 2065 ³)

90 2089 197 2130 iram
229 2106 301 2131 vos
332 2090 599 2132 concitabo.“
655 2091 711 2132 Et
740 2107 948 2149 synagoga
980 2106 1079 2143 ergo
1113 2092 1165 2131 de
1196 2089 1368 2131 ecclesia
1396 2087 1511 2129 istud

88 2167 294 2207 mercedis
323 2166 497 2222 accipit,
533 2179 581 2209 ut
617 2169 727 2209 ultra
757 2167 876 2209 idola
902 2184 993 2208 non
1024 2168 1146 2208 colat.
1203 2166 1365 2208 Videas
1396 2163 1510 2206 enim

89 2259 174 2291 eos,
205 2241 277 2297 qui
307 2258 355 2282 ex
384 2245 577 2294 gentibus
605 2257 714 2295 sunt,
743 2244 801 2287 ita
831 2245 886 2286 ad
913 2247 1059 2286 Deum
1075 2259 1302 2284 conversos
1333 2259 1431 2292 esse,
1460 2253 1509 2282 ut

86 2321 198 2361 ultra
225 2319 344 2360 idola
371 2321 574 2371 nesciant,
600 2321 744 2364 Deum
771 2332 942 2377 praeter
971 2338 1107 2362 unum
1135 2321 1351 2362 neminem
1383 2335 1510 2361 vene-

86 2408 247 2447 rentur,
274 2396 365 2452 ipsa
395 2397 602 2439 erubescit
629 2400 747 2441 idola
785 2400 897 2440 ultra
925 2397 1012 2456 jam
1044 2399 1197 2440 colere.
1258 2398 1376 2439 Istud
1407 2413 1507 2449 ergo

86 2473 236 2529 recipit
262 2473 461 2515 beneficii
497 2475 551 2515 de
589 2476 761 2518 ecclesia
788 2492 1022 2534 synagoga,
1062 2476 1181 2532 quod
1218 2474 1256 2516 ei
1286 2475 1507 2531 parvulam

86 2551 268 2593 nutrisse
295 2550 380 2592 visa
411 2563 470 2593 est
496 2554 643 2605 legem.
711 2552 798 2593 Sed
837 2564 877 2594 et
913 2570 992 2595 nos
1024 2552 1148 2594 etiam
1176 2551 1209 2596 si
1238 2552 1508 2596 Pharaonem

1447 2608 1466 2635 x

211 2740 251 2793 ¹)
280 2740 402 2782 Mss.:
431 2740 572 2790 „tetris
601 2741 868 2784 Judaeorum
898 2723 1125 2788 sensibus-‘⁶
1158 2744 1209 2785 R.

204 2809 252 2862 ²)
277 2810 407 2851 Deut.
435 2810 628 2862 XXXII,
657 2813 723 2857 21.

205 2878 252 2933 ³)
283 2879 392 2924 Edd.
421 2879 616 2924 Merlini:
645 2881 689 2924 in
719 2880 781 2923 ira
812 2896 891 2928 etc.
