1752 3136
513 85 558 114 m
589 73 848 114 anmcum
878 69 1079 111 HommA
1103 70 1175 111 111.
1486 72 1568 116 199

134 188 266 227 sactus
299 198 369 235 est,
399 201 573 242 peccare
602 183 750 225 fecerit
779 181 1022 237 populum?
1065 180 1268 222 Ausculta
1310 193 1349 222 et
1380 184 1433 223 de
1463 183 1561 234 hoc,

132 262 167 304 si
196 265 307 304 forte
338 279 434 304 cum
455 261 498 316 ¹)
527 261 666 315 aliqua
697 256 1000 312 consequentia
1032 273 1256 313 possumus
1285 260 1557 313 respondere.

132 339 277 382 Passio
320 337 476 380 Christi
521 334 790 378 credentibus
830 334 1002 390 quidem
1042 333 1192 384 vitam,
1231 345 1417 375 mortem
1456 352 1557 376 vcro

130 433 222 458 non
259 413 526 458 credentibus
564 411 743 454 confert.
818 410 1023 466 Quamvis
1062 410 1176 452 enim
1214 411 1325 453 salus
1365 411 1558 463 gentibus

131 494 183 535 sit
211 510 289 550 per
315 507 485 533 crucem
516 487 618 546 ejus,
646 500 687 528 et
715 486 971 544 justificatio,
1000 487 1177 529 Judaeis
1201 499 1344 529 tamen
1367 487 1557 530 interitus

131 582 192 612 est
222 581 261 610 ct
291 566 608 609 condemnatio.
669 564 738 605 Sic
771 564 881 606 enim
916 576 955 605 et
982 564 1186 620 scriptum
1210 577 1269 606 est
1289 566 1394 621 in2)
1417 566 1558 607 Evan-

127 645 262 698 gelio:
291 643 488 696 „ecce‚3)
518 643 587 684 hic
616 654 738 683 natus
769 653 831 683 est
857 642 914 682 ad
945 641 1112 683 ruinam
1144 654 1184 684 et
1201 643 1554 685 resurrectionem

125 723 402 763 muhorumf‘
458 720 515 761 Et
543 720 627 761 hoc
659 720 793 760 modo
823 736 902 775 pcr
930 731 1151 775 peccatum
1182 737 1330 770 suum,
1366 719 1450 761 hoc
1481 731 1555 770 est,

124 814 203 854 per
233 814 404 838 carnem
434 797 540 853 in4)
581 812 752 837 crucem
785 809 944 847 actam,
991 797 1036 838 in
1082 814 1166 853 qua
1202 809 1345 839 nostra
1380 808 1556 852 peccata

121 886 374 931 susceperat,
403 891 482 915 nos
513 873 687 929 quidem
718 873 936 915 credentes
965 872 1160 915 liberavit
1189 891 1211 915 a
1239 885 1437 929 peccato:
1471 891 1555 929 po-

119 952 273 1008 pulum
302 968 402 992 vero
433 967 524 992 non
555 951 797 991 credentem
829 966 1008 1005 peccare
1037 951 1156 1001 fecit,
1201 950 1354 1006 quibus
1393 951 1446 992 ad
1485 950 1552 991 in·-

121 1027 381 1070 credulitatis
420 1026 605 1076 malum,
653 1026 778 1067 etiam
819 1026 1086 1081 sacrilegii⁵)
1135 1028 1307 1069 accessit
1344 1027 1550 1083 impietas.

120 1104 176 1146 Et
205 1105 288 1145 hoc
317 1104 452 1145 modo
481 1103 672 1159 pontifex
710 1102 786 1144 iste
828 1120 907 1158 per
944 1121 1067 1145 suum
1109 1115 1333 1160 peccatum
1372 1120 1553 1160 peccare

120 1180 333 1236 populum
363 1179 474 1232 fecit,
507 1181 609 1220 dum
641 1179 685 1221 in
717 1196 845 1221 carne
872 1180 1057 1236 positus,
1088 1192 1128 1222 et
1157 1182 1289 1223 teneri
1318 1182 1483 1238 potuit,
1512 1194 1553 1223 et

123 1257 272 1299 occidi.
330 1259 442 1299 Nam
471 1274 698 1313 ponamus,
728 1257 846 1298 verbi
876 1257 1020 1310 gratia,
1049 1258 1083 1300 si
1113 1258 1331 1300 Dominus
1357 1258 1551 1316 majesta-

119 1336 171 1376 tis
201 1352 291 1376 non
323 1335 500 1376 venisset
529 1334 574 1375 in
606 1350 752 1384 carne,
781 1351 873 1375 non
903 1334 1102 1387 arguisset
1131 1336 1344 1386 Judaeos,
1381 1353 1471 1377 non
1502 1337 1550 1378 iis

120 1411 266 1453 fuisset
295 1411 426 1464 gravis
460 1411 586 1452 etiam
619 1412 674 1453 ad
704 1411 961 1461 videndum,
998 1429 1088 1453 non
1128 1412 1275 1468 utique
1304 1412 1438 1454 teneri
1466 1431 1549 1469 po-

118 1487 275 1537 tuisset,
306 1488 506 1542 nequefi)
546 1489 600 1529 ad
628 1499 813 1530 mortem
843 1487 973 1529 tradi:
1016 1505 1239 1544 nunquam
1278 1489 1368 1531 sine
1413 1491 1548 1532 dubio

119 1564 298 1606 venisset
326 1564 492 1616 sanguis
526 1563 615 1621 ejus
652 1581 782 1620 super
821 1565 955 1620 ipsos,
1000 1576 1039 1605 et
1078 1582 1207 1621 super
1242 1567 1352 1608 filios
1383 1584 1547 1609 eorum.

120 1641 207 1682 Sed
240 1640 338 1693 quia
368 1640 480 1681 venit
510 1643 552 1683 in
584 1658 732 1691 carne,
785 1653 824 1682 et
868 1658 949 1697 pro
988 1643 1117 1683 nobis
1157 1655 1381 1698 peccatum
1413 1646 1549 1686 sactus

117 1730 192 1768 cst,
222 1729 262 1759 et
292 1718 397 1759 haec
427 1717 515 1773 pati
544 1717 706 1773 potuit,
754 1717 916 1758 idcirco
957 1717 1048 1773 ipse
1080 1717 1234 1760 dicitur
1261 1736 1438 1775 peccare
1464 1737 1547 1777 po-

117 1795 271 1850 pulum
302 1793 459 1844 secisse,
491 1793 563 1850 qui
593 1795 694 1835 fecit
723 1811 818 1835 eum
849 1794 894 1835 in
924 1810 968 1835 se
995 1811 1119 1850 posse
1148 1812 1336 1851 peccare.

227 1875 268 1915 2.
300 1872 386 1913 Sed
416 1872 631 1913 videamus
660 1870 768 1928 jam,
815 1870 918 1926 quid
948 1871 1031 1923 agit
1060 1882 1100 1912 et
1127 1870 1203 1912 ista
1235 1874 1398 1922 anima,
1439 1891 1548 1930 quae

116 1948 237 1990 audit
269 1965 418 1989 vocem
446 1947 687 2005 juramenti,
719 1960 757 1989 et
787 1948 898 1990 testis
930 1959 1001 1997 cst,
1032 1948 1098 1989 vel
1121 1965 1231 2004 quae
1253 1950 1355 1991 vidit
1370 1952 1546 2006 aliquid,

117 2037 158 2066 et
189 2025 356 2067 conscia
389 2037 469 2076 est,
501 2036 540 2066 et
568 2042 659 2066 non
687 2025 869 2076 indicat,
911 2036 1074 2081 ex'quo
1108 2027 1270 2082 accepit
1301 2027 1425 2068 etiam
1455 2027 1549 2084 ipsa

116 2113 340 2158 peccatum
372 2101 460 2158 ejus
488 2101 579 2143 sine
610 2103 766 2154 dubio,
806 2103 939 2160 qui⁷)
969 2102 1116 2160 inique
1155 2115 1228 2144 aut
1259 2103 1339 2156 egit
1371 2104 1545 2161 aliquid,

237 2219 279 2273 Ι)
311 2218 427 2260 Libri
468 2219 567 2261 editi
607 2220 665 2276 (v.
696 2239 728 2265 c.
761 2223 858 2267 edd.
887 2222 1001 2277 M.):
1043 2240 1168 2274 „cum
1210 2222 1350 2278 aliqua
1389 2239 1544 2264 conso-

115 2274 307 2372 nantia.‘l‘2
368 2275 506 2318 Codd.
550 2276 773 2322 Beccensis
814 2291 855 2321 et
893 2280 1170 2333 Sangerman.
1209 2291 1258 2320 ut
1305 2278 1350 2321 in
1396 2291 1544 2322 nostro

113 2342 242 2374 textu.
297 2360 324 2374 .-

228 2401 274 2456 2)
304 2401 411 2444 Cod.
442 2402 837 2454 sangermanensis:
870 2405 942 2458 „in
971 2405 1252 2460 Evangeliis.“
1282 2405 1333 2448 R.

230 2471 278 2528 3)
310 2472 409 2513 Luc.
442 2472 494 2522 ῙῘ,
522 2472 590 2515 34.

232 2541 280 2598 ⁴)
309 2543 420 2585 Edd.
450 2542 643 2583 Meriini:
674 2542 718 2583 in
750 2561 875 2586 cruce
905 2557 1056 2588 actam.

234 2612 280 2667 ⁵)
312 2612 452 2654 Codd.
492 2612 766 2655 Cadomensis
808 2625 847 2655 et
888 2614 1161 2666 Sangerman.
1202 2616 1414 2672 (itemque
1445 2616 1541 2657 edd.

117 2668 224 2726 M.):
256 2668 525 2721 „sacrilegii.“
582 2668 699 2710 Libri
731 2670 850 2712 editi:
881 2673 1148 2728 ,‚sortilegii.“
1179 2673 1229 2716 R.

233 2735 280 2792 ⁶)
310 2735 423 2783 Edd.
452 2737 647 2780 Merlini:
680 2750 718 2780 et
748 2757 887 2798 ncque
919 2754 994 2786 etc.

235 2805 281 2861 ⁷)
310 2805 422 2850 Edd.
452 2807 648 2852 Mei-lini:
678 2810 789 2867 quia.
