1752 3136
253 56 354 133 400‘
847 85 1068 128 Omana-13

254 207 398 246 oleum
428 196 769 249 misericordiae,
818 198 961 240 oleum
1003 215 1184 255 operum
1216 202 1455 251 bonorum,
1495 216 1574 242 nec
1604 202 1671 244 in-

252 293 375 322 venta
416 291 474 320 cst
511 278 625 332 apud
667 292 739 318 eos
777 276 957 332 puritas,
1002 302 1053 309 —
1102 295 1260 334 purum
1298 294 1485 334 namque
1525 278 1670 319 oleum

254 358 536 415 quaerebatur
566 355 618 395 ad
648 353 795 395 lumen
828 379 899 404 —,
940 367 979 395 et
1021 355 1118 411 quia
1160 354 1312 396 defecit
1351 356 1394 397 in
1434 355 1482 396 iis
1526 357 1671 396 oleum

251 432 580 481 misericordiae,
608 432 845 473 necessario
877 433 1075 473 exstincta
1106 434 1278 474 lucerna
1310 443 1378 474 est.
1449 432 1535 473 Sed
1567 432 1672 487 quid

252 514 461 561 dicemus,
503 510 599 566 quia
640 508 719 551 illis
757 509 859 549 haec
891 521 1143 560 evenerunt,
1188 525 1209 549 a
1249 506 1375 550 nobis
1405 524 1503 550 vero
1537 507 1672 548 aliena

254 602 349 632 sunt
376 586 484 630 ista?
540 587 634 627 Iuro
667 585 806 642 major
847 602 946 626 cura
987 597 1045 626 cst
1078 585 1320 627 Christiano
1368 585 1450 627 olei
1489 587 1671 641 conqui-

252 666 388 708 rendi.
447 665 558 706 Vide
589 663 723 711 enim,
765 663 989 717 quomodo
1030 662 1244 704 Dominus
1282 662 1326 703 in
1371 662 1670 717 Evangeliis¹)

249 761 328 801 per
356 742 608 800 parabolam
638 740 785 782 stultas
815 739 993 792 virgines
1024 738 1232 787 nominat,
1266 755 1374 794 quae
1406 740 1547 780 oleum
1579 756 1671 780 non

249 822 480 879 portabant
507 819 551 859 in
580 816 756 859 vasculis
785 817 892 857 suis:
925 827 965 858 et
993 815 1036 856 in
1068 827 1234 857 tantum
1265 816 1432 865 stultas,
1461 828 1530 866 ut,
1561 833 1672 872 quo-

251 883 542 940 niam'defuit
580 893 628 934 iis
670 894 814 934 oleum
856 893 908 933 ad
954 892 1269 934 succendendas
1312 894 1529 948 lampades
1569 910 1675 943 suas,

249 973 442 1016 thalamis
473 972 664 1013 exclusae
692 969 776 1015 sim
803 970 1074 1025 nuptiarum,
1111 985 1189 1009 nec
1230 970 1518 1024 pulsantibus,
1567 987 1676 1026 quae

253 1054 335 1094 olei
367 1066 512 1091 curam
541 1049 823 1099 neglexerant,
853 1049 963 1088 ultra
994 1045 1149 1101 aperiri
1170 1043 1335 1101 jusserit
1357 1063 1549 1102 sponsus.
1578 1047 1675 1088 Me-

249 1130 354 1172 mini
393 1140 537 1169 tamen
586 1126 751 1167 dudum
790 1141 891 1174 nos,
951 1140 1047 1165 cum
1091 1122 1306 1164 centesimi
1343 1123 1497 1165 decimi
1538 1124 1675 1166 octavi

250 1207 404 1266 psalmi
445 1218 753 1259 exponeremus
796 1201 918 1242 illum
947 1201 1223 1249 versiculum,
1267 1200 1311 1241 in
1352 1218 1438 1256 quo
1468 1201 1674 1257 scriptum

253 1299 331 1328 cst:
360 1285 562 1334 „lucerna
579 1280 625 1336 ²)
654 1278 836 1336 pedibus
864 1278 969 1318 meis
998 1279 1063 1318 lex
1092 1291 1184 1329 tua,
1216 1277 1428 1328 Domine,
1460 1290 1498 1319 et
1528 1279 1674 1320 lumen

251 1363 408 1406 semitis
438 1360 540 1400 meis
555 1363 592 1399 :“
623 1356 902 1398 diversitatem
932 1356 1131 1395 lucernae
1172 1368 1211 1396 et
1249 1355 1353 1396 lucis
1390 1372 1471 1411 pro
1517 1355 1674 1398 viribus

252 1439 492 1482 ostendisse.
551 1435 813 1475 Dicebamus
844 1431 970 1480 enim,
1001 1432 1116 1485 quod
1150 1432 1368 1473 lucernam
1397 1432 1569 1488 quidem
1599 1450 1677 1490 pe-

253 1518 390 1565 dibus,
420 1514 464 1555 id
495 1525 567 1562 est,
596 1510 873 1552 inferioribus
904 1508 1098 1564 corporis
1129 1509 1576 1566 partibus—deputarit,
1606 1512 1674 1552 lu-

253 1612 347 1636 cem
375 1608 476 1633 vero
508 1588 662 1631 semitis
695 1587 871 1636 dederit,
902 1602 1011 1643 quae
1040 1585 1211 1626 semitae
1229 1586 1275 1626 in
1306 1586 1388 1628 alio
1420 1588 1519 1629 loco
1549 1589 1673 1630 semi-

251 1684 319 1713 tae
352 1682 546 1712 aeternae
573 1664 863 1708 nominantur.
919 1662 1031 1717 Quia
1064 1680 1161 1715 ergo
1191 1665 1428 1706 secundum
1460 1667 1676 1720 quandam

251 1749 476 1804 mysticam
507 1743 717 1786 rationem
747 1740 968 1795 inferiores
997 1752 1135 1796 partes
1157 1752 1371 1782 creaturae
1390 1743 1577 1783 mundus
1607 1742 1676 1783 hic

251 1825 510 1876 intelligitur,
542 1822 639 1863 ideo
671 1820 845 1859 lucerna
876 1817 976 1869 legis
1008 1818 1083 1867 his,
1116 1817 1188 1873 qui
1218 1818 1262 1858 in
1285 1817 1368 1858 hoc
1391 1819 1556 1859 mundo
1579 1830 1675 1860 tan-

255 1920 382 1960 quam
423 1903 548 1942 totius
589 1908 805 1938 creaturae
843 1895 974 1950 pedes
1013 1906 1130 1944 sunt,
1184 1911 1358 1936 accensa
1396 1908 1672 1937 memoratur.

251 1982 343 2022 Lux
375 1991 515 2020 autem
547 1986 715 2016 aeterna
749 1972 825 2014 erit
853 1971 933 2013 illis
964 1971 1140 2021 semitis,
1181 1988 1258 2026 per
1300 1989 1401 2028 quas
1441 1972 1486 2013 in
1526 1973 1672 2014 futuro

252 2057 420 2100 saeculo
452 2051 742 2107 unusquisque
771 2067 851 2106 pro
883 2047 1043 2090 meritis
1072 2049 1255 2090 incedet.
1327 2049 1412 2090 Sed
1453 2050 1506 2091 de
1535 2049 1599 2091 his
1628 2050 1675 2092 in

251 2152 327 2176 suo
359 2133 460 2173 loco
492 2128 753 2170 sufficienter
780 2143 860 2182 pro
890 2126 1044 2168 nostris
1065 2124 1221 2167 viribus
1247 2126 1407 2168 dictum
1429 2138 1499 2168 est.
1546 2127 1674 2168 Nunc

253 2227 351 2263 crgo
385 2207 590 2265 quoniam
620 2221 790 2260 vespera
823 2216 905 2253 est,
953 2214 991 2244 et
1034 2219 1119 2243 nox
1149 2219 1285 2258 usque
1315 2205 1369 2245 ad
1401 2220 1676 2246 consumma-

250 2289 413 2329 tionem
442 2285 611 2332 saeculi,
644 2294 682 2324 et
711 2298 844 2337 usque
875 2297 960 2337 quo
992 2297 1127 2321 novus
1159 2279 1246 2321 dies
1283 2280 1414 2321 futuri
1449 2281 1605 2322 saecuh'
1636 2292 1676 2323 et

250 2381 389 2406 novae
428 2363 532 2403 lucis
573 2361 793 2412 effulgeat,
834 2359 953 2400 ardet
989 2357 1222 2413 unicuique
1264 2369 1459 2398 nostrum
1499 2356 1675 2398 lucerna

250 2443 368 2490 haec,
397 2441 440 2481 in
472 2451 637 2479 tantum
669 2437 945 2491 splendorem
983 2433 1154 2475 luminis
1195 2435 1425 2489 praebens,
1466 2444 1673 2488 quantum

253 2519 336 2560 olei
368 2517 490 2572 copia
521 2516 711 2555 ubertate
744 2530 922 2568 operum
954 2510 1081 2551 fuerit
1101 2509 1347 2552 ministrata.
1406 2509 1606 2565 Denique
1635 2521 1675 2550 et

249 2595 336 2637 Job
367 2595 412 2635 in
444 2593 634 2648 quodam
663 2590 785 2640 loco,
826 2605 925 2630 cum
963 2588 1080 2628 bona
1121 2603 1301 2643 operum
1331 2602 1507 2630 suorum
1541 2601 1672 2642 expo-

371 2767 415 2821 ¹)
446 2765 536 2806 Cfr.
569 2764 722 2805 Matth.
753 2763 893 2813 XXV,
924 2764 960 2804 1.
992 2778 1105 2816 seqq.

365 2836 410 2892 2)
442 2835 596 2879 Psalm.
625 2833 781 2886 CXIX,
811 2833 907 2877 105.
935 2831 1184 2887 (CXVIII.)
