1752 3136
480 117 527 147 m
555 106 813 169 Levia-rcum
842 103 1045 144 ΗοΜιιῐΑ
1071 102 1165 145 vn,
1442 107 1526 151 307

111 219 172 259 vel
206 218 320 273 quod
353 215 537 264 Judaeis,
570 216 632 256 vel
661 215 717 263 id,
750 214 865 268 quod
898 211 1023 264 vulgo
1057 213 1242 262 videtur,
1273 214 1526 270 accipiamus

113 295 292 350 quaein
322 295 411 345 lege
441 292 592 346 scripta
625 276 745 338 sunt,
792 289 995 330 erubesco
1039 288 1199 339 dicere,
1239 302 1278 330 et
1319 292 1524 344 confiteri,

113 371 210 427 quia
241 371 339 412 tales
377 371 484 421 leges
523 366 686 408 dederit
726 366 857 407 Deus.
925 365 1199 408 Videbuntur
1243 367 1354 408 enim
1393 369 1525 422 magis

115 449 318 499 elegantes
349 457 388 485 et
417 442 688 484 rationabiles
721 443 945 484 hominum
976 443 1107 494 leges,
1143 444 1258 484 verbi
1288 444 1430 497 gratia,
1460 448 1523 487 vel

112 525 424 569 Romanorum,
468 520 532 559 vel
575 518 913 569 Atheniensium,
960 520 1024 560 vel
1068 520 1522 565 Lacedaemoniorum.

112 601 157 642 Si
186 615 282 639 vero
313 598 545 639 secundum
578 596 687 636 hanc
718 594 1052 648 intelligentiam,
1082 612 1209 652 quam
1233 597 1359 638 docet
1389 601 1521 640 eccle-

107 676 178 725 sia,
209 674 438 729 accipiatur
467 672 550 713 Dei
581 674 660 721 lex,
690 683 790 713 tunc
819 672 948 727 plane
977 689 1123 713 omnes
1150 668 1521 730 humanas‘super-

108 751 264 792 eminet
293 752 422 803 leges,
464 761 503 790 et
534 765 628 790 vere
657 749 741 790 Dei
772 750 834 790 lex
868 765 954 790 esse
995 751 1203 791 credetur.
1273 751 1420 806 Itaque
1460 751 1521 793 his

106 828 163 869 ita
202 829 460 884 praemissis,
513 825 744 881 spirituali,
791 837 838 866 ut
879 826 1246 875 commonuimus,
1288 828 1525 880 intelligen-

106 906 162 946 tia
205 906 258 945 de
295 903 464 944 mundis
487 891 543 943 *et
581 901 815 943 immundis
855 901 1108 943 animalibus
1149 903 1290 959 aliqua
1320 905 1523 959 perstrin-

106 996 263 1034 gamus.

218 1058 257 1099 6.
286 1054 540 1109 „Omne,¹)
577 1052 736 1109 inquit,
775 1069 924 1109 pecus,
965 1056 1082 1109 quod
1122 1057 1322 1108 ungulam
1365 1057 1524 1109 dividit,

109 1146 149 1176 et
176 1134 351 1184 ungulas
382 1132 530 1180 habet,
571 1142 610 1171 et
647 1130 812 1171 reducit
848 1129 1181 1172 ruminationem
1210 1133 1254 1173 in
1283 1133 1523 1189 pecoribus,

107 1213 210 1252 haec
241 1207 562 1251 manducabitis.
632 1205 854 1247 Praeterea
895 1208 947 1247 ab
990 1207 1051 1249 his
1079 1225 1168 1249 non
1199 1209 1522 1260 manducabitis,

106 1303 215 1344 quae
242 1287 451 1328 reducunt
488 1283 843 1332 ruminationem,
889 1295 929 1324 et
964 1301 1055 1325 non
1097 1284 1292 1326 dividunt
1330 1288 1522 1339 ungulas,

110 1378 149 1408 et
179 1366 337 1415 habent
366 1362 557 1414 ungulas.
626 1359 844 1407 camelus,
891 1361 1095 1415 quoniam
1133 1360 1296 1402 reducit
1334 1363 1523 1404 rumina-

103 1443 279 1489 tionem,
311 1450 351 1480 et
379 1437 582 1488 ungulam
612 1453 701 1497 non
734 1435 894 1486 dividit,
923 1437 1192 1478 immundum
1228 1438 1304 1479 erit
1333 1439 1416 1481 hoc
1448 1457 1523 1481 vo-

106 1515 185 1560 bis.
231 1517 285 1557 Et
303 1517 432 1570 lepus,
464 1512 665 1568 quoniam
692 1513 858 1553 reducit
877 1514 1221 1564 ruminationem,
1253 1527 1291 1556 et
1323 1518 1522 1569 ungulam

107 1612 198 1637 non
230 1592 387 1640 dividit,
418 1590 686 1631 immundum
719 1588 803 1630 hoc
838 1589 914 1630 erit
945 1590 1088 1631 vobis:
1121 1602 1162 1632 et
1183 1591 1400 1642 erinacius,
1425 1594 1522 1649 quia

105 1669 270 1712 reducit
299 1667 642 1715 ruminationem,
674 1677 711 1706 et
729 1667 928 1715 ungulam
955 1683 1044 1708 non
1072 1667 1230 1717 dividit,
1252 1667 1524 1713 immundum

108 1748 191 1787 hoc
211 1745 354 1785 vobis:
383 1753 423 1784 et
438 1748 570 1792 sues,“
603 1753 640 1782 et
658 1753 808 1782 cetera.
839 1742 1042 1784 Decernit
1063 1759 1174 1796 ergo,
1191 1759 1245 1784 ne
1261 1746 1523 1786 manducen-

105 1834 176 1864 tur
190 1820 436 1881 hujusmodi
455 1818 665 1868 animalia,
685 1834 792 1874 quae
819 1834 864 1858 ex
885 1830 1004 1874 parte
1027 1819 1224 1860 videntur
1248 1835 1331 1862 esse
1347 1823 1521 1871 munda,

107 1912 211 1942 etex
240 1910 359 1953 parte
390 1898 632 1939 immunda:
662 1897 768 1937 sicut
793 1896 978 1937 camelus
1008 1912 1053 1936 ex
1085 1912 1148 1945 eo,
1180 1898 1295 1951 quod
1326 1897 1524 1947 ruminat,

108 1977 294 2018 mundus
324 1973 510 2023 videtur,
543 1990 588 2014 ex
620 1989 670 2013 eo
703 1984 867 2021 autem,
898 1974 1013 2028 quod
1044 1974 1223 2025 ungulas
1254 1973 1402 2015 divisas
1431 1990 1521 2015 non

111 2055 250 2101 habet,
278 2051 524 2100 immundus
554 2048 721 2090 dicitur.
780 2049 882 2089 Post
918 2050 1021 2090 haec
1055 2046 1138 2105 jam
1170 2049 1365 2090 nominat
1396 2063 1435 2090 et
1463 2053 1523 2091 lc-

109 2146 275 2187 porem,
307 2139 345 2168 et
377 2126 618 2174 erinacium,
647 2126 719 2166 sed
752 2136 792 2166 et
821 2126 932 2181 ipsos
965 2124 1065 2167 dicit
1093 2125 1306 2167 ruminare
1337 2126 1523 2181 quidem,

109 2208 180 2249 sed
213 2205 388 2256 ungulas
416 2217 503 2243 non
537 2201 742 2245 dividere..
793 2201 936 2243 Alium
962 2218 1062 2242 vero
1093 2202 1286 2243 ordinem
1318 2203 1418 2244 facit
1449 2220 1521 2244 eo—

110 2300 219 2332 rum,
250 2280 322 2337 qui
354 2296 376 2321 e
409 2277 622 2320 contrario
652 2280 854 2331 ungulam
886 2278 1058 2334 quidem
1095 2279 1300 2328 dividunt,
1329 2282 1401 2321 sed
1430 2298 1520 2321 non

111 2361 336 2402 ruminant.
395 2355 587 2398 Primum
621 2371 717 2407 ergo
750 2355 985 2403 videamus,
1015 2354 1087 2409 qui
1116 2366 1213 2395 sunt
1241 2355 1319 2405 isti,
1349 2356 1420 2411 qui
1451 2374 1522 2398 ru-

109 2438 286 2486 minant,
318 2446 355 2476 et
382 2432 585 2484 ungulam
616 2431 823 2481 dividunt,
852 2447 957 2487 quos
972 2432 1158 2472 mundos
1181 2429 1379 2488 appellat.
1429 2434 1521 2487 Ego

112 2513 295 2554 arbitror
324 2511 444 2552 illum
478 2509 561 2550 dici
590 2508 825 2559 ruminare,
872 2508 945 2563 qui
987 2524 1161 2564 operam
1205 2509 1276 2549 dat
1312 2508 1523 2558 scientiae,

113 2601 152 2630 et
189 2589 233 2628 in
270 2589 359 2640 lege
396 2585 575 2627 Domini
616 2584 844 2627 meditatur
882 2585 949 2626 die
980 2602 1040 2644 'ac
1078 2595 1216 2625 nocte.
1284 2585 1369 2627 Sed
1409 2585 1522 2632 audi,

231 2808 274 2863 ¹)
305 2806 436 2852 tevit,
468 2808 544 2860 XI,
573 2809 716 2852 3—7.

1097 2883 1154 2924 20
1173 2888 1194 2910 ε
