1752 3136
218 140 276 182 70
819 139 1041 182 Omessms

335 251 400 293 10.
431 251 669 301 „Inducens
689 251 731 306 ¹)
750 251 896 307 planta
914 268 986 294 eos
1006 251 1049 293 in
1072 262 1219 293 monte
1238 248 1481 292 hereditatis
1515 255 1653 294 tuae.“

222 328 323 369 Non
354 327 443 368 vult
470 344 549 370 nos
579 328 698 369 Deus
727 328 772 368 in
808 330 999 386 Aegypto
1030 330 1248 385 plantare,
1294 344 1373 369 nec
1405 328 1448 369 in
1481 326 1654 385 dejectis

224 416 263 446 et
291 404 336 446 in
366 406 598 447 humilibus
627 404 757 455 locis,
803 408 876 448 sed
906 406 950 447 in
981 417 1129 447 monte
1159 405 1404 448 hereditatis
1436 421 1537 448 suae
1566 406 1656 446 vult

222 483 429 538 plantare,
461 499 568 539 quos
598 483 772 538 plantat.
832 483 946 524 Tum
979 494 1195 539 praeterea
1228 484 1346 539 quod
1380 483 1518 524 addit:
1562 482 1656 533 „in-

227 560 385 600 ducens
401 559 446 614 ²)
478 561 623 615 planta
656 565 776 602 eos:“
807 578 909 601 num
943 560 1019 601 tibi
1051 559 1217 601 videtur
1239 572 1442 615 tanquam
1464 560 1517 600 de
1547 575 1655 615 pue-

225 635 280 677 ris
312 637 466 686 dicere,
497 638 569 692 qui
596 639 862 678 inducuntur
893 639 947 680 ad
977 638 1157 688 scholas,
1188 638 1454 678 inducuntur
1475 638 1529 678 ad
1559 636 1656 677 lite-

225 730 315 763 ras,
355 713 620 755 inducuntur
660 715 713 754 ad
747 730 920 755 omnem
953 714 1270 756 eruditionem?
1332 713 1525 766 Intellige
1556 730 1655 767 ergo

226 807 305 846 per
333 791 453 841 haec,
483 791 516 832 si
546 803 688 832 tamen
721 791 850 832 habes
882 808 1002 833 aures
1034 790 1249 841 audiendi,
1280 792 1506 846 quomodo
1540 791 1658 833 Deus

225 868 412 923 plantat:
442 884 496 908 ne
527 869 659 918 forte,
701 885 799 910 cum
843 867 961 910 audis
992 884 1089 909 eum
1120 869 1347 918 inducere5
1387 879 1426 909 et
1453 869 1660 924 plantare,

226 955 348 1000 putes
380 961 476 986 eum
508 945 613 988 ficus
641 945 686 986 in
716 956 841 995 terra,
873 956 945 985 aut
975 946 1055 986 alia
1087 944 1386 1003 hujuscemodi
1405 945 1451 999 3)
1481 946 1658 998 virgulta

229 1020 424 1074 defigere.
484 1023 597 1064 Audi
629 1034 668 1063 et
697 1023 797 1063 alibi
831 1025 1053 1078 quomodo
1079 1025 1242 1078 plantat
1260 1023 1392 1064 Deus.
1436 1022 1657 1079 Propheta

228 1097 348 1140 dicit:
379 1099 574 1149 „vineam
593 1098 638 1154 4)
671 1117 718 1141 ex
750 1100 943 1158 Aegypto
975 1101 1238 1151 transtulisti,
1271 1112 1309 1141 et
1338 1099 1532 1156 expulisti
1557 1116 1659 1154 gen-

226 1186 303 1226 tes,
333 1188 373 1217 et
401 1177 600 1233 plantasti
632 1193 739 1219 eam.
784 1176 982 1219 Pervium
1003 1177 1082 1218 iter
1107 1178 1241 1220 fecisti
1268 1189 1364 1219 ante
1396 1194 1502 1227 eam,
1531 1178 1657 1234 plan-

224 1251 320 1294 tasti
348 1251 511 1294 radices
543 1252 643 1309 ejus,
677 1264 716 1294 et
745 1254 914 1309 replesti
942 1265 1111 1295 terram.
1165 1253 1346 1310 Operuit
1366 1267 1533 1296 montes
1563 1273 1660 1296 um-

227 1330 305 1372 bra
337 1329 439 1387 ejus,
470 1342 510 1371 et
528 1332 699 1372 arbusta
723 1330 811 1388 ejus
837 1333 986 1372 cedros
1013 1331 1136 1373 Dei.“
1182 1332 1408 1374 Advertisti
1427 1330 1525 1389 jam,
1546 1348 1659 1388 quo-

226 1409 362 1449 modo
395 1409 559 1464 plantat
588 1408 721 1458 Deus,
755 1420 794 1449 ct
822 1409 898 1449 ubi
926 1407 1120 1465 plantat?
1170 1410 1271 1450 Non
1303 1411 1464 1465 plantat
1495 1410 1539 1451 in
1570 1409 1659 1450 val-

227 1482 353 1534 libus,
380 1486 455 1526 sed
483 1485 530 1527 in
559 1485 778 1526 montibus
809 1485 989 1535 excelsis,
1022 1497 1063 1525 et
1089 1485 1343 1528 sublimibus
1373 1487 1488 1530 locis.
1537 1486 1661 1540 Quos

228 1562 342 1601 enim
374 1561 517 1603 educit
547 1562 599 1603 de
629 1564 851 1618 Aegypto,
887 1579 994 1619 quos
1027 1564 1079 1603 de
1109 1564 1278 1605 saeculo
1320 1564 1495 1606 adducit
1525 1566 1579 1605 ad
1609 1566 1660 1606 fi-

231 1640 353 1689 dem,
391 1656 483 1680 non
522 1640 611 1680 vult
651 1657 721 1682 eos
761 1640 915 1681 iterum
960 1641 1004 1681 in
1036 1641 1268 1682 humilibus
1300 1643 1536 1693 collocare,
1584 1643 1660 1683 sed

231 1716 598 1758 conversationem
630 1734 782 1759 eorum
813 1718 902 1758 vult
932 1735 1019 1759 esse
1048 1719 1289 1760 sublimem.
1358 1718 1462 1759 Vult
1503 1736 1583 1760 nos
1612 1717 1657 1759 in

229 1794 451 1835 montibus
481 1794 687 1843 habitare,
722 1796 796 1835 sed
826 1793 869 1835 in
901 1794 998 1850 ipsis
1016 1794 1292 1837 nihilominus
1316 1795 1537 1837 montibus
1567 1812 1659 1837 non

231 1867 324 1913 vult
349 1888 430 1912 nos
459 1887 588 1927 super
616 1882 771 1912 terram
803 1887 965 1926 repere,
996 1888 1075 1912 nec
1107 1872 1216 1912 ultra
1237 1873 1324 1913 vult
1342 1872 1508 1913 vineam
1539 1889 1660 1914 suam

231 1948 354 1990 humi
385 1947 571 2007 dejectos
600 1949 758 1990 habere
788 1951 972 1999 fructus,
1000 1951 1073 1990 sed
1105 1953 1191 1990 vult
1220 1950 1415 2005 palmites
1447 1948 1535 2007 ejus
1563 1967 1660 1992 sur-

230 2043 324 2067 sum
357 2026 469 2077 duci,
497 2027 542 2068 in
573 2028 658 2067 alto
683 2025 902 2076 collocari,
929 2028 1123 2069 traduces
1147 2026 1249 2075 fieri,
1283 2040 1322 2068 et
1340 2027 1534 2068 traduces
1567 2044 1659 2068 non

229 2102 274 2145 in
308 2105 634 2160 quibuscunque
663 2103 895 2145 humilibus
926 2104 1174 2154 arboribus,
1213 2107 1286 2146 sed
1323 2103 1366 2145 in
1400 2104 1588 2155 excelsis,
1621 2116 1660 2146 et

230 2181 276 2222 in
315 2181 522 2224 altissimis
563 2180 696 2223 cedris
735 2181 832 2223 Dei.
906 2182 1069 2225 Cedros
1109 2182 1192 2223 Dei
1234 2198 1310 2234 ego
1348 2183 1578 2238 prophetas
1620 2193 1660 2223 et

229 2260 466 2314 Apostolos
494 2271 615 2315 puto,
647 2259 800 2315 quibus
829 2275 908 2300 nos
937 2258 970 2301 si
1000 2257 1283 2315 adjungamur
1312 2260 1416 2309 vitis,
1445 2276 1573 2315 quarn
1605 2259 1660 2300 de

232 2337 424 2394 Aegypto
456 2337 665 2378 transtulit
696 2336 827 2386 Deus,
859 2347 900 2376 et
929 2352 1007 2391 per
1037 2353 1179 2378 ramos
1211 2354 1360 2378 eorum
1400 2335 1534 2378 nostri
1563 2337 1658 2392 pal-

232 2414 352 2455 mites
385 2415 703 2463 diffundantur,
747 2424 873 2468 atque
912 2413 1010 2468 ipsis
1049 2414 1180 2455 innixi
1222 2416 1415 2456 traduces
1446 2414 1657 2470 quaedam

234 2490 470 2531 efficiamur
499 2490 678 2532 caritatis
709 2492 763 2531 ad
801 2489 980 2530 invicem
1015 2491 1192 2533 vinculis
1223 2492 1424 2542 connexi,
1466 2492 1656 2533 fructum

231 2568 322 2607 sine
352 2567 485 2609 dubio
517 2568 752 2623 plurimum
783 2568 1035 2609 adferemus.
1108 2570 1217 2610 Nam
1247 2568 1476 2625 ‚‚0mnis⁵)
1514 2570 1656 2618 arbor,

354 2690 396 2747 ¹)
428 2692 565 2734 Exod.
596 2694 693 2744 XV,
723 2697 787 2738 17.
909 2695 955 2749 ²)
985 2696 1123 2737 Exod.
1155 2695 1248 2745 XV,
1280 2696 1344 2738 17.

346 2762 393 2817 ³)
423 2763 534 2805 Edd.
565 2763 763 2805 Merlini:
794 2765 1055 2821 hujusmodi.
1131 2800 1135 2804 N

350 2832 396 2886 ⁴)
427 2832 580 2874 Psalm.
612 2833 789 2883 LXXX,
821 2835 859 2878 8.
890 2836 929 2878 9.
961 2835 1211 2892 (LXXIX.)

352 2901 395 2956 ⁵)
425 2902 575 2944 Matth.
608 2903 699 2952 VH,
731 2904 795 2948 19.
