1752 3136
221 93 304 138 138
815 93 1044 138 Omonms

218 207 395 258 figuram
426 223 517 247 non
545 207 685 249 solum
715 207 758 247 in
798 208 1007 263 praesenti
1045 209 1212 250 saectsso
1258 207 1456 249 ecclesiae
1487 209 1641 259 datam,

219 300 365 325 verum
396 284 521 325 ctiam
550 283 595 324 in
626 286 771 325 futuro
803 287 1067 326 servandam.
1137 283 1251 325 Audi
1283 284 1491 340 denique,
1538 284 1641 341 quid

218 360 432 402 Dominus
463 361 575 402 dicat
603 360 645 401 in
678 360 913 413 cvangelio:
952 377 1076 411 „cum
1100 360 1144 417 ¹)
1183 360 1358 411 sederit,
1389 361 1548 417 inquit,
1590 362 1641 402 fi-

218 439 297 480 lius
327 437 511 480 hominis
539 455 666 494 super
694 439 897 480 thronum
927 438 1088 493 gloriae
1116 455 1241 487 suae,
1271 438 1469 480 sedebitis
1499 450 1538 480 et
1568 455 1643 480 vos

219 532 347 572 super
401 517 630 558 duodecim
678 518 879 565 thronos,
934 514 1169 573 judicantes
1220 516 1450 557 duodecim
1505 516 1642 557 tribus

216 593 384 636 Israel.“
442 592 570 634 Vides
601 609 725 646 ergo,
771 591 869 647 quia
910 608 999 633 non
1028 594 1167 634 solum
1209 592 1422 634 Dominus
1465 590 1640 649 judicat,

218 670 287 712 cui
318 686 446 712 omne
475 668 680 726 judicium
724 681 845 725 pater
875 668 1018 718 dedit,
1061 670 1136 710 sed
1175 682 1215 711 et
1245 669 1462 711 constituit
1492 669 1572 711 sibi
1603 681 1644 710 ct

218 748 324 790 alios
353 746 590 803 principes,
621 746 694 801 qui
723 744 915 801 judicent
943 746 1158 801 populum
1191 748 1244 787 de
1273 747 1513 788 minoribus
1543 763 1643 787 cau-

214 827 281 875 sis,
311 825 487 866 verbum
506 834 663 872 autem,
693 823 811 877 quod
837 823 1000 875 gravius
1029 821 1168 872 fuerit,
1199 824 1384 864 referant
1403 824 1458 864 ad
1487 823 1642 879 ipsum.

219 902 387 944 Idcirco
420 900 588 943 dicebat
605 900 650 957 ²)
683 911 723 941 et
752 899 971 942 Dominus
1003 900 1056 940 de
1088 901 1277 955 quodam
1310 899 1502 955 quidem,
1543 900 1642 955 quia

215 996 340 1032 „reus
374 978 452 1021 erit
482 978 661 1020 consilio
676 982 712 1026 ,“
753 978 805 1018 dc
835 977 919 1019 alio
951 988 1116 1017 autem:
1158 993 1282 1027 „reus
1323 975 1401 1018 erit
1437 975 1641 1034 judicio‚“

217 1071 257 1100 et
287 1059 341 1100 de
371 1057 476 1098 alio:
519 1071 641 1106 „reus
680 1054 756 1096 erit
789 1054 1006 1106 gehennae
1034 1053 1181 1105 ignis.“
1247 1055 1335 1097 Sed
1367 1064 1408 1094 et
1440 1055 1493 1095 de
1524 1053 1642 1094 omni

215 1136 348 1177 verbo
381 1134 518 1176 otioso
550 1131 734 1174 dicimur
763 1131 1014 1188 praestaturi
1045 1131 1280 1181 rationem,
1322 1142 1362 1172 et
1403 1147 1495 1172 non
1526 1130 1641 1180 dixit,

217 1213 315 1270 quia
346 1212 444 1254 Deo
474 1209 781 1268 praestabimus
812 1208 1046 1259 rationem,
1075 1207 1183 1250 sicut
1212 1210 1265 1249 de
1292 1207 1483 1266 perjurio
1516 1207 1641 1249 dicit:

214 1289 453 1344 „reddes³)
501 1299 641 1329 autem
679 1286 872 1327 Domino
911 1285 1150 1341 juramenta
1200 1289 1313 1326 tua.“
1394 1286 1556 1326 Verum
1601 1296 1641 1326 et

214 1367 384 1422 „regina
403 1365 448 1421 ⁴)
479 1363 620 1406 Austri
648 1375 787 1416 surget
813 1363 859 1404 in
901 1361 1062 1419 judicio
1094 1379 1191 1403 cum
1235 1361 1328 1403 viris
1358 1361 1640 1414 generationis

214 1442 354 1500 hujus,
382 1453 423 1483 et
453 1440 757 1482 condemnabit
785 1445 897 1481 eos.“
955 1439 1067 1480 Ecce
1104 1450 1145 1480 et
1176 1438 1292 1479 aliud
1320 1437 1469 1495 judicii
1499 1455 1640 1491 genus.

214 1519 392 1576 „Qui⁵)
422 1519 551 1560 habet
580 1534 701 1559 aures
731 1514 947 1568 audiendi,
976 1514 1165 1558 audiat!“
1209 1516 1326 1557 Haec
1357 1515 1479 1559 enim
1496 1515 1640 1557 omnia

213 1610 338 1655 typus
378 1608 418 1638 et
457 1596 611 1636 umbra
652 1606 749 1637 sunt
790 1593 1062 1643 coelestium,
1111 1605 1150 1634 et
1193 1593 1334 1645 imago
1380 1595 1637 1634 futurorum.

213 1676 375 1716 Verum
414 1673 581 1727 sicutss)
622 1671 829 1727 scriptum
869 1670 1067 1723 legimus,
1109 1670 1206 1725 quia
1249 1686 1364 1720 „non
1385 1670 1430 1726 ⁷)
1467 1669 1639 1713 satiatur

215 1753 365 1794 oculus
395 1750 594 1799 videndo,
623 1766 702 1790 nec
733 1749 843 1790 auris
873 1747 1131 1825 audienndof‘
1161 1763 1240 1787 nec
1255 1764 1336 1789 nos
1362 1748 1503 1789 satiari
1534 1765 1635 1804 pos-

216 1846 360 1871 sumus
389 1828 597 1869 intuendo
630 1837 670 1866 et
700 1824 1038 1873 considerando,
1069 1839 1177 1879 quae
1205 1823 1360 1881 scripta
1391 1837 1500 1875 sunt,
1532 1837 1638 1881 quot

215 1923 264 1948 ex
292 1905 482 1962 partibus
520 1921 598 1945 nos
629 1902 873 1951 aedificent,
916 1901 1081 1958 quantis
1117 1918 1196 1943 nos
1233 1900 1444 1943 instruant
1483 1902 1637 1945 modis.

212 1984 385 2026 Etenim
417 1999 514 2024 cum
544 1980 769 2038 perspicio,
801 1979 919 2035 quod
944 1979 1088 2021 Moses
1118 1979 1328 2034 propheta
1353 1978 1450 2019 Deo
1469 1979 1637 2034 plenus,

215 2062 283 2103 cui
312 2062 431 2103 Deus
460 2059 569 2102 facie
599 2061 652 2100 ad
680 2058 832 2099 faciem
863 2058 1135 2112 loquebatur,
1165 2055 1390 2097 consilium
1421 2056 1584 2111 accepit
1613 2071 1637 2096 a

213 2140 364 2181 Jethro
403 2137 625 2180 sacerdote
666 2135 866 2184 Madian,
920 2135 1202 2176 admiratione
1246 2132 1379 2175 nimia
1413 2145 1635 2189 stuporem
1679 2147 1684 2153 ·
1748 2152 1752 2154 ·

332 2336 378 2389 ¹)
407 2335 559 2376 Matth.
589 2332 710 2385 XIX,
738 2332 804 2374 28.
924 2331 965 2386 2)
996 2329 1148 2371 Matth.
1180 2329 1231 2379 V,
1260 2331 1329 2372 22.

329 2405 377 2460 ³)
411 2405 497 2446 Csr.
527 2404 681 2445 Matth.
711 2402 763 2452 V,
791 2402 860 2445 34.
979 2399 1026 2456 ¹²)
1059 2399 1146 2441 Cfr.
1178 2399 1331 2441 Matth.
1361 2397 1461 2450 XII,
1492 2396 1561 2440 42.

331 2474 377 2531 ⁵)
408 2475 565 2516 Matth.
590 2472 711 2523 XIII,
737 2472 805 2514 43.

330 2546 378 2601 ὅ)
409 2545 546 2586 Alias:
586 2543 718 2594 „sicut
760 2541 961 2598 scriptum
995 2553 1076 2590 est,
1116 2539 1240 2596 quia“
1280 2549 1355 2580 etc.
1416 2537 1504 2579 Sed
1533 2536 1635 2578 Mss-

211 2614 259 2647 ut
286 2600 331 2642 in
359 2613 508 2643 nostro
537 2613 666 2644 textu.
703 2599 755 2640 R.
787 2622 839 2630 —-
880 2599 990 2641 Edd.
1019 2596 1216 2640 Manui:
1261 2594 1393 2645 „sicut
1425 2594 1632 2650 scriptum

215 2669 287 2709 est,
317 2658 505 2710 legimus,
535 2659 658 2713 quia“
689 2668 764 2698 etc.

332 2727 378 2783 ⁷)
409 2727 524 2770 Alias
553 2728 612 2782 (v.
646 2743 679 2768 c.
708 2726 754 2767 in
785 2728 878 2768 edd.
909 2725 1016 2782 M.):
1048 2740 1138 2766 non
1161 2722 1334 2764 satiatur
1359 2721 1508 2763 oculus
1530 2719 1632 2768 visu,

212 2801 293 2827 nec
323 2783 434 2825 auris
464 2785 652 2826 auditu.“
723 2784 810 2826 Sed
845 2782 949 2830 Mss.
986 2793 1033 2824 ut
1069 2781 1113 2824 in
1151 2790 1297 2824 nostro
1340 2790 1464 2822 textu.
1493 2777 1546 2822 R.
1578 2799 1630 2809 --·

217 2841 304 2884 Cfr.
335 2841 573 2884 Ecclesiast.
604 2840 635 2891 Ι,
665 2840 703 2883 8.
