1752 3136
232 130 319 176 276
849 123 1072 166 Omcsms

240 243 338 300 quia
369 244 446 290 lex,
479 252 517 281 et
550 238 805 295 prophetae,
836 249 877 278 ct
905 235 1182 289 Evanchum
1205 234 1246 291 ¹)
1278 235 1321 276 in
1343 253 1476 277 unum
1506 253 1673 291 semper

240 318 514 367 conveniunt,
550 328 589 357 et
620 315 662 356 in
695 331 780 355 una
814 315 947 366 gloria
978 324 1240 370 permanent.
1301 313 1502 369 Denique
1533 326 1574 355 et
1591 314 1671 354 Pe-

240 410 341 446 trus,
374 411 469 435 cum
503 393 626 434 vellet
653 392 704 434 iis
734 393 811 433 tria
845 394 984 433 facere
1014 390 1301 439 tabernacula,
1331 389 1567 446 imperitiae
1593 407 1672 432 no—

242 484 368 521 tatur,
401 482 605 526 tanquam
649 469 722 525 qui
755 469 935 510 nesciret
966 468 1069 523 quid
1109 468 1277 509 diceret.
1349 468 1448 521 Legi
1491 467 1604 509 enim
1637 479 1678 508 et

243 548 478 605 prophetIS,
513 559 553 587 et
581 546 815 598 Evangelio
846 563 935 586 non
966 544 1056 594 tria,
1086 545 1159 585 sed
1191 561 1323 586 unum
1347 557 1405 586 est
1427 545 1680 586 tabernacu-

230 619 350 678 ἱὶιυιι,
385 641 494 681 quae
527 636 585 666 est
616 621 790 664 ccclesia
822 618 945 663 Deis
976 621 1105 663 Lavat
1138 638 1236 673 ergo
1268 622 1410 678 primo
1436 621 1582 663 Moses
1611 638 1679 664 sa-

248 704 465 744 cei-dotem
500 699 695 749 Domini,
728 710 767 739 et
800 715 896 738 cum
929 714 1025 738 eum
1055 699 1226 748 laverit,
1258 712 1296 740 et
1325 711 1550 754 purgatum
1582 699 1680 738 red-

250 781 405 822 diderit
434 795 456 819 a
484 777 684 819 sordibus
716 775 943 823 vitiorum,
982 785 1081 830 post
1112 775 1214 815 haec
1245 777 1385 817 induit
1416 794 1525 816 cum.
1595 774 1680 816 Sed

248 855 589 903 consideremus,
642 868 751 908 quae
791 851 874 894 sint
912 852 989 893 ista
1031 851 1306 900 indumenta,
1350 853 1504 907 quibus
1543 851 1683 892 induit

250 933 396 973 Moses
427 935 573 972 Aaron
605 932 780 972 fratrem
812 946 935 970 suum
968 927 1218 983 pontificem
1249 927 1459 983 primum:
1498 927 1532 970 si
1570 930 1683 969 forte

246 1009 452 1067 possibile
482 1009 533 1050 sit
565 1009 689 1050 etiam
723 1006 819 1060 te²)
852 1006 974 1047 indui
1013 1005 1162 1046 iisdem
1195 1005 1477 1055 indumentis,
1519 1016 1559 1053 et
1598 1020 1683 1046 esse

254 1086 521 1143 pontificem.
580 1085 657 1127 Est
687 1084 863 1140 quidem
894 1100 1003 1124 unus
1033 1081 1225 1138 pontifex
1248 1099 1438 1135 magnus,
1470 1081 1685 1124 Dominus

248 1175 394 1205 noster
422 1164 543 1204 Jesus
576 1160 790 1211 Christus;
830 1161 905 1202 sed
941 1160 1013 1201 ille
1059 1176 1150 1200 non
1181 1161 1322 1202 solum
1352 1161 1573 1209 sacerdos,
1611 1159 1687 1200 sed

253 1252 295 1282 et
324 1242 595 1282 sacerdotum
626 1239 825 1281 sacerdos
858 1249 939 1286 est,
988 1248 1028 1277 et
1066 1254 1156 1278 non
1189 1238 1329 1278 solum
1360 1237 1571 1293 pontifex,
1611 1236 1686 1276 sed

254 1317 508 1374 pontificum
533 1315 744 1371 pontifex,
776 1331 852 1355 nec
885 1315 1156 1355 sacerdotum
1187 1314 1409 1370 princeps,
1453 1315 1526 1355 sed
1566 1313 1685 1368 prin-

255 1411 353 1450 ceps
392 1392 639 1450 principum
683 1394 968 1433 sacerdotum.
1044 1391 1166 1432 Sicut
1214 1402 1254 1432 ct
1293 1407 1363 1432 rex
1403 1407 1495 1431 non
1534 1390 1690 1430 dicitur

255 1471 416 1527 plebis,
454 1470 529 1511 sed
568 1485 715 1521 regum
756 1485 848 1518 rex,
893 1479 931 1508 et
970 1467 1186 1509 Dominus
1217 1484 1307 1507 non
1339 1483 1583 1528 servorum,
1614 1467 1687 1507 sed

255 1547 473 1589 Dominus
503 1542 812 1587 Dominorum.
881 1545 1026 1586 Potest
1067 1560 1166 1596 ergo
1208 1543 1324 1593 fieri,
1361 1543 1394 1585 si
1435 1555 1475 1584 et
1505 1555 1548 1584 tu
1579 1545 1690 1585 lotus

258 1626 387 1667 fueris
418 1640 495 1680 per
524 1623 694 1673 Mosen,
725 1635 764 1664 et
793 1622 923 1663 fueris
953 1622 1010 1662 ita
1040 1623 1248 1671 mundus,
1282 1620 1397 1677 quasi
1430 1636 1555 1676 quem
1589 1620 1690 1661 Mo-

257 1719 320 1743 ses
349 1701 498 1742 laverit
525 1711 664 1741 tantus
694 1699 826 1755 ille3)
859 1716 907 1740 ac
938 1698 1043 1748 talis,
1073 1711 1120 1739 ut
1148 1699 1282 1752 possis
1314 1697 1438 1739 etiam
1470 1696 1693 1752 pervenire
1751 1728 1752 1737 ,

261 1781 315 1821 ad
347 1779 451 1818 haec
481 1778 755 1826 indumenta,
794 1793 902 1832 quae
943 1777 1109 1831 profert
1148 1776 1315 1824 Moses,
1358 1786 1397 1815 et
1427 1775 1554 1815 stolas
1581 1774 1692 1823 istas,

263 1855 416 1912 quibus
448 1855 588 1895 induit
628 1856 775 1894 Aaron
817 1855 991 1894 fratrem
1031 1870 1178 1902 suum,
1221 1864 1265 1893 et.
1290 1852 1401 1893 filios
1443 1850 1542 1907 ejus.
1604 1851 1691 1892 Sed

261 1950 354 1975 non
384 1932 526 1973 solum
566 1930 826 1972 indumentis
867 1948 974 1986 opus
1016 1942 1075 1971 est
1112 1931 1165 1971 ad
1208 1929 1488 1971 sacerdotales
1524 1927 1694 1977 infulas,

264 2027 409 2051 verum
443 2021 484 2049 et
514 2008 703 2060 cingulis.
764 2008 849 2049 Sed
887 2007 1134 2063 priusquam
1177 2007 1229 2048 de
1268 2005 1408 2062 specie
1436 2005 1530 2061 ipsa
1566 2005 1693 2046 indu-

264 2100 511 2129 mentorum
542 2086 683 2127 dicere
713 2085 985 2141 incipiamus,
1027 2084 1151 2125 velim
1184 2084 1380 2124 conferre
1408 2083 1480 2124 illa
1511 2081 1696 2123 infelicia
1751 2125 1752 2131 χ

265 2167 529 2215 indumenta,
562 2163 714 2219 quibus
744 2165 907 2219 primus
937 2163 1096 2210 homo,
1129 2177 1225 2201 cum
1256 2171 1491 2215 peccasset,
1519 2159 1693 2200 indutus

269 2254 342 2293 est,
373 2259 470 2283 cum
502 2241 564 2283 his
593 2241 748 2282 sanctis
790 2252 829 2281 et
858 2240 1056 2280 fidelibus
1094 2236 1364 2278 indumentis.
1430 2237 1489 2277 Et
1519 2236 1694 2291 quidem
1749 2255 1752 2260 ·

267 2321 340 2363 illa
372 2320 525 2360 dicitur
555 2319 674 2360 Deus
703 2318 868 2360 fecisse:
907 2315 1029 2366 „fecit
1044 2314 1090 2370 4)
1124 2314 1261 2363 enim,
1289 2313 1449 2369 inquit,
1478 2313 1597 2353 Deus
1627 2324 1694 2354 tu-

269 2397 385 2439 nicas
416 2397 627 2453 pelliceas,
660 2407 698 2436 et
727 2394 865 2436 induit
895 2395 1035 2435 Adam
1069 2402 1106 2433 et
1135 2391 1361 2432 mulierem
1393 2390 1520 2447 ejus.“
1591 2389 1694 2431 Illae

390 2558 434 2611 ¹)
465 2556 583 2597 Libri
628 2555 729 2597 editi
782 2556 841 2610 (v.
884 2572 915 2595 c.
951 2555 1046 2595 edd.
1090 2552 1197 2607 ΞΠ.)
1227 2551 1526 2611 ,‚Evangelia.“
1569 2551 1693 2594 Mss.:
1747 2584 1752 2607 9

269 2613 611 2665 „Evangelium.“
640 2613 690 2654 R.
1748 2613 1752 2642 ἶ

388 2683 435 2737 ²)
465 2683 589 2724 Mss.:
618 2689 725 2732 ,‚te.“
776 2681 895 2722 Libri
928 2680 1028 2721 editi
1054 2679 1113 2735 (V.
1145 2695 1178 2719 c.
1210 2679 1304 2720 edd.
1336 2676 1438 2733 M.):
1469 2677 1613 2727 ,‚¹ibi.“
1644 2678 1693 2719 R.
1750 2709 1752 2719 Α

389 2753 435 2807 ³)
466 2754 513 2793 In
553 2752 669 2794 libris
712 2751 829 2792 editis
866 2752 927 2805 (v.
970 2768 1002 2792 c.
1038 2751 1130 2810 edd.
1161 2749 1246 2801 M.)
1283 2750 1398 2805 deest
1437 2747 1581 2799 „ille,“
1619 2747 1694 2789 scd
1748 2776 1752 2784 Δ

273 2810 481 2866 reperitur
510 2809 554 2861 in
584 2810 681 2849 Mss.
713 2809 762 2852 R.

389 2879 435 2935 4>
468 2877 554 2919 Csr.
590 2878 739 2920 Genes.
777 2877 848 2926 ΙΙΙ,
877 2877 943 2918 21.
