<?xml version="1.0" encoding="UTF-8"?>
<!DOCTYPE html PUBLIC "-//W3C//DTD XHTML 1.0 Transitional//EN"
    "http://www.w3.org/TR/xhtml1/DTD/xhtml1-transitional.dtd">
<html xmlns="http://www.w3.org/1999/xhtml" xml:lang="en" lang="en">
 <head>
  <title>
</title>
<meta http-equiv="Content-Type" content="text/html;charset=utf-8" />
  <meta name='ocr-system' content='tesseract 3.04.00' />
  <meta name='ocr-capabilities' content='ocr_page ocr_carea ocr_par ocr_line ocrx_word'/>
</head>
<body>
  <div class='ocr_page' id='page_1' title='image "./operaomniaquaegr09orig_0422.png"; bbox 0 0 1752 3136; ppageno 0'>
   <div class='ocr_carea' id='block_1_1' title="bbox 228 87 1050 131">
    <p class='ocr_par' dir='ltr' id='par_1_1' title="bbox 228 87 1050 131">
     <span class='ocr_line' id='line_1_1' title="bbox 228 87 1050 131; baseline 0 -2"><span class='ocrx_word' id='word_1_1' title='bbox 228 88 313 131; x_wconf 72' lang='lat'>410</span> <span class='ocrx_word' id='word_1_2' title='bbox 828 87 1050 130; x_wconf 73' lang='lat' dir='ltr'>Umor-:ms</span> 
     </span>
    </p>
   </div>
   <div class='ocr_carea' id='block_1_2' title="bbox 207 199 1648 2115">
    <p class='ocr_par' dir='ltr' id='par_1_2' title="bbox 207 199 1648 2115">
     <span class='ocr_line' id='line_1_2' title="bbox 228 199 1645 262; baseline 0.006 -22"><span class='ocrx_word' id='word_1_3' title='bbox 228 201 404 254; x_wconf 84' lang='lat' dir='ltr'>Quanto</span> <span class='ocrx_word' id='word_1_4' title='bbox 436 200 567 253; x_wconf 77' lang='lat' dir='ltr'>magis</span> <span class='ocrx_word' id='word_1_5' title='bbox 607 199 690 241; x_wconf 82' lang='lat' dir='ltr'>hoc</span> <span class='ocrx_word' id='word_1_6' title='bbox 729 212 767 242; x_wconf 89' lang='lat' dir='ltr'>et</span> <span class='ocrx_word' id='word_1_7' title='bbox 801 203 855 242; x_wconf 82' lang='lat' dir='ltr'>de</span> <span class='ocrx_word' id='word_1_8' title='bbox 884 203 1014 242; x_wconf 83' lang='lat' dir='ltr'>verbo</span> <span class='ocrx_word' id='word_1_9' title='bbox 1047 201 1131 243; x_wconf 79' lang='lat' dir='ltr'>Dei</span> <span class='ocrx_word' id='word_1_10' title='bbox 1168 214 1282 244; x_wconf 83' lang='lat' dir='ltr'>recte</span> <span class='ocrx_word' id='word_1_11' title='bbox 1311 205 1551 262; x_wconf 81' lang='lat' dir='ltr'>meritoque</span> <span class='ocrx_word' id='word_1_12' title='bbox 1581 209 1645 249; x_wconf 84' lang='lat' dir='ltr'>di-</span> 
     </span>
     <span class='ocr_line' id='line_1_3' title="bbox 224 277 1648 339; baseline 0.004 -20"><span class='ocrx_word' id='word_1_13' title='bbox 224 296 386 319; x_wconf 82' lang='lat' dir='ltr'>cemus:</span> <span class='ocrx_word' id='word_1_14' title='bbox 417 277 484 318; x_wconf 84' lang='lat' dir='ltr'>hic</span> <span class='ocrx_word' id='word_1_15' title='bbox 512 294 654 319; x_wconf 84' lang='lat' dir='ltr'>sermo</span> <span class='ocrx_word' id='word_1_16' title='bbox 685 295 774 319; x_wconf 80' lang='lat' dir='ltr'>non</span> <span class='ocrx_word' id='word_1_17' title='bbox 807 291 865 321; x_wconf 88' lang='lat' dir='ltr'>est</span> <span class='ocrx_word' id='word_1_18' title='bbox 896 280 1104 330; x_wconf 84' lang='lat' dir='ltr'>omnium,</span> <span class='ocrx_word' id='word_1_19' title='bbox 1134 298 1215 322; x_wconf 81' lang='lat' dir='ltr'>nec</span> <span class='ocrx_word' id='word_1_20' title='bbox 1245 280 1545 339; x_wconf 79' lang='lat' dir='ltr'>cujuscunque,</span> <span class='ocrx_word' id='word_1_21' title='bbox 1574 287 1648 325; x_wconf 85' lang='lat' dir='ltr'>sed</span> 
     </span>
     <span class='ocr_line' id='line_1_4' title="bbox 224 354 1646 415; baseline 0.004 -18"><span class='ocrx_word' id='word_1_22' title='bbox 224 368 468 397; x_wconf 80' lang='lat' dir='ltr'>sanctorum</span> <span class='ocrx_word' id='word_1_23' title='bbox 501 354 592 396; x_wconf 81' lang='lat' dir='ltr'>est?</span> <span class='ocrx_word' id='word_1_24' title='bbox 649 356 812 411; x_wconf 76' lang='lat' dir='ltr'>Non¹)</span> <span class='ocrx_word' id='word_1_25' title='bbox 852 358 1030 413; x_wconf 81' lang='lat' dir='ltr'>quilibet</span> <span class='ocrx_word' id='word_1_26' title='bbox 1070 359 1187 399; x_wconf 78' lang='lat' dir='ltr'>verbi</span> <span class='ocrx_word' id='word_1_27' title='bbox 1226 357 1352 415; x_wconf 84' lang='lat' dir='ltr'>hujus</span> <span class='ocrx_word' id='word_1_28' title='bbox 1391 372 1531 415; x_wconf 75' lang='lat' dir='ltr'>potest</span> <span class='ocrx_word' id='word_1_29' title='bbox 1570 378 1646 402; x_wconf 82' lang='lat' dir='ltr'>au-</span> 
     </span>
     <span class='ocr_line' id='line_1_5' title="bbox 227 432 1648 493; baseline 0.003 -19"><span class='ocrx_word' id='word_1_30' title='bbox 227 434 317 475; x_wconf 79' lang='lat' dir='ltr'>dire</span> <span class='ocrx_word' id='word_1_31' title='bbox 362 432 636 488; x_wconf 65' lang='lat' dir='ltr'>mysterium:</span> <span class='ocrx_word' id='word_1_32' title='bbox 692 451 791 475; x_wconf 89' lang='lat' dir='ltr'>nam</span> <span class='ocrx_word' id='word_1_33' title='bbox 831 437 1130 476; x_wconf 84' lang='lat' dir='ltr'>tautummodo</span> <span class='ocrx_word' id='word_1_34' title='bbox 1173 436 1245 492; x_wconf 87' lang='lat' dir='ltr'>qui</span> <span class='ocrx_word' id='word_1_35' title='bbox 1292 436 1502 493; x_wconf 75' lang='lat' dir='ltr'>purificati</span> <span class='ocrx_word' id='word_1_36' title='bbox 1550 450 1648 479; x_wconf 86' lang='lat' dir='ltr'>sunt</span> 
     </span>
     <span class='ocr_line' id='line_1_6' title="bbox 222 511 1645 570; baseline 0.003 -19"><span class='ocrx_word' id='word_1_37' title='bbox 222 523 377 560; x_wconf 83' lang='lat' dir='ltr'>mente,</span> <span class='ocrx_word' id='word_1_38' title='bbox 407 511 478 565; x_wconf 86' lang='lat' dir='ltr'>qui</span> <span class='ocrx_word' id='word_1_39' title='bbox 507 511 659 552; x_wconf 88' lang='lat' dir='ltr'>mundi</span> <span class='ocrx_word' id='word_1_40' title='bbox 687 523 787 554; x_wconf 82' lang='lat' dir='ltr'>sunt</span> <span class='ocrx_word' id='word_1_41' title='bbox 819 514 971 561; x_wconf 80' lang='lat' dir='ltr'>corde,</span> <span class='ocrx_word' id='word_1_42' title='bbox 1008 512 1080 568; x_wconf 88' lang='lat' dir='ltr'>qui</span> <span class='ocrx_word' id='word_1_43' title='bbox 1119 514 1329 569; x_wconf 75' lang='lat' dir='ltr'><strong>simplices</strong></span> <span class='ocrx_word' id='word_1_44' title='bbox 1359 516 1530 565; x_wconf 80' lang='lat' dir='ltr'>animo,</span> <span class='ocrx_word' id='word_1_45' title='bbox 1572 515 1645 570; x_wconf 79' lang='lat' dir='ltr'>qui</span> 
     </span>
     <span class='ocr_line' id='line_1_7' title="bbox 221 587 1647 647; baseline 0.002 -19"><span class='ocrx_word' id='word_1_46' title='bbox 221 589 301 628; x_wconf 72' lang='lat' dir='ltr'>vita</span> <span class='ocrx_word' id='word_1_47' title='bbox 331 587 743 643; x_wconf 61' lang='lat' dir='ltr'>irreprehensibiles,</span> <span class='ocrx_word' id='word_1_48' title='bbox 777 591 848 644; x_wconf 84' lang='lat' dir='ltr'>qui</span> <span class='ocrx_word' id='word_1_49' title='bbox 881 590 1137 632; x_wconf 79' lang='lat' dir='ltr'>conscicntia</span> <span class='ocrx_word' id='word_1_50' title='bbox 1167 591 1313 641; x_wconf 78' lang='lat' dir='ltr'>liberi,</span> <span class='ocrx_word' id='word_1_51' title='bbox 1360 591 1552 647; x_wconf 79' lang='lat' dir='ltr'>ipsorum</span> <span class='ocrx_word' id='word_1_52' title='bbox 1585 604 1647 633; x_wconf 81' lang='lat' dir='ltr'>est</span> 
     </span>
     <span class='ocr_line' id='line_1_8' title="bbox 224 666 1644 724; baseline 0.002 -18"><span class='ocrx_word' id='word_1_53' title='bbox 224 667 276 706; x_wconf 84' lang='lat' dir='ltr'>dc</span> <span class='ocrx_word' id='word_1_54' title='bbox 305 667 388 707; x_wconf 83' lang='lat' dir='ltr'>hoc</span> <span class='ocrx_word' id='word_1_55' title='bbox 420 666 568 706; x_wconf 78' lang='lat' dir='ltr'>audire</span> <span class='ocrx_word' id='word_1_56' title='bbox 599 683 865 715; x_wconf 84' lang='lat' dir='ltr'>sermonem,</span> <span class='ocrx_word' id='word_1_57' title='bbox 902 666 1063 722; x_wconf 85' lang='lat' dir='ltr'>ipsis2)</span> <span class='ocrx_word' id='word_1_58' title='bbox 1103 681 1282 723; x_wconf 83' lang='lat' dir='ltr'>possunt</span> <span class='ocrx_word' id='word_1_59' title='bbox 1321 668 1536 724; x_wconf 71' lang='lat' dir='ltr'><strong>explanari</strong></span> <span class='ocrx_word' id='word_1_60' title='bbox 1567 668 1644 709; x_wconf 80' lang='lat' dir='ltr'>ista</span> 
     </span>
     <span class='ocr_line' id='line_1_9' title="bbox 221 742 1639 805; baseline 0.001 -21"><span class='ocrx_word' id='word_1_61' title='bbox 221 743 430 801; x_wconf 69' lang='lat' dir='ltr'>mysteria.</span> <span class='ocrx_word' id='word_1_62' title='bbox 488 743 714 797; x_wconf 77' lang='lat' dir='ltr'>„V0bis³)</span> <span class='ocrx_word' id='word_1_63' title='bbox 753 742 864 784; x_wconf 81' lang='lat' dir='ltr'>enim</span> <span class='ocrx_word' id='word_1_64' title='bbox 907 744 1053 785; x_wconf 84' lang='lat' dir='ltr'>datum</span> <span class='ocrx_word' id='word_1_65' title='bbox 1087 757 1166 793; x_wconf 83' lang='lat' dir='ltr'>est,</span> <span class='ocrx_word' id='word_1_66' title='bbox 1193 746 1352 800; x_wconf 82' lang='lat' dir='ltr'>inquit,</span> <span class='ocrx_word' id='word_1_67' title='bbox 1395 763 1520 787; x_wconf 85' lang='lat' dir='ltr'>nosse</span> <span class='ocrx_word' id='word_1_68' title='bbox 1550 763 1639 805; x_wconf 80' lang='lat' dir='ltr'>my-</span> 
     </span>
     <span class='ocr_line' id='line_1_10' title="bbox 219 819 1642 876; baseline 0.001 -13"><span class='ocrx_word' id='word_1_69' title='bbox 219 822 343 863; x_wconf 78' lang='lat' dir='ltr'>steria</span> <span class='ocrx_word' id='word_1_70' title='bbox 361 821 406 876; x_wconf 61' lang='grc'>4)</span> <span class='ocrx_word' id='word_1_71' title='bbox 436 820 553 872; x_wconf 83' lang='lat' dir='ltr'>regni</span> <span class='ocrx_word' id='word_1_72' title='bbox 583 820 716 860; x_wconf 79' lang='lat' dir='ltr'>Dei:“</span> <span class='ocrx_word' id='word_1_73' title='bbox 745 819 826 861; x_wconf 85' lang='lat' dir='ltr'>illis</span> <span class='ocrx_word' id='word_1_74' title='bbox 857 832 1019 869; x_wconf 80' lang='lat' dir='ltr'>autem,</span> <span class='ocrx_word' id='word_1_75' title='bbox 1053 821 1095 862; x_wconf 81' lang='lat' dir='ltr'>id</span> <span class='ocrx_word' id='word_1_76' title='bbox 1131 833 1210 872; x_wconf 87' lang='lat' dir='ltr'>est,</span> <span class='ocrx_word' id='word_1_77' title='bbox 1249 822 1322 876; x_wconf 77' lang='lat' dir='ltr'>qui</span> <span class='ocrx_word' id='word_1_78' title='bbox 1353 840 1443 863; x_wconf 87' lang='lat' dir='ltr'>non</span> <span class='ocrx_word' id='word_1_79' title='bbox 1474 841 1642 864; x_wconf 84' lang='lat' dir='ltr'>meren-</span> 
     </span>
     <span class='ocr_line' id='line_1_11' title="bbox 219 898 1644 954; baseline 0.002 -15"><span class='ocrx_word' id='word_1_80' title='bbox 219 911 300 947; x_wconf 79' lang='lat' dir='ltr'>tur,</span> <span class='ocrx_word' id='word_1_81' title='bbox 330 898 401 953; x_wconf 90' lang='lat' dir='ltr'>qui</span> <span class='ocrx_word' id='word_1_82' title='bbox 431 915 520 938; x_wconf 88' lang='lat' dir='ltr'>non</span> <span class='ocrx_word' id='word_1_83' title='bbox 551 909 649 939; x_wconf 89' lang='lat' dir='ltr'>sunt</span> <span class='ocrx_word' id='word_1_84' title='bbox 677 899 802 947; x_wconf 76' lang='lat' dir='ltr'>tales,</span> <span class='ocrx_word' id='word_1_85' title='bbox 839 909 886 938; x_wconf 86' lang='lat' dir='ltr'>ut</span> <span class='ocrx_word' id='word_1_86' title='bbox 925 910 1190 949; x_wconf 78' lang='lat' dir='ltr'>mereantur,</span> <span class='ocrx_word' id='word_1_87' title='bbox 1234 915 1314 939; x_wconf 85' lang='lat' dir='ltr'>nec</span> <span class='ocrx_word' id='word_1_88' title='bbox 1353 911 1527 954; x_wconf 79' lang='lat' dir='ltr'>capaces</span> <span class='ocrx_word' id='word_1_89' title='bbox 1559 917 1644 942; x_wconf 83' lang='lat' dir='ltr'>esse</span> 
     </span>
     <span class='ocr_line' id='line_1_12' title="bbox 218 975 1644 1032; baseline 0.003 -18"><span class='ocrx_word' id='word_1_90' title='bbox 218 988 397 1031; x_wconf 81' lang='lat' dir='ltr'><strong>possunt</strong></span> <span class='ocrx_word' id='word_1_91' title='bbox 435 977 489 1016; x_wconf 79' lang='lat' dir='ltr'>ad</span> <span class='ocrx_word' id='word_1_92' title='bbox 535 975 855 1028; x_wconf 75' lang='lat' dir='ltr'>intelligentiam</span> <span class='ocrx_word' id='word_1_93' title='bbox 901 987 1190 1018; x_wconf 84' lang='lat' dir='ltr'>secretorum:</span> <span class='ocrx_word' id='word_1_94' title='bbox 1235 975 1316 1018; x_wconf 81' lang='lat' dir='ltr'>illis</span> <span class='ocrx_word' id='word_1_95' title='bbox 1364 993 1454 1017; x_wconf 86' lang='lat' dir='ltr'>non</span> <span class='ocrx_word' id='word_1_96' title='bbox 1501 989 1644 1032; x_wconf 83' lang='lat' dir='ltr'>potest</span> 
     </span>
     <span class='ocr_line' id='line_1_13' title="bbox 217 1053 1641 1113; baseline 0.001 -19"><span class='ocrx_word' id='word_1_97' title='bbox 217 1053 308 1094; x_wconf 85' lang='lat' dir='ltr'>dari</span> <span class='ocrx_word' id='word_1_98' title='bbox 337 1054 409 1094; x_wconf 83' lang='lat' dir='ltr'>ille</span> <span class='ocrx_word' id='word_1_99' title='bbox 437 1053 709 1095; x_wconf 79' lang='lat' dir='ltr'>sacerdotalis</span> <span class='ocrx_word' id='word_1_100' title='bbox 738 1054 882 1109; x_wconf 86' lang='lat' dir='ltr'>panis,</span> <span class='ocrx_word' id='word_1_101' title='bbox 921 1056 994 1109; x_wconf 84' lang='lat' dir='ltr'>qui</span> <span class='ocrx_word' id='word_1_102' title='bbox 1027 1066 1084 1094; x_wconf 85' lang='lat' dir='ltr'>cst</span> <span class='ocrx_word' id='word_1_103' title='bbox 1121 1066 1328 1103; x_wconf 77' lang='lat' dir='ltr'>secretus,</span> <span class='ocrx_word' id='word_1_104' title='bbox 1375 1067 1414 1095; x_wconf 87' lang='lat' dir='ltr'>et</span> <span class='ocrx_word' id='word_1_105' title='bbox 1442 1055 1641 1113; x_wconf 71' lang='lat' dir='ltr'>mysticus</span> 
     </span>
     <span class='ocr_line' id='line_1_14' title="bbox 211 1129 1642 1187; baseline -0.001 -14"><span class='ocrx_word' id='word_1_106' title='bbox 211 1148 366 1181; x_wconf 85' lang='lat' dir='ltr'>sermo,</span> <span class='ocrx_word' id='word_1_107' title='bbox 396 1132 470 1171; x_wconf 85' lang='lat' dir='ltr'>sed</span> <span class='ocrx_word' id='word_1_108' title='bbox 500 1129 545 1170; x_wconf 75' lang='lat' dir='ltr'>in</span> <span class='ocrx_word' id='word_1_109' title='bbox 576 1132 806 1186; x_wconf 82' lang='lat' dir='ltr'>parabolis,</span> <span class='ocrx_word' id='word_1_110' title='bbox 838 1133 911 1187; x_wconf 81' lang='lat' dir='ltr'>qui</span> <span class='ocrx_word' id='word_1_111' title='bbox 943 1131 1184 1172; x_wconf 89' lang='lat' dir='ltr'>communis</span> <span class='ocrx_word' id='word_1_112' title='bbox 1216 1144 1274 1172; x_wconf 85' lang='lat' dir='ltr'>est</span> <span class='ocrx_word' id='word_1_113' title='bbox 1305 1132 1428 1184; x_wconf 83' lang='lat' dir='ltr'>vulgi.</span> <span class='ocrx_word' id='word_1_114' title='bbox 1494 1133 1642 1184; x_wconf 80' lang='lat' dir='ltr'>„Legi-</span> 
     </span>
     <span class='ocr_line' id='line_1_15' title="bbox 211 1208 1639 1266; baseline 0.001 -16"><span class='ocrx_word' id='word_1_115' title='bbox 211 1209 363 1250; x_wconf 86' lang='lat' dir='ltr'>timum</span> <span class='ocrx_word' id='word_1_116' title='bbox 382 1209 426 1264; x_wconf 79' lang='lat'>⁵)</span> <span class='ocrx_word' id='word_1_117' title='bbox 459 1209 671 1250; x_wconf 79' lang='lat' dir='ltr'>aeternale</span> <span class='ocrx_word' id='word_1_118' title='bbox 700 1209 785 1251; x_wconf 88' lang='lat' dir='ltr'>hoc</span> <span class='ocrx_word' id='word_1_119' title='bbox 815 1209 933 1250; x_wconf 84' lang='lat' dir='ltr'>erit.“</span> <span class='ocrx_word' id='word_1_120' title='bbox 988 1208 1240 1260; x_wconf 82' lang='lat' dir='ltr'>Legitimum</span> <span class='ocrx_word' id='word_1_121' title='bbox 1273 1226 1470 1266; x_wconf 80' lang='lat' dir='ltr'>namque,</span> <span class='ocrx_word' id='word_1_122' title='bbox 1502 1222 1540 1252; x_wconf 87' lang='lat' dir='ltr'>et</span> <span class='ocrx_word' id='word_1_123' title='bbox 1569 1228 1639 1251; x_wconf 84' lang='lat' dir='ltr'>ae-</span> 
     </span>
     <span class='ocr_line' id='line_1_16' title="bbox 211 1287 1638 1345; baseline 0.001 -18"><span class='ocrx_word' id='word_1_124' title='bbox 211 1299 395 1335; x_wconf 79' lang='lat' dir='ltr'>ternum,</span> <span class='ocrx_word' id='word_1_125' title='bbox 427 1298 487 1327; x_wconf 89' lang='lat' dir='ltr'>est</span> <span class='ocrx_word' id='word_1_126' title='bbox 522 1303 652 1327; x_wconf 83' lang='lat' dir='ltr'>omne</span> <span class='ocrx_word' id='word_1_127' title='bbox 693 1287 812 1342; x_wconf 87' lang='lat' dir='ltr'>quod</span> <span class='ocrx_word' id='word_1_128' title='bbox 850 1287 1072 1345; x_wconf 69' lang='lat' dir='ltr'>mysticum</span> <span class='ocrx_word' id='word_1_129' title='bbox 1113 1299 1184 1329; x_wconf 83' lang='lat' dir='ltr'>est.</span> <span class='ocrx_word' id='word_1_130' title='bbox 1251 1288 1363 1327; x_wconf 85' lang='lat' dir='ltr'>Nam</span> <span class='ocrx_word' id='word_1_131' title='bbox 1403 1288 1638 1343; x_wconf 80' lang='lat' dir='ltr'>praesentia</span> 
     </span>
     <span class='ocr_line' id='line_1_17' title="bbox 211 1362 1636 1419; baseline 0.001 -15"><span class='ocrx_word' id='word_1_132' title='bbox 211 1365 315 1405; x_wconf 80' lang='lat' dir='ltr'>haec</span> <span class='ocrx_word' id='word_1_133' title='bbox 348 1376 386 1404; x_wconf 88' lang='lat' dir='ltr'>et</span> <span class='ocrx_word' id='word_1_134' title='bbox 418 1364 571 1419; x_wconf 82' lang='lat' dir='ltr'>passim</span> <span class='ocrx_word' id='word_1_135' title='bbox 603 1362 804 1413; x_wconf 77' lang='lat' dir='ltr'>visibilia,</span> <span class='ocrx_word' id='word_1_136' title='bbox 844 1365 1093 1419; x_wconf 84' lang='lat' dir='ltr'>temporalia</span> <span class='ocrx_word' id='word_1_137' title='bbox 1134 1375 1252 1412; x_wconf 80' lang='lat' dir='ltr'>sunt,</span> <span class='ocrx_word' id='word_1_138' title='bbox 1299 1376 1338 1404; x_wconf 83' lang='lat' dir='ltr'>et</span> <span class='ocrx_word' id='word_1_139' title='bbox 1377 1364 1506 1405; x_wconf 79' lang='lat' dir='ltr'>finem</span> <span class='ocrx_word' id='word_1_140' title='bbox 1551 1366 1636 1406; x_wconf 83' lang='lat' dir='ltr'>cito</span> 
     </span>
     <span class='ocr_line' id='line_1_18' title="bbox 213 1438 1637 1497; baseline 0.001 -15"><span class='ocrx_word' id='word_1_141' title='bbox 213 1441 447 1497; x_wconf 73' lang='lat' dir='ltr'>accipiunt:</span> <span class='ocrx_word' id='word_1_142' title='bbox 478 1440 762 1496; x_wconf 75' lang='lat' dir='ltr'>‚,praeterit⁶)</span> <span class='ocrx_word' id='word_1_143' title='bbox 794 1441 907 1482; x_wconf 85' lang='lat' dir='ltr'>enim</span> <span class='ocrx_word' id='word_1_144' title='bbox 931 1440 1099 1482; x_wconf 79' lang='lat' dir='ltr'>habitus</span> <span class='ocrx_word' id='word_1_145' title='bbox 1118 1438 1243 1497; x_wconf 75' lang='lat' dir='ltr'>&#39;nujus</span> <span class='ocrx_word' id='word_1_146' title='bbox 1266 1441 1458 1483; x_wconf 84' lang='lat' dir='ltr'>mundi.“</span> <span class='ocrx_word' id='word_1_147' title='bbox 1504 1442 1637 1496; x_wconf 85' lang='lat' dir='ltr'>Quod</span> 
     </span>
     <span class='ocr_line' id='line_1_19' title="bbox 213 1518 1638 1575; baseline 0.001 -15"><span class='ocrx_word' id='word_1_148' title='bbox 213 1521 245 1561; x_wconf 86' lang='lat' dir='ltr'>si</span> <span class='ocrx_word' id='word_1_149' title='bbox 284 1519 410 1575; x_wconf 76' lang='lat' dir='ltr'>hujus</span> <span class='ocrx_word' id='word_1_150' title='bbox 446 1518 598 1560; x_wconf 83' lang='lat' dir='ltr'>mundi</span> <span class='ocrx_word' id='word_1_151' title='bbox 636 1520 859 1574; x_wconf 73' lang='lat' dir='ltr'>praeterit,</span> <span class='ocrx_word' id='word_1_152' title='bbox 903 1519 994 1559; x_wconf 84' lang='lat' dir='ltr'>sine</span> <span class='ocrx_word' id='word_1_153' title='bbox 1039 1518 1173 1559; x_wconf 81' lang='lat' dir='ltr'>dubio</span> <span class='ocrx_word' id='word_1_154' title='bbox 1216 1530 1255 1558; x_wconf 85' lang='lat' dir='ltr'>et</span> <span class='ocrx_word' id='word_1_155' title='bbox 1294 1519 1440 1560; x_wconf 83' lang='lat' dir='ltr'>literae</span> <span class='ocrx_word' id='word_1_156' title='bbox 1471 1520 1638 1561; x_wconf 84' lang='lat' dir='ltr'>habitus</span> 
     </span>
     <span class='ocr_line' id='line_1_20' title="bbox 211 1596 1637 1658; baseline 0.001 -20"><span class='ocrx_word' id='word_1_157' title='bbox 211 1598 422 1655; x_wconf 69' lang='lat' dir='ltr'>praeterit,</span> <span class='ocrx_word' id='word_1_158' title='bbox 453 1609 491 1658; x_wconf 72' lang='lat' dir='ltr'>et</span> <span class='ocrx_word' id='word_1_159' title='bbox 521 1608 697 1637; x_wconf 81' lang='lat' dir='ltr'>manent</span> <span class='ocrx_word' id='word_1_160' title='bbox 725 1596 811 1645; x_wconf 83' lang='lat' dir='ltr'>illa,</span> <span class='ocrx_word' id='word_1_161' title='bbox 844 1612 953 1651; x_wconf 85' lang='lat' dir='ltr'>quae</span> <span class='ocrx_word' id='word_1_162' title='bbox 984 1608 1154 1637; x_wconf 85' lang='lat' dir='ltr'>aeterna</span> <span class='ocrx_word' id='word_1_163' title='bbox 1184 1606 1300 1645; x_wconf 79' lang='lat' dir='ltr'>sunt,</span> <span class='ocrx_word' id='word_1_164' title='bbox 1347 1614 1455 1652; x_wconf 81' lang='lat' dir='ltr'>quae</span> <span class='ocrx_word' id='word_1_165' title='bbox 1493 1615 1637 1639; x_wconf 84' lang='lat' dir='ltr'>sensus</span> 
     </span>
     <span class='ocr_line' id='line_1_21' title="bbox 213 1672 1635 1731; baseline 0 -15"><span class='ocrx_word' id='word_1_166' title='bbox 213 1677 403 1717; x_wconf 76' lang='lat' dir='ltr'>continet</span> <span class='ocrx_word' id='word_1_167' title='bbox 430 1674 670 1731; x_wconf 76' lang='lat' dir='ltr'>spiritualis.</span> <span class='ocrx_word' id='word_1_168' title='bbox 731 1672 777 1715; x_wconf 78' lang='lat' dir='ltr'>Si</span> <span class='ocrx_word' id='word_1_169' title='bbox 812 1689 910 1724; x_wconf 79' lang='lat' dir='ltr'>ergo</span> <span class='ocrx_word' id='word_1_170' title='bbox 932 1674 1210 1715; x_wconf 83' lang='lat' dir='ltr'>intelleximus</span> <span class='ocrx_word' id='word_1_171' title='bbox 1239 1674 1379 1729; x_wconf 81' lang='lat' dir='ltr'>primo</span> <span class='ocrx_word' id='word_1_172' title='bbox 1412 1678 1635 1730; x_wconf 90' lang='lat' dir='ltr'>quomodo</span> 
     </span>
     <span class='ocr_line' id='line_1_22' title="bbox 209 1750 1634 1810; baseline 0.001 -17"><span class='ocrx_word' id='word_1_173' title='bbox 209 1754 328 1796; x_wconf 77' lang='lat' dir='ltr'>Deus</span> <span class='ocrx_word' id='word_1_174' title='bbox 358 1755 617 1810; x_wconf 80' lang='lat' dir='ltr'>loquebatur</span> <span class='ocrx_word' id='word_1_175' title='bbox 646 1752 700 1791; x_wconf 80' lang='lat' dir='ltr'>ad</span> <span class='ocrx_word' id='word_1_176' title='bbox 734 1751 902 1800; x_wconf 63' lang='grc' dir='ltr'><strong>ΒΙοεεη,</strong></span> <span class='ocrx_word' id='word_1_177' title='bbox 935 1762 974 1790; x_wconf 82' lang='lat' dir='ltr'>et</span> <span class='ocrx_word' id='word_1_178' title='bbox 998 1750 1139 1792; x_wconf 80' lang='lat' dir='ltr'>Moses</span> <span class='ocrx_word' id='word_1_179' title='bbox 1160 1751 1253 1791; x_wconf 82' lang='lat' dir='ltr'>filiis</span> <span class='ocrx_word' id='word_1_180' title='bbox 1277 1752 1414 1801; x_wconf 83' lang='lat' dir='ltr'>lsrael,</span> <span class='ocrx_word' id='word_1_181' title='bbox 1443 1755 1634 1794; x_wconf 86' lang='lat' dir='ltr'>secundo</span> 
     </span>
     <span class='ocr_line' id='line_1_23' title="bbox 211 1828 1634 1885; baseline -0.002 -12"><span class='ocrx_word' id='word_1_182' title='bbox 211 1832 335 1873; x_wconf 81' lang='lat' dir='ltr'>etiam</span> <span class='ocrx_word' id='word_1_183' title='bbox 368 1831 576 1870; x_wconf 78' lang='lat' dir='ltr'>rationem</span> <span class='ocrx_word' id='word_1_184' title='bbox 610 1829 853 1876; x_wconf 82' lang='lat' dir='ltr'>candelabri</span> <span class='ocrx_word' id='word_1_185' title='bbox 886 1830 1057 1878; x_wconf 86' lang='lat' dir='ltr'>mundi,</span> <span class='ocrx_word' id='word_1_186' title='bbox 1096 1839 1136 1869; x_wconf 84' lang='lat' dir='ltr'>et</span> <span class='ocrx_word' id='word_1_187' title='bbox 1166 1828 1465 1878; x_wconf 82' lang='lat' dir='ltr'>lucernarum,</span> <span class='ocrx_word' id='word_1_188' title='bbox 1506 1841 1634 1885; x_wconf 80' lang='lat' dir='ltr'>atque</span> 
     </span>
     <span class='ocr_line' id='line_1_24' title="bbox 210 1905 1633 1965; baseline -0.001 -16"><span class='ocrx_word' id='word_1_189' title='bbox 210 1910 293 1949; x_wconf 84' lang='lat' dir='ltr'>olei</span> <span class='ocrx_word' id='word_1_190' title='bbox 324 1908 432 1965; x_wconf 80' lang='lat' dir='ltr'>ejus,</span> <span class='ocrx_word' id='word_1_191' title='bbox 474 1906 600 1948; x_wconf 72' lang='lat' dir='ltr'>tertio</span> <span class='ocrx_word' id='word_1_192' title='bbox 645 1923 820 1962; x_wconf 85' lang='lat' dir='ltr'>quoque</span> <span class='ocrx_word' id='word_1_193' title='bbox 857 1922 988 1961; x_wconf 82' lang='lat' dir='ltr'>panes</span> <span class='ocrx_word' id='word_1_194' title='bbox 1035 1905 1342 1961; x_wconf 80' lang='lat' dir='ltr'>propositionis</span> <span class='ocrx_word' id='word_1_195' title='bbox 1379 1923 1425 1946; x_wconf 84' lang='lat' dir='ltr'>ex</span> <span class='ocrx_word' id='word_1_196' title='bbox 1467 1908 1633 1948; x_wconf 84' lang='lat' dir='ltr'>duabus</span> 
     </span>
     <span class='ocr_line' id='line_1_25' title="bbox 209 1983 1633 2039; baseline -0.001 -12"><span class='ocrx_word' id='word_1_197' title='bbox 209 1987 382 2027; x_wconf 80' lang='lat' dir='ltr'>decimis</span> <span class='ocrx_word' id='word_1_198' title='bbox 411 1983 661 2039; x_wconf 78' lang='lat' dir='ltr'>singulos⁷)</span> <span class='ocrx_word' id='word_1_199' title='bbox 693 1985 910 2024; x_wconf 72' lang='lat' dir='ltr'>confectos</span> <span class='ocrx_word' id='word_1_200' title='bbox 939 1984 1174 2024; x_wconf 73' lang='lat' dir='ltr'>secundum</span> <span class='ocrx_word' id='word_1_201' title='bbox 1215 1983 1478 2024; x_wconf 80' lang='lat' dir='ltr'>voluntatem</span> <span class='ocrx_word' id='word_1_202' title='bbox 1509 1985 1633 2039; x_wconf 85' lang='lat' dir='ltr'>spiri-</span> 
     </span>
     <span class='ocr_line' id='line_1_26' title="bbox 207 2061 1630 2115; baseline -0.003 -10"><span class='ocrx_word' id='word_1_203' title='bbox 207 2077 273 2105; x_wconf 75' lang='lat' dir='ltr'>tus</span> <span class='ocrx_word' id='word_1_204' title='bbox 303 2062 604 2104; x_wconf 77' lang='lat' dir='ltr'>intelleximus:</span> <span class='ocrx_word' id='word_1_205' title='bbox 651 2063 800 2102; x_wconf 87' lang='lat' dir='ltr'>demus</span> <span class='ocrx_word' id='word_1_206' title='bbox 843 2076 1045 2115; x_wconf 84' lang='lat' dir='ltr'>operam,</span> <span class='ocrx_word' id='word_1_207' title='bbox 1092 2061 1316 2115; x_wconf 85' lang='lat' dir='ltr'>quomodo</span> <span class='ocrx_word' id='word_1_208' title='bbox 1358 2072 1397 2100; x_wconf 86' lang='lat' dir='ltr'>et</span> <span class='ocrx_word' id='word_1_209' title='bbox 1436 2077 1516 2101; x_wconf 86' lang='lat' dir='ltr'>nos</span> <span class='ocrx_word' id='word_1_210' title='bbox 1548 2062 1630 2101; x_wconf 91' lang='lat' dir='ltr'>hoc</span> 
     </span>
    </p>
   </div>
   <div class='ocr_carea' id='block_1_3' title="bbox 207 2137 1634 2230">
    <p class='ocr_par' dir='ltr' id='par_1_3' title="bbox 207 2137 1634 2230">
     <span class='ocr_line' id='line_1_27' title="bbox 207 2137 1634 2191; baseline -0.003 -9"><span class='ocrx_word' id='word_1_211' title='bbox 207 2154 323 2182; x_wconf 72' lang='lat' dir='ltr'>tanto</span> <span class='ocrx_word' id='word_1_212' title='bbox 364 2153 401 2182; x_wconf 85' lang='lat' dir='ltr'>et</span> <span class='ocrx_word' id='word_1_213' title='bbox 444 2152 529 2180; x_wconf 86' lang='lat' dir='ltr'>tam</span> <span class='ocrx_word' id='word_1_214' title='bbox 568 2138 743 2181; x_wconf 80' lang='lat' dir='ltr'>sublimi</span> <span class='ocrx_word' id='word_1_215' title='bbox 779 2138 997 2178; x_wconf 79' lang='lat' dir='ltr'>intellectu</span> <span class='ocrx_word' id='word_1_216' title='bbox 1043 2154 1132 2177; x_wconf 89' lang='lat' dir='ltr'>non</span> <span class='ocrx_word' id='word_1_217' title='bbox 1173 2138 1409 2179; x_wconf 81' lang='lat' dir='ltr'>efficiamur</span> <span class='ocrx_word' id='word_1_218' title='bbox 1447 2137 1634 2191; x_wconf 78' lang='lat' dir='ltr'>indigni3</span> 
     </span>
     <span class='ocr_line' id='line_1_28' title="bbox 643 2208 665 2230; baseline 0 0"><span class='ocrx_word' id='word_1_219' title='bbox 643 2208 665 2230; x_wconf 71' lang='grc' dir='ltr'><strong><em>ο</em></strong></span> 
     </span>
    </p>
   </div>
   <div class='ocr_carea' id='block_1_4' title="bbox 326 2314 1376 2369">
    <p class='ocr_par' dir='ltr' id='par_1_4' title="bbox 326 2314 1376 2369">
     <span class='ocr_line' id='line_1_29' title="bbox 326 2314 1376 2369; baseline -0.001 -14"><span class='ocrx_word' id='word_1_220' title='bbox 326 2317 368 2367; x_wconf 85' lang='lat'>¹)</span> <span class='ocrx_word' id='word_1_221' title='bbox 402 2315 510 2356; x_wconf 86' lang='lat' dir='ltr'>Cod.</span> <span class='ocrx_word' id='word_1_222' title='bbox 543 2315 817 2367; x_wconf 78' lang='lat' dir='ltr'>Sangerman.</span> <span class='ocrx_word' id='word_1_223' title='bbox 850 2331 952 2364; x_wconf 84' lang='lat' dir='ltr'>„nec</span> <span class='ocrx_word' id='word_1_224' title='bbox 985 2314 1188 2369; x_wconf 84' lang='lat' dir='ltr'>quilibet“</span> <span class='ocrx_word' id='word_1_225' title='bbox 1219 2326 1293 2354; x_wconf 81' lang='lat' dir='ltr'>ete.</span> <span class='ocrx_word' id='word_1_226' title='bbox 1325 2314 1376 2354; x_wconf 84' lang='lat' dir='ltr'>R.</span> 
     </span>
    </p>
   </div>
   <div class='ocr_carea' id='block_1_5' title="bbox 205 2385 1625 2502">
    <p class='ocr_par' dir='ltr' id='par_1_5' title="bbox 205 2385 1625 2502">
     <span class='ocr_line' id='line_1_30' title="bbox 320 2385 1625 2440; baseline -0.002 -13"><span class='ocrx_word' id='word_1_227' title='bbox 320 2387 366 2439; x_wconf 76' lang='grc'>2)</span> <span class='ocrx_word' id='word_1_228' title='bbox 399 2386 507 2427; x_wconf 90' lang='lat' dir='ltr'>Cod.</span> <span class='ocrx_word' id='word_1_229' title='bbox 563 2387 839 2437; x_wconf 81' lang='lat' dir='ltr'>Sangerman.</span> <span class='ocrx_word' id='word_1_230' title='bbox 884 2386 999 2440; x_wconf 83' lang='lat' dir='ltr'>„ipsi</span> <span class='ocrx_word' id='word_1_231' title='bbox 1049 2397 1227 2440; x_wconf 86' lang='lat' dir='ltr'>possunt</span> <span class='ocrx_word' id='word_1_232' title='bbox 1275 2385 1500 2440; x_wconf 80' lang='lat' dir='ltr'>explanare</span> <span class='ocrx_word' id='word_1_233' title='bbox 1549 2385 1625 2425; x_wconf 79' lang='lat' dir='ltr'>ista</span> 
     </span>
     <span class='ocr_line' id='line_1_31' title="bbox 205 2443 524 2502; baseline -0.006 -18"><span class='ocrx_word' id='word_1_234' title='bbox 205 2443 443 2502; x_wconf 68' lang='lat' dir='ltr'>m)·ste1ia.“</span> <span class='ocrx_word' id='word_1_235' title='bbox 474 2443 524 2483; x_wconf 84' lang='lat' dir='ltr'>R.</span> 
     </span>
    </p>
   </div>
   <div class='ocr_carea' id='block_1_6' title="bbox 319 2513 1623 2638">
    <p class='ocr_par' dir='ltr' id='par_1_6' title="bbox 319 2513 1610 2638">
     <span class='ocr_line' id='line_1_32' title="bbox 319 2513 796 2567; baseline 0.004 -15"><span class='ocrx_word' id='word_1_236' title='bbox 319 2515 365 2567; x_wconf 80' lang='lat'>3)</span> <span class='ocrx_word' id='word_1_237' title='bbox 395 2514 550 2555; x_wconf 74' lang='lat' dir='ltr'>Matth.</span> <span class='ocrx_word' id='word_1_238' title='bbox 583 2513 699 2562; x_wconf 74' lang='lat' dir='ltr'><strong>XIII,</strong></span> <span class='ocrx_word' id='word_1_239' title='bbox 732 2515 796 2554; x_wconf 82' lang='lat'>11.</span> 
     </span>
     <span class='ocr_line' id='line_1_33' title="bbox 319 2545 1623 2638; baseline -0.002 -15"><span class='ocrx_word' id='word_1_240' title='bbox 319 2583 364 2638; x_wconf 68' lang='lat'>⁴)</span> <span class='ocrx_word' id='word_1_241' title='bbox 396 2584 512 2624; x_wconf 72' lang='grc' dir='ltr'>1,·ἰὸιί</span> <span class='ocrx_word' id='word_1_242' title='bbox 545 2583 645 2625; x_wconf 77' lang='lat' dir='ltr'>editi</span> <span class='ocrx_word' id='word_1_243' title='bbox 677 2585 732 2638; x_wconf 85' lang='lat' dir='ltr'>(e.</span> <span class='ocrx_word' id='word_1_244' title='bbox 754 2600 786 2624; x_wconf 92' lang='lat' dir='ltr'>c.</span> <span class='ocrx_word' id='word_1_245' title='bbox 816 2583 910 2625; x_wconf 83' lang='lat' dir='ltr'>edd.</span> <span class='ocrx_word' id='word_1_246' title='bbox 938 2584 1044 2638; x_wconf 82' lang='lat' dir='ltr'><strong>M.):</strong></span> <span class='ocrx_word' id='word_1_247' title='bbox 1076 2545 1390 2635; x_wconf 68' lang='lat' dir='ltr'>„m)sterium‚‘</span> <span class='ocrx_word' id='word_1_248' title='bbox 1418 2582 1494 2624; x_wconf 84' lang='lat' dir='ltr'>sed</span> <span class='ocrx_word' id='word_1_249' title='bbox 1525 2581 1623 2622; x_wconf 80' lang='lat' dir='ltr'>Mss.</span> 
     </span>
    </p>
   </div>
   <div class='ocr_carea' id='block_1_7' title="bbox 203 2641 1623 2835">
    <p class='ocr_par' dir='ltr' id='par_1_7' title="bbox 203 2641 1623 2835">
     <span class='ocr_line' id='line_1_34' title="bbox 203 2641 547 2700; baseline -0.006 -18"><span class='ocrx_word' id='word_1_250' title='bbox 203 2642 466 2700; x_wconf 69' lang='lat' dir='ltr'>„m)steria.“</span> <span class='ocrx_word' id='word_1_251' title='bbox 495 2641 547 2680; x_wconf 80' lang='lat' dir='ltr'>R.</span> 
     </span>
     <span class='ocr_line' id='line_1_35' title="bbox 320 2709 1345 2766; baseline 0.001 -17"><span class='ocrx_word' id='word_1_252' title='bbox 320 2711 365 2766; x_wconf 74' lang='grc' dir='ltr'>Ξ’)</span> <span class='ocrx_word' id='word_1_253' title='bbox 396 2710 525 2750; x_wconf 80' lang='lat' dir='ltr'>Levit.</span> <span class='ocrx_word' id='word_1_254' title='bbox 556 2711 717 2759; x_wconf 75' lang='lat' dir='ltr'>XXIV,</span> <span class='ocrx_word' id='word_1_255' title='bbox 746 2710 783 2752; x_wconf 88' lang='grc'>9.</span> <span class='ocrx_word' id='word_1_256' title='bbox 903 2711 948 2765; x_wconf 74' lang='lat'>⁶)</span> <span class='ocrx_word' id='word_1_257' title='bbox 979 2710 995 2749; x_wconf 93' lang='grc' dir='ltr'><strong>Ι</strong></span> <span class='ocrx_word' id='word_1_258' title='bbox 1031 2709 1132 2752; x_wconf 84' lang='lat' dir='ltr'>Cor.</span> <span class='ocrx_word' id='word_1_259' title='bbox 1157 2710 1250 2760; x_wconf 79' lang='lat' dir='ltr'>VH,</span> <span class='ocrx_word' id='word_1_260' title='bbox 1278 2712 1345 2753; x_wconf 87' lang='grc'>31.</span> 
     </span>
     <span class='ocr_line' id='line_1_36' title="bbox 323 2780 1623 2835; baseline -0.001 -15"><span class='ocrx_word' id='word_1_261' title='bbox 323 2781 367 2833; x_wconf 79' lang='grc'>7)</span> <span class='ocrx_word' id='word_1_262' title='bbox 396 2780 515 2821; x_wconf 82' lang='lat' dir='ltr'>Libri</span> <span class='ocrx_word' id='word_1_263' title='bbox 557 2781 654 2821; x_wconf 80' lang='lat' dir='ltr'>editi</span> <span class='ocrx_word' id='word_1_264' title='bbox 697 2782 756 2833; x_wconf 71' lang='lat' dir='ltr'>(v.</span> <span class='ocrx_word' id='word_1_265' title='bbox 798 2797 832 2822; x_wconf 90' lang='lat' dir='ltr'>c.</span> <span class='ocrx_word' id='word_1_266' title='bbox 872 2782 968 2822; x_wconf 88' lang='lat' dir='ltr'>edd.</span> <span class='ocrx_word' id='word_1_267' title='bbox 1013 2780 1121 2835; x_wconf 84' lang='grc' dir='ltr'>Μ.);</span> <span class='ocrx_word' id='word_1_268' title='bbox 1167 2780 1383 2832; x_wconf 74' lang='lat' dir='ltr'>„singulos</span> <span class='ocrx_word' id='word_1_269' title='bbox 1430 2795 1623 2835; x_wconf 83' lang='lat' dir='ltr'>quosque</span> 
     </span>
    </p>
   </div>
   <div class='ocr_carea' id='block_1_8' title="bbox 208 2836 1607 2888">
    <p class='ocr_par' dir='ltr' id='par_1_8' title="bbox 208 2836 1607 2888">
     <span class='ocr_line' id='line_1_37' title="bbox 208 2836 1607 2888; baseline -0.004 -7"><span class='ocrx_word' id='word_1_270' title='bbox 208 2841 425 2881; x_wconf 78' lang='lat' dir='ltr'>confectos</span> <span class='ocrx_word' id='word_1_271' title='bbox 444 2837 476 2879; x_wconf 80' lang='lat' dir='ltr'>si</span> <span class='ocrx_word' id='word_1_272' title='bbox 498 2839 759 2879; x_wconf 82' lang='lat' dir='ltr'>secund-um“</span> <span class='ocrx_word' id='word_1_273' title='bbox 790 2849 880 2888; x_wconf 64' lang='lat' dir='ltr'>etc„</span> <span class='ocrx_word' id='word_1_274' title='bbox 903 2839 974 2881; x_wconf 82' lang='lat' dir='ltr'>sed</span> <span class='ocrx_word' id='word_1_275' title='bbox 993 2836 1090 2880; x_wconf 79' lang='lat' dir='ltr'>Mss.</span> <span class='ocrx_word' id='word_1_276' title='bbox 1118 2849 1163 2879; x_wconf 89' lang='lat' dir='ltr'>ut</span> <span class='ocrx_word' id='word_1_277' title='bbox 1190 2837 1234 2879; x_wconf 85' lang='lat' dir='ltr'>in</span> <span class='ocrx_word' id='word_1_278' title='bbox 1255 2849 1402 2880; x_wconf 81' lang='lat' dir='ltr'>nostro</span> <span class='ocrx_word' id='word_1_279' title='bbox 1424 2848 1550 2878; x_wconf 78' lang='lat' dir='ltr'>textu.</span> <span class='ocrx_word' id='word_1_280' title='bbox 1572 2836 1607 2876; x_wconf 81' lang='lat' dir='ltr'>R</span> 
     </span>
    </p>
   </div>
  </div>
 </body>
</html>
