1752 3136
426 148 472 176 m
502 135 757 175 Lam-rmum
788 129 989 171 Homum
1020 129 1091 170 VI.
1401 129 1485 172 277

70 265 168 300 ergo
208 248 376 288 tunicae
425 248 477 287 de
523 245 702 300 pellibus
753 252 872 282 erant
922 258 968 280 cx
1016 240 1267 282 animalibus
1307 253 1482 282 sumtae.

68 325 242 367 Talibus
284 324 394 365 enim
435 320 662 376 oportebat
690 318 810 359 indui
848 330 1141 373 peccatorem,
1176 316 1386 372 pelliceis,
1414 317 1480 358 in-

67 419 208 457 quam,
227 400 270 456 ¹)
298 397 457 446 tunicis,
487 413 595 451 quae
626 406 760 437 essent
787 395 1071 445 mortalitatis,
1106 411 1231 451 quam
1263 411 1346 449 pro
1377 410 1480 449 pcc-

68 491 161 519 cato
195 486 423 531 acceperat,
453 484 492 514 ct
521 471 752 525 fragilitatis
784 472 893 530 ejus,
932 489 1042 529 quae
1081 490 1127 513 ex
1165 471 1299 513 carnis
1331 487 1480 512 corru-

66 555 212 610 ptione
239 552 442 599 veniebat,
470 549 688 590 indicium.
748 549 794 590 Si
823 565 920 590 vero
953 548 1037 606 jam
1069 551 1180 591 lotus
1212 550 1264 589 ab
1296 548 1359 588 his
1388 550 1481 588 fuc-

64 631 132 678 ris,
162 642 201 670 et
229 629 470 684 purificatus
500 643 578 683 per
605 627 738 677 legem
771 628 876 676 Dei,
920 627 1069 668 induet
1104 639 1144 667 te
1173 626 1319 667 Ἴ’Μοεεε
1354 625 1481 665 indu-

63 718 207 746 mento
237 705 592 760 incorruptionis,
622 705 677 746 ita
707 716 752 745 ut
780 721 989 760 nusquam
1022 715 1225 759 appareat
1253 701 1478 757 turpitudo

65 793 148 831 tua,
179 793 217 822 et
245 793 292 822 ut
322 782 601 823 absorbeatur
630 783 810 823 mortale
839 783 921 821 hoc
954 798 975 821 a
1007 781 1099 821 vita.

171 859 211 900 3.
238 858 470 904 Videamus
500 874 614 909 ergo,
645 859 761 914 quali
792 858 944 899 ordine
972 857 1162 913 pontifex
1184 855 1480 897 constituitur.

61 935 366 987 „Convocavit‚
385 935 432 991 ²)
463 935 614 990 inquit,
644 935 786 977 Moses
806 950 1073 991 synagogam,
1107 946 1146 975 et
1170 933 1269 975 dicit
1301 934 1355 973 ad
1387 949 1479 974 eos:

62 1013 147 1054 hoc
180 1025 238 1053 est
270 1013 467 1061 verbum,
498 1014 613 1068 quod
648 1011 862 1067 praecepit
902 1010 1156 1051 Dominus.“
1220 1011 1335 1051 Licet
1380 1025 1480 1059 ergo

62 1089 275 1131 Dominu‘s
311 1092 364 1131 de
395 1089 691 1130 constituendo
731 1089 934 1144 pontifice
971 1087 1274 1143 praecepisset,
1316 1098 1356 1126 et
1385 1086 1479 1125 Do-

61 1168 200 1208 minus
231 1167 428 1219 elae‘gissct,
458 1178 600 1207 tamen
630 1178 891 1207 convocatur
923 1176 959 1206 et
988 1180 1211 1223 synagoga.
1279 1162 1478 1217 Requiri-

19 1302 21 1304 .
59 1256 128 1284 tur
160 1243 270 1284 enim
299 1244 342 1284 in
377 1244 618 1286 ordinando
647 1243 869 1284 sacerdote
899 1254 937 1283 et
973 1241 1209 1297 praesentia
1237 1240 1404 1297 populi,
1435 1251 1481 1280 ut

60 1320 191 1361 sciant
224 1337 390 1371 omnes,
429 1333 468 1362 et
506 1321 606 1362 certi
645 1320 748 1370 sint,
798 1319 895 1375 quia
928 1318 1000 1374 qui
1028 1319 1312 1374 praestantior
1343 1329 1403 1358 est
1433 1333 1480 1357 ex

60 1397 176 1438 omni
207 1399 388 1453 populo,
421 1398 493 1453 qui
524 1396 707 1446 doctior,
739 1399 810 1452 qui
839 1396 1036 1445 sanctior,
1070 1397 1142 1452 qui
1171 1397 1213 1436 in
1248 1395 1367 1436 omni
1396 1395 1478 1435 vir-

57 1487 147 1516 tute
176 1474 445 1523 eminentior,
485 1475 556 1515 ille
588 1474 753 1524 cligitur
782 1477 834 1515 ad
865 1474 1169 1524 sacerdotium,
1219 1486 1257 1514 ct
1288 1474 1371 1514 hoc
1404 1474 1477 1513 ad-

57 1564 192 1594 stante
221 1553 409 1608 populo,
452 1567 506 1591 nc
554 1568 637 1606 qua
677 1552 955 1606 postmodum
997 1550 1237 1592 retractatio
1268 1549 1480 1605 cuiquam,

58 1647 114 1670 ne
145 1628 235 1684 quis
274 1630 497 1683 serupulus
536 1629 747 1669 resideret.
836 1626 932 1668 Hoc
972 1640 1028 1670 cst
1069 1639 1231 1676 autem,
1281 1628 1397 1682 quod
1441 1639 1480 1666 ct

58 1707 289 1762 Apostolus
326 1704 602 1760 praecepit3)
632 1704 676 1744 in
709 1704 979 1745 ordinatione
1017 1704 1269 1752 sacerdotis,
1313 1702 1478 1744 dfcens:

57 1782 319 1839 „oportet⁴)
351 1794 489 1824 autem
522 1782 642 1823 illum
676 1793 713 1821 et
739 1780 1027 1822 testimonium
1052 1782 1208 1821 habere
1227 1781 1389 1820 bonum
1424 1782 1475 1819 ab

58 1859 137 1910 his,
165 1859 237 1915 qui
269 1859 371 1901 soris
401 1865 536 1901 sunt.“
573 1860 666 1910 Ego
694 1872 832 1900 tamen
856 1858 1088 1913 etamplius
1109 1857 1267 1913 aliquid
1290 1858 1412 1897 video
1436 1859 1476 1897 in

59 1954 124 1988 eo,
156 1939 274 1993 quod
307 1937 417 1986 dicit,
439 1936 537 1992 quia
569 1935 818 1977 convocavit
837 1936 980 1978 'Moses
1018 1952 1189 1976 omnem
1210 1951 1478 1992 synagogam,

61 2027 102 2055 et
129 2025 259 2070 puto,
305 2015 422 2069 quod
464 2030 702 2055 convocare
741 2029 1023 2069 synagogam,
1066 2014 1149 2053 hoc
1189 2013 1239 2052 sit
1280 2012 1477 2063 colligere

61 2107 209 2132 omnes
239 2091 368 2132 animi
408 2103 448 2131 et
487 2093 530 2131 in
570 2108 704 2150 unum
743 2107 1000 2143 congregare
1040 2092 1234 2138 virtutes,
1272 2101 1339 2137 ut,
1378 2106 1474 2128 cum

58 2184 199 2210 sermo
246 2169 298 2208 de
347 2167 678 2209 sacerdotalibus
735 2168 1005 2209 sacramentis
1053 2168 1253 2215 liabetur,
1309 2165 1479 2216 vigilent

61 2262 208 2287 omnes
239 2244 366 2286 animi
396 2244 578 2296 virtutes,
611 2256 651 2285 et
679 2245 863 2287 intentae
892 2245 994 2292 sint,
1023 2245 1130 2285 nihil
1159 2244 1203 2284 in
1234 2244 1282 2285 iis
1311 2243 1479 2299 sapien-

59 2323 155 2373 tiae,
183 2321 289 2363 nibil
317 2321 526 2370 scientiae,
557 2320 663 2362 nihil
694 2323 801 2364 desit
826 2321 1070 2369 industriae,
1101 2322 1174 2362 sed
1204 2320 1310 2361 adsit
1340 2319 1477 2360 omnis

59 2399 289 2442 multitudo
329 2415 551 2447 sensuum,
602 2389 708 2439 adsit
747 2399 884 2440 omnis
926 2397 1196 2449 congregatio
1236 2409 1474 2438 sanctarum

61 2478 377 2531 cogitationum,
407 2487 453 2516 ut
483 2476 585 2532 quid
603 2478 654 2519 sit
678 2477 882 2532 poutiIeX,
911 2475 1014 2531 quid
1038 2474 1195 2522 unctio,
1220 2490 1328 2529 quae
1349 2474 1476 2513 indu-

61 2566 204 2596 menta
236 2553 340 2608 ejus,
385 2556 608 2596 conserens
646 2553 753 2595 intra
783 2553 1012 2596 sacrarium
1053 2551 1192 2593 cordis
1223 2551 1307 2600 sui,
1344 2549 1478 2606 possit

177 2672 224 2726 ¹)
252 2671 370 2711 Libri
399 2672 572 2728 editi(v.
593 2690 626 2714 c.
656 2675 750 2714 edd.
771 2674 878 2728 Μ.).
909 2673 1111 2729 „inquit,“
1142 2671 1215 2711 sed
1230 2670 1352 2710 Mss.:
1384 2667 1474 2718 „iu-

59 2732 226 2783 quam.⁸‘
262 2728 313 2768 R.

175 2799 223 2851 2)
253 2799 341 2839 cfr.
371 2797 494 2841 tevit.
526 2799 638 2848 vm,
667 2801 705 2841 5.
738 2799 833 2842 0011.
865 2814 954 2855 pag.
986 2798 1083 2844 273.
1111 2779 1201 2837 not.
1238 2811 1268 2837 ι.

174 2869 222 2924 ³)
251 2870 362 2917 Edd.
394 2869 588 2912 NIcrlini:
619 2870 840 2928 praecipit,
960 2871 1005 2926 ⁴)
1030 2871 1047 2911 l
1081 2867 1190 2911 Τίιυ.
1221 2865 1294 2914 lll,
1324 2866 1364 2907 7.
