<?xml version="1.0" encoding="UTF-8"?>
<!DOCTYPE html PUBLIC "-//W3C//DTD XHTML 1.0 Transitional//EN"
    "http://www.w3.org/TR/xhtml1/DTD/xhtml1-transitional.dtd">
<html xmlns="http://www.w3.org/1999/xhtml" xml:lang="en" lang="en">
 <head>
  <title>
</title>
<meta http-equiv="Content-Type" content="text/html;charset=utf-8" />
  <meta name='ocr-system' content='tesseract 3.04.00' />
  <meta name='ocr-capabilities' content='ocr_page ocr_carea ocr_par ocr_line ocrx_word'/>
</head>
<body>
  <div class='ocr_page' id='page_1' title='image "./operaomniaquaegr09orig_0387.png"; bbox 0 0 1752 3136; ppageno 0'>
   <div class='ocr_carea' id='block_1_1' title="bbox 1413 129 1436 144">
    <p class='ocr_par' dir='ltr' id='par_1_1' title="bbox 1413 129 1436 144">
     <span class='ocr_line' id='line_1_1' title="bbox 1413 129 1436 144; baseline 0 -4"><span class='ocrx_word' id='word_1_1' title='bbox 1413 129 1436 144; x_wconf 71' lang='grc' dir='ltr'><strong>ρ</strong></span> 
     </span>
    </p>
   </div>
   <div class='ocr_carea' id='block_1_2' title="bbox 417 129 1466 187">
    <p class='ocr_par' dir='ltr' id='par_1_2' title="bbox 417 129 1466 187">
     <span class='ocr_line' id='line_1_2' title="bbox 417 129 1466 187; baseline -0.001 -14"><span class='ocrx_word' id='word_1_2' title='bbox 417 145 468 176; x_wconf 77' lang='lat' dir='ltr'>m</span> <span class='ocrx_word' id='word_1_3' title='bbox 499 132 755 174; x_wconf 69' lang='lat' dir='ltr'>anmcum</span> <span class='ocrx_word' id='word_1_4' title='bbox 785 132 986 172; x_wconf 79' lang='lat' dir='ltr'>HommA</span> <span class='ocrx_word' id='word_1_5' title='bbox 1016 129 1090 171; x_wconf 89' lang='grc' dir='ltr'>ΧΙ.</span> <span class='ocrx_word' id='word_1_6' title='bbox 1356 129 1466 187; x_wconf 44' lang='grc'>,315</span> 
     </span>
    </p>
   </div>
   <div class='ocr_carea' id='block_1_3' title="bbox 0 242 1469 1992">
    <p class='ocr_par' dir='ltr' id='par_1_3' title="bbox 0 242 1469 1992">
     <span class='ocr_line' id='line_1_3' title="bbox 45 242 1464 297; baseline -0.005 -10"><span class='ocrx_word' id='word_1_7' title='bbox 45 247 244 287; x_wconf 78' lang='lat' dir='ltr'>convenit</span> <span class='ocrx_word' id='word_1_8' title='bbox 274 245 435 286; x_wconf 80' lang='lat' dir='ltr'>dicens:</span> <span class='ocrx_word' id='word_1_9' title='bbox 466 243 859 297; x_wconf 75' lang='lat' dir='ltr'>‚,sm]cti¹)0est0te,</span> <span class='ocrx_word' id='word_1_10' title='bbox 891 242 988 297; x_wconf 75' lang='lat' dir='ltr'>quia</span> <span class='ocrx_word' id='word_1_11' title='bbox 1016 252 1056 280; x_wconf 90' lang='lat' dir='ltr'>et</span> <span class='ocrx_word' id='word_1_12' title='bbox 1080 254 1156 290; x_wconf 84' lang='lat' dir='ltr'>ego</span> <span class='ocrx_word' id='word_1_13' title='bbox 1173 249 1340 280; x_wconf 77' lang='lat' dir='ltr'>sanctus</span> <span class='ocrx_word' id='word_1_14' title='bbox 1369 255 1464 280; x_wconf 88' lang='lat' dir='ltr'>sum</span> 
     </span>
     <span class='ocr_line' id='line_1_4' title="bbox 44 315 1464 374; baseline -0.006 -12"><span class='ocrx_word' id='word_1_15' title='bbox 44 323 258 363; x_wconf 81' lang='lat' dir='ltr'>Dominus</span> <span class='ocrx_word' id='word_1_16' title='bbox 289 322 406 360; x_wconf 87' lang='lat' dir='ltr'>Deus</span> <span class='ocrx_word' id='word_1_17' title='bbox 437 331 568 361; x_wconf 76' lang='lat' dir='ltr'>vester</span> <span class='ocrx_word' id='word_1_18' title='bbox 581 325 616 360; x_wconf 88' lang='lat'>:“</span> <span class='ocrx_word' id='word_1_19' title='bbox 655 318 866 374; x_wconf 81' lang='lat' dir='ltr'><strong>sapienter</strong></span> <span class='ocrx_word' id='word_1_20' title='bbox 896 317 1080 368; x_wconf 81' lang='lat' dir='ltr'>intellige</span> <span class='ocrx_word' id='word_1_21' title='bbox 1111 332 1220 372; x_wconf 80' lang='lat' dir='ltr'>quae</span> <span class='ocrx_word' id='word_1_22' title='bbox 1250 315 1464 371; x_wconf 61' lang='lat' dir='ltr'>(figuntur,</span> 
     </span>
     <span class='ocr_line' id='line_1_5' title="bbox 44 390 1463 447; baseline -0.006 -7"><span class='ocrx_word' id='word_1_23' title='bbox 44 411 91 440; x_wconf 90' lang='lat' dir='ltr'>ut</span> <span class='ocrx_word' id='word_1_24' title='bbox 119 401 170 440; x_wconf 84' lang='lat' dir='ltr'>sis</span> <span class='ocrx_word' id='word_1_25' title='bbox 200 400 361 446; x_wconf 77' lang='lat' dir='ltr'>beatus,</span> <span class='ocrx_word' id='word_1_26' title='bbox 393 413 489 437; x_wconf 86' lang='lat' dir='ltr'>cum</span> <span class='ocrx_word' id='word_1_27' title='bbox 517 396 665 437; x_wconf 81' lang='lat' dir='ltr'>feceris</span> <span class='ocrx_word' id='word_1_28' title='bbox 696 412 755 436; x_wconf 85' lang='lat' dir='ltr'>ca.</span> <span class='ocrx_word' id='word_1_29' title='bbox 816 395 914 436; x_wconf 87' lang='lat' dir='ltr'>Hoc</span> <span class='ocrx_word' id='word_1_30' title='bbox 944 405 1005 435; x_wconf 88' lang='lat' dir='ltr'>est</span> <span class='ocrx_word' id='word_1_31' title='bbox 1035 393 1168 441; x_wconf 84' lang='lat' dir='ltr'>enim,</span> <span class='ocrx_word' id='word_1_32' title='bbox 1208 394 1327 447; x_wconf 85' lang='lat' dir='ltr'>quod</span> <span class='ocrx_word' id='word_1_33' title='bbox 1359 390 1463 432; x_wconf 82' lang='lat' dir='ltr'>dici-</span> 
     </span>
     <span class='ocr_line' id='line_1_6' title="bbox 42 469 1466 529; baseline -0.005 -14"><span class='ocrx_word' id='word_1_34' title='bbox 42 487 112 515; x_wconf 72' lang='lat' dir='ltr'>tur</span> <span class='ocrx_word' id='word_1_35' title='bbox 139 475 240 516; x_wconf 77' lang='lat' dir='ltr'>tibi:</span> <span class='ocrx_word' id='word_1_36' title='bbox 269 491 416 529; x_wconf 79' lang='lat' dir='ltr'>separa</span> <span class='ocrx_word' id='word_1_37' title='bbox 445 485 486 515; x_wconf 83' lang='lat' dir='ltr'>te</span> <span class='ocrx_word' id='word_1_38' title='bbox 516 475 568 514; x_wconf 89' lang='lat' dir='ltr'>ab</span> <span class='ocrx_word' id='word_1_39' title='bbox 610 472 730 516; x_wconf 84' lang='lat' dir='ltr'>omni</span> <span class='ocrx_word' id='word_1_40' title='bbox 771 489 862 513; x_wconf 86' lang='lat' dir='ltr'>non</span> <span class='ocrx_word' id='word_1_41' title='bbox 900 472 1040 514; x_wconf 86' lang='lat' dir='ltr'>solum</span> <span class='ocrx_word' id='word_1_42' title='bbox 1081 469 1279 518; x_wconf 86' lang='lat' dir='ltr'>homine,</span> <span class='ocrx_word' id='word_1_43' title='bbox 1320 470 1393 510; x_wconf 88' lang='lat' dir='ltr'>sed</span> <span class='ocrx_word' id='word_1_44' title='bbox 1425 481 1466 509; x_wconf 88' lang='lat' dir='ltr'>et</span> 
     </span>
     <span class='ocr_line' id='line_1_7' title="bbox 0 546 1465 606; baseline -0.003 -15"><span class='ocrx_word' id='word_1_45' title='bbox 0 594 2 601; x_wconf 61' lang='grc'><strong>,</strong></span> <span class='ocrx_word' id='word_1_46' title='bbox 42 553 171 592; x_wconf 80' lang='lat' dir='ltr'>fratre</span> <span class='ocrx_word' id='word_1_47' title='bbox 199 551 388 606; x_wconf 82' lang='lat' dir='ltr'><strong>inquiete</strong></span> <span class='ocrx_word' id='word_1_48' title='bbox 416 551 684 599; x_wconf 79' lang='lat' dir='ltr'>ambulante,</span> <span class='ocrx_word' id='word_1_49' title='bbox 728 562 768 591; x_wconf 84' lang='lat' dir='ltr'>et</span> <span class='ocrx_word' id='word_1_50' title='bbox 810 566 901 590; x_wconf 89' lang='lat' dir='ltr'>non</span> <span class='ocrx_word' id='word_1_51' title='bbox 940 548 1176 590; x_wconf 84' lang='lat' dir='ltr'>secundum</span> <span class='ocrx_word' id='word_1_52' title='bbox 1215 546 1465 587; x_wconf 83' lang='lat' dir='ltr'>traditiones</span> 
     </span>
     <span class='ocr_line' id='line_1_8' title="bbox 41 623 1465 687; baseline -0.004 -19"><span class='ocrx_word' id='word_1_53' title='bbox 41 629 306 683; x_wconf 77' lang='lat' dir='ltr'>apostolicas.</span> <span class='ocrx_word' id='word_1_54' title='bbox 372 626 728 687; x_wconf 40' lang='lat' dir='ltr'>„sepa-amini&amp;</span> <span class='ocrx_word' id='word_1_55' title='bbox 769 626 923 667; x_wconf 78' lang='lat' dir='ltr'>etenim</span> <span class='ocrx_word' id='word_1_56' title='bbox 956 623 1030 680; x_wconf 88' lang='lat' dir='ltr'>qui</span> <span class='ocrx_word' id='word_1_57' title='bbox 1067 623 1265 679; x_wconf 83' lang='lat' dir='ltr'>portatis,</span> <span class='ocrx_word' id='word_1_58' title='bbox 1312 623 1465 677; x_wconf 80' lang='lat' dir='ltr'>inquit,</span> 
     </span>
     <span class='ocr_line' id='line_1_9' title="bbox 40 699 1463 753; baseline -0.003 -10"><span class='ocrx_word' id='word_1_59' title='bbox 40 722 135 745; x_wconf 77' lang='lat' dir='ltr'>vasa</span> <span class='ocrx_word' id='word_1_60' title='bbox 165 704 357 753; x_wconf 82' lang='lat' dir='ltr'>Domini,</span> <span class='ocrx_word' id='word_1_61' title='bbox 388 715 428 744; x_wconf 85' lang='lat' dir='ltr'>et</span> <span class='ocrx_word' id='word_1_62' title='bbox 458 705 563 745; x_wconf 75' lang='lat' dir='ltr'>exite</span> <span class='ocrx_word' id='word_1_63' title='bbox 595 706 648 745; x_wconf 82' lang='lat' dir='ltr'>(le</span> <span class='ocrx_word' id='word_1_64' title='bbox 678 705 822 745; x_wconf 84' lang='lat' dir='ltr'>medio</span> <span class='ocrx_word' id='word_1_65' title='bbox 858 708 1057 751; x_wconf 83' lang='lat' dir='ltr'>eorum,“</span> <span class='ocrx_word' id='word_1_66' title='bbox 1094 700 1196 742; x_wconf 82' lang='lat' dir='ltr'>dicit</span> <span class='ocrx_word' id='word_1_67' title='bbox 1234 699 1463 743; x_wconf 80' lang='lat' dir='ltr'>Dominus.</span> 
     </span>
     <span class='ocr_line' id='line_1_10' title="bbox 42 776 1465 836; baseline -0.002 -16"><span class='ocrx_word' id='word_1_68' title='bbox 42 779 200 834; x_wconf 79' lang='lat' dir='ltr'>Separa</span> <span class='ocrx_word' id='word_1_69' title='bbox 230 791 271 820; x_wconf 84' lang='lat' dir='ltr'>te</span> <span class='ocrx_word' id='word_1_70' title='bbox 304 797 327 821; x_wconf 78' lang='lat' dir='ltr'>a</span> <span class='ocrx_word' id='word_1_71' title='bbox 357 781 531 822; x_wconf 83' lang='lat' dir='ltr'>terrenis</span> <span class='ocrx_word' id='word_1_72' title='bbox 563 781 745 831; x_wconf 75' lang='lat' dir='ltr'>actibus,</span> <span class='ocrx_word' id='word_1_73' title='bbox 793 795 942 836; x_wconf 69' lang='lat' dir='ltr'>separa</span> <span class='ocrx_word' id='word_1_74' title='bbox 979 790 1019 819; x_wconf 77' lang='lat' dir='ltr'>te</span> <span class='ocrx_word' id='word_1_75' title='bbox 1058 794 1080 818; x_wconf 85' lang='lat' dir='ltr'>a</span> <span class='ocrx_word' id='word_1_76' title='bbox 1120 776 1465 833; x_wconf 74' lang='lat' dir='ltr'>concupiscentIa</span> 
     </span>
     <span class='ocr_line' id='line_1_11' title="bbox 40 855 1463 913; baseline -0.001 -17"><span class='ocrx_word' id='word_1_77' title='bbox 40 857 212 898; x_wconf 84' lang='lat' dir='ltr'>mundi:</span> <span class='ocrx_word' id='word_1_78' title='bbox 254 858 472 912; x_wconf 80' lang='lat' dir='ltr'>„omne3)</span> <span class='ocrx_word' id='word_1_79' title='bbox 520 859 632 899; x_wconf 85' lang='lat' dir='ltr'>enim</span> <span class='ocrx_word' id='word_1_80' title='bbox 668 859 786 913; x_wconf 87' lang='lat' dir='ltr'>quod</span> <span class='ocrx_word' id='word_1_81' title='bbox 815 857 860 897; x_wconf 87' lang='lat' dir='ltr'>in</span> <span class='ocrx_word' id='word_1_82' title='bbox 890 857 1055 896; x_wconf 86' lang='lat' dir='ltr'>mundo</span> <span class='ocrx_word' id='word_1_83' title='bbox 1097 867 1179 905; x_wconf 84' lang='lat' dir='ltr'>est,</span> <span class='ocrx_word' id='word_1_84' title='bbox 1226 855 1463 897; x_wconf 81' lang='lat' dir='ltr'>secundum</span> 
     </span>
     <span class='ocr_line' id='line_1_12' title="bbox 42 932 1467 989; baseline -0.001 -16"><span class='ocrx_word' id='word_1_85' title='bbox 42 934 325 988; x_wconf 84' lang='lat' dir='ltr'>Apostolum,</span> <span class='ocrx_word' id='word_1_86' title='bbox 357 935 701 989; x_wconf 83' lang='lat' dir='ltr'>concupiscentia</span> <span class='ocrx_word' id='word_1_87' title='bbox 745 933 879 975; x_wconf 83' lang='lat' dir='ltr'>carnis</span> <span class='ocrx_word' id='word_1_88' title='bbox 919 945 1000 982; x_wconf 84' lang='lat' dir='ltr'>est,</span> <span class='ocrx_word' id='word_1_89' title='bbox 1044 944 1083 973; x_wconf 85' lang='lat' dir='ltr'>et</span> <span class='ocrx_word' id='word_1_90' title='bbox 1121 932 1467 988; x_wconf 85' lang='lat' dir='ltr'>concupiscentia</span> 
     </span>
     <span class='ocr_line' id='line_1_13' title="bbox 44 1009 1465 1066; baseline 0.001 -16"><span class='ocrx_word' id='word_1_91' title='bbox 44 1011 286 1060; x_wconf 86' lang='lat' dir='ltr'>oculorum,</span> <span class='ocrx_word' id='word_1_92' title='bbox 316 1028 424 1066; x_wconf 79' lang='lat' dir='ltr'>quae</span> <span class='ocrx_word' id='word_1_93' title='bbox 453 1028 543 1052; x_wconf 90' lang='lat' dir='ltr'>non</span> <span class='ocrx_word' id='word_1_94' title='bbox 574 1024 634 1052; x_wconf 86' lang='lat' dir='ltr'>est</span> <span class='ocrx_word' id='word_1_95' title='bbox 665 1029 687 1052; x_wconf 82' lang='lat' dir='ltr'>a</span> <span class='ocrx_word' id='word_1_96' title='bbox 718 1012 858 1052; x_wconf 88' lang='lat' dir='ltr'>Deo.“</span> <span class='ocrx_word' id='word_1_97' title='bbox 934 1009 1044 1050; x_wconf 87' lang='lat' dir='ltr'>Cum</span> <span class='ocrx_word' id='word_1_98' title='bbox 1077 1025 1175 1062; x_wconf 82' lang='lat' dir='ltr'>ergo</span> <span class='ocrx_word' id='word_1_99' title='bbox 1207 1009 1465 1065; x_wconf 79' lang='lat' dir='ltr'>separaveris</span> 
     </span>
     <span class='ocr_line' id='line_1_14' title="bbox 41 1086 1464 1142; baseline 0 -15"><span class='ocrx_word' id='word_1_100' title='bbox 41 1099 80 1127; x_wconf 79' lang='lat' dir='ltr'>te</span> <span class='ocrx_word' id='word_1_101' title='bbox 112 1089 164 1127; x_wconf 79' lang='lat' dir='ltr'>ab</span> <span class='ocrx_word' id='word_1_102' title='bbox 196 1087 257 1130; x_wconf 80' lang='lat' dir='ltr'>his</span> <span class='ocrx_word' id='word_1_103' title='bbox 289 1090 501 1138; x_wconf 83' lang='lat' dir='ltr'>omnibus,</span> <span class='ocrx_word' id='word_1_104' title='bbox 532 1090 691 1129; x_wconf 75' lang='lat' dir='ltr'>devove</span> <span class='ocrx_word' id='word_1_105' title='bbox 720 1099 760 1128; x_wconf 84' lang='lat' dir='ltr'>te</span> <span class='ocrx_word' id='word_1_106' title='bbox 786 1089 883 1127; x_wconf 88' lang='lat' dir='ltr'>Deo</span> <span class='ocrx_word' id='word_1_107' title='bbox 903 1098 1104 1141; x_wconf 82' lang='lat' dir='ltr'>tanquam</span> <span class='ocrx_word' id='word_1_108' title='bbox 1131 1086 1464 1142; x_wconf 82' lang='lat' dir='ltr'>primogenitum</span> 
     </span>
     <span class='ocr_line' id='line_1_15' title="bbox 42 1161 1465 1221; baseline -0.001 -17"><span class='ocrx_word' id='word_1_109' title='bbox 42 1165 240 1205; x_wconf 73' lang='lat' dir='ltr'>vitulum:</span> <span class='ocrx_word' id='word_1_110' title='bbox 272 1182 363 1205; x_wconf 90' lang='lat' dir='ltr'>non</span> <span class='ocrx_word' id='word_1_111' title='bbox 394 1178 595 1220; x_wconf 80' lang='lat' dir='ltr'>operetur</span> <span class='ocrx_word' id='word_1_112' title='bbox 624 1181 702 1221; x_wconf 83' lang='lat' dir='ltr'>per</span> <span class='ocrx_word' id='word_1_113' title='bbox 731 1177 772 1205; x_wconf 86' lang='lat' dir='ltr'>te</span> <span class='ocrx_word' id='word_1_114' title='bbox 804 1174 1050 1219; x_wconf 81' lang='lat' dir='ltr'>peccatum,</span> <span class='ocrx_word' id='word_1_115' title='bbox 1090 1179 1168 1203; x_wconf 87' lang='lat' dir='ltr'>nec</span> <span class='ocrx_word' id='word_1_116' title='bbox 1201 1161 1348 1220; x_wconf 81' lang='lat' dir='ltr'>jugum</span> <span class='ocrx_word' id='word_1_117' title='bbox 1386 1162 1465 1203; x_wconf 79' lang='lat' dir='ltr'>tibi</span> 
     </span>
     <span class='ocr_line' id='line_1_16' title="bbox 42 1240 1463 1295; baseline 0 -15"><span class='ocrx_word' id='word_1_118' title='bbox 42 1240 238 1295; x_wconf 80' lang='lat' dir='ltr'>imponat</span> <span class='ocrx_word' id='word_1_119' title='bbox 257 1241 435 1283; x_wconf 82' lang='lat' dir='ltr'>malitia:</span> <span class='ocrx_word' id='word_1_120' title='bbox 453 1243 526 1283; x_wconf 83' lang='lat' dir='ltr'>s&#39;cd</span> <span class='ocrx_word' id='word_1_121' title='bbox 547 1254 632 1283; x_wconf 89' lang='lat' dir='ltr'>esto</span> <span class='ocrx_word' id='word_1_122' title='bbox 658 1254 864 1294; x_wconf 79' lang='lat' dir='ltr'>semotus,</span> <span class='ocrx_word' id='word_1_123' title='bbox 888 1254 926 1282; x_wconf 89' lang='lat' dir='ltr'>et</span> <span class='ocrx_word' id='word_1_124' title='bbox 950 1253 1198 1294; x_wconf 81' lang='lat' dir='ltr'>segregatus,</span> <span class='ocrx_word' id='word_1_125' title='bbox 1213 1242 1358 1282; x_wconf 84' lang='lat' dir='ltr'>usibus</span> <span class='ocrx_word' id='word_1_126' title='bbox 1369 1252 1463 1282; x_wconf 84' lang='lat' dir='ltr'>tan-</span> 
     </span>
     <span class='ocr_line' id='line_1_17' title="bbox 43 1315 1464 1375; baseline 0 -18"><span class='ocrx_word' id='word_1_127' title='bbox 43 1328 135 1357; x_wconf 86' lang='lat' dir='ltr'>tum</span> <span class='ocrx_word' id='word_1_128' title='bbox 174 1319 531 1367; x_wconf 77' lang='lat' dir='ltr'>sacerdotalibus.</span> <span class='ocrx_word' id='word_1_129' title='bbox 570 1331 771 1375; x_wconf 80' lang='lat' dir='ltr'><strong>tanquam</strong></span> <span class='ocrx_word' id='word_1_130' title='bbox 802 1315 1132 1375; x_wconf 82' lang='lat' dir='ltr'>primogenitum</span> <span class='ocrx_word' id='word_1_131' title='bbox 1156 1319 1312 1360; x_wconf 83' lang='lat' dir='ltr'>animal</span> <span class='ocrx_word' id='word_1_132' title='bbox 1342 1333 1464 1358; x_wconf 80' lang='lat' dir='ltr'>man-</span> 
     </span>
     <span class='ocr_line' id='line_1_18' title="bbox 46 1395 1467 1452; baseline 0 -17"><span class='ocrx_word' id='word_1_133' title='bbox 46 1395 220 1450; x_wconf 80' lang='lat' dir='ltr'>cipatus.</span> <span class='ocrx_word' id='word_1_134' title='bbox 281 1397 462 1448; x_wconf 78' lang='lat' dir='ltr'>Segrega</span> <span class='ocrx_word' id='word_1_135' title='bbox 478 1396 524 1450; x_wconf 74' lang='lat'>4)</span> <span class='ocrx_word' id='word_1_136' title='bbox 554 1409 595 1437; x_wconf 81' lang='lat' dir='ltr'>te</span> <span class='ocrx_word' id='word_1_137' title='bbox 626 1409 665 1437; x_wconf 88' lang='lat' dir='ltr'>ct</span> <span class='ocrx_word' id='word_1_138' title='bbox 694 1413 889 1446; x_wconf 86' lang='lat' dir='ltr'>secerne,</span> <span class='ocrx_word' id='word_1_139' title='bbox 926 1408 1132 1452; x_wconf 70' lang='lat' dir='ltr'>tanquam</span> <span class='ocrx_word' id='word_1_140' title='bbox 1172 1395 1342 1450; x_wconf 81' lang='lat' dir='ltr'>phialae</span> <span class='ocrx_word' id='word_1_141' title='bbox 1371 1412 1467 1436; x_wconf 84' lang='lat' dir='ltr'>san-</span> 
     </span>
     <span class='ocr_line' id='line_1_19' title="bbox 44 1473 1468 1528; baseline -0.001 -14"><span class='ocrx_word' id='word_1_142' title='bbox 44 1486 146 1523; x_wconf 80' lang='lat' dir='ltr'>ctae,</span> <span class='ocrx_word' id='word_1_143' title='bbox 179 1486 218 1514; x_wconf 80' lang='lat' dir='ltr'>et</span> <span class='ocrx_word' id='word_1_144' title='bbox 246 1486 389 1515; x_wconf 80' lang='lat' dir='ltr'>sancta</span> <span class='ocrx_word' id='word_1_145' title='bbox 418 1474 649 1524; x_wconf 77' lang='lat' dir='ltr'>thuribula,</span> <span class='ocrx_word' id='word_1_146' title='bbox 678 1473 807 1515; x_wconf 87' lang='lat' dir='ltr'>solius</span> <span class='ocrx_word' id='word_1_147' title='bbox 836 1473 988 1528; x_wconf 80' lang='lat' dir='ltr'>templi</span> <span class='ocrx_word' id='word_1_148' title='bbox 1016 1475 1177 1523; x_wconf 79' lang='lat' dir='ltr'>usibus,</span> <span class='ocrx_word' id='word_1_149' title='bbox 1206 1485 1246 1514; x_wconf 83' lang='lat' dir='ltr'>et</span> <span class='ocrx_word' id='word_1_150' title='bbox 1274 1473 1356 1513; x_wconf 85' lang='lat' dir='ltr'>Dei</span> <span class='ocrx_word' id='word_1_151' title='bbox 1386 1473 1468 1514; x_wconf 86' lang='lat' dir='ltr'>mi-</span> 
     </span>
     <span class='ocr_line' id='line_1_20' title="bbox 43 1550 1469 1607; baseline 0.001 -17"><span class='ocrx_word' id='word_1_152' title='bbox 43 1551 214 1594; x_wconf 82' lang='lat' dir='ltr'>nisterio</span> <span class='ocrx_word' id='word_1_153' title='bbox 245 1568 409 1596; x_wconf 75' lang='lat' dir='ltr'>vacans.</span> <span class='ocrx_word' id='word_1_154' title='bbox 465 1551 626 1606; x_wconf 78' lang='lat' dir='ltr'>Separa</span> <span class='ocrx_word' id='word_1_155' title='bbox 655 1562 708 1599; x_wconf 78' lang='lat' dir='ltr'>te,</span> <span class='ocrx_word' id='word_1_156' title='bbox 741 1562 780 1591; x_wconf 83' lang='lat' dir='ltr'>et</span> <span class='ocrx_word' id='word_1_157' title='bbox 808 1567 977 1591; x_wconf 82' lang='lat' dir='ltr'>semove</span> <span class='ocrx_word' id='word_1_158' title='bbox 1008 1551 1060 1590; x_wconf 82' lang='lat' dir='ltr'>ab</span> <span class='ocrx_word' id='word_1_159' title='bbox 1084 1551 1202 1591; x_wconf 86' lang='lat' dir='ltr'>omni</span> <span class='ocrx_word' id='word_1_160' title='bbox 1224 1550 1469 1607; x_wconf 73' lang='lat' dir='ltr'>pollutione</span> 
     </span>
     <span class='ocr_line' id='line_1_21' title="bbox 45 1614 1467 1683; baseline -0.001 -14"><span class='ocrx_word' id='word_1_161' title='bbox 45 1629 219 1683; x_wconf 76' lang='lat' dir='ltr'>peccati,</span> <span class='ocrx_word' id='word_1_162' title='bbox 250 1639 290 1668; x_wconf 79' lang='lat' dir='ltr'>et</span> <span class='ocrx_word' id='word_1_163' title='bbox 321 1639 407 1668; x_wconf 84' lang='lat' dir='ltr'>esto</span> <span class='ocrx_word' id='word_1_164' title='bbox 437 1640 622 1668; x_wconf 80' lang='lat' dir='ltr'>semotus</span> <span class='ocrx_word' id='word_1_165' title='bbox 655 1639 695 1668; x_wconf 88' lang='lat' dir='ltr'>et</span> <span class='ocrx_word' id='word_1_166' title='bbox 727 1625 962 1680; x_wconf 69' lang='lat' dir='ltr'>segrega&#39;tus</span> <span class='ocrx_word' id='word_1_167' title='bbox 991 1628 1101 1669; x_wconf 82' lang='lat' dir='ltr'>intra</span> <span class='ocrx_word' id='word_1_168' title='bbox 1131 1614 1339 1681; x_wconf 24' lang='lat' dir='ltr'>tem-plum</span> <span class='ocrx_word' id='word_1_169' title='bbox 1369 1627 1467 1676; x_wconf 83' lang='lat' dir='ltr'>Dei,</span> 
     </span>
     <span class='ocr_line' id='line_1_22' title="bbox 45 1704 1468 1761; baseline 0 -16"><span class='ocrx_word' id='word_1_170' title='bbox 45 1718 248 1760; x_wconf 70' lang='lat' dir='ltr'>tanquam</span> <span class='ocrx_word' id='word_1_171' title='bbox 280 1717 420 1746; x_wconf 85' lang='lat' dir='ltr'>sancta</span> <span class='ocrx_word' id='word_1_172' title='bbox 450 1704 699 1746; x_wconf 81' lang='lat' dir='ltr'>indumenta</span> <span class='ocrx_word' id='word_1_173' title='bbox 730 1704 955 1760; x_wconf 82' lang='lat' dir='ltr'>pontificis.</span> <span class='ocrx_word' id='word_1_174' title='bbox 1013 1704 1061 1744; x_wconf 88' lang='lat' dir='ltr'>In</span> <span class='ocrx_word' id='word_1_175' title='bbox 1093 1707 1255 1760; x_wconf 89' lang='lat' dir='ltr'>templo</span> <span class='ocrx_word' id='word_1_176' title='bbox 1279 1721 1468 1761; x_wconf 82' lang='lat' dir='ltr'>namque</span> 
     </span>
     <span class='ocr_line' id='line_1_23' title="bbox 46 1781 1467 1847; baseline 0 -25"><span class='ocrx_word' id='word_1_177' title='bbox 46 1783 131 1823; x_wconf 87' lang='lat' dir='ltr'>Dei</span> <span class='ocrx_word' id='word_1_178' title='bbox 162 1794 220 1823; x_wconf 84' lang='lat' dir='ltr'>est</span> <span class='ocrx_word' id='word_1_179' title='bbox 248 1793 482 1834; x_wconf 78' lang='lat' dir='ltr'>segregatus</span> <span class='ocrx_word' id='word_1_180' title='bbox 514 1793 553 1822; x_wconf 84' lang='lat' dir='ltr'>et</span> <span class='ocrx_word' id='word_1_181' title='bbox 581 1795 794 1837; x_wconf 76' lang='lat' dir='ltr'>separatus</span> <span class='ocrx_word' id='word_1_182' title='bbox 824 1782 919 1831; x_wconf 82' lang='lat' dir='ltr'>ille,</span> <span class='ocrx_word' id='word_1_183' title='bbox 964 1781 1037 1836; x_wconf 90' lang='lat' dir='ltr'>qui</span> <span class='ocrx_word' id='word_1_184' title='bbox 1066 1782 1111 1822; x_wconf 87' lang='lat' dir='ltr'>in</span> <span class='ocrx_word' id='word_1_185' title='bbox 1142 1783 1233 1832; x_wconf 83' lang='lat' dir='ltr'>lege</span> <span class='ocrx_word' id='word_1_186' title='bbox 1261 1781 1347 1847; x_wconf 56' lang='lat' dir='ltr'>Dei</span> <span class='ocrx_word' id='word_1_187' title='bbox 1375 1798 1467 1822; x_wconf 75' lang='lat' dir='ltr'>me-</span> 
     </span>
     <span class='ocr_line' id='line_1_24' title="bbox 46 1857 1466 1915; baseline -0.001 -15"><span class='ocrx_word' id='word_1_188' title='bbox 46 1860 204 1900; x_wconf 73' lang='lat' dir='ltr'>ditatur</span> <span class='ocrx_word' id='word_1_189' title='bbox 235 1859 302 1899; x_wconf 79' lang='lat' dir='ltr'>die</span> <span class='ocrx_word' id='word_1_190' title='bbox 332 1875 380 1898; x_wconf 87' lang='lat' dir='ltr'>ac</span> <span class='ocrx_word' id='word_1_191' title='bbox 408 1870 547 1908; x_wconf 79' lang='lat' dir='ltr'>nocte,</span> <span class='ocrx_word' id='word_1_192' title='bbox 578 1870 618 1899; x_wconf 83' lang='lat' dir='ltr'>et</span> <span class='ocrx_word' id='word_1_193' title='bbox 647 1857 720 1914; x_wconf 81' lang='lat' dir='ltr'>qui</span> <span class='ocrx_word' id='word_1_194' title='bbox 749 1859 794 1899; x_wconf 86' lang='lat' dir='ltr'>in</span> <span class='ocrx_word' id='word_1_195' title='bbox 825 1857 1034 1899; x_wconf 80' lang='lat' dir='ltr'>mandatis</span> <span class='ocrx_word' id='word_1_196' title='bbox 1065 1857 1152 1915; x_wconf 82' lang='lat' dir='ltr'>ejus</span> <span class='ocrx_word' id='word_1_197' title='bbox 1186 1857 1302 1914; x_wconf 85' lang='lat' dir='ltr'>cupit</span> <span class='ocrx_word' id='word_1_198' title='bbox 1329 1858 1466 1900; x_wconf 72' lang='lat' dir='ltr'>nimis,</span> 
     </span>
     <span class='ocr_line' id='line_1_25' title="bbox 46 1936 1469 1992; baseline -0.002 -14"><span class='ocrx_word' id='word_1_199' title='bbox 46 1936 280 1988; x_wconf 79' lang='lat' dir='ltr'>„Sancti⁵)</span> <span class='ocrx_word' id='word_1_200' title='bbox 313 1952 412 1987; x_wconf 84' lang='lat' dir='ltr'>ergo</span> <span class='ocrx_word' id='word_1_201' title='bbox 445 1947 591 1985; x_wconf 88' lang='lat' dir='ltr'>estote,</span> <span class='ocrx_word' id='word_1_202' title='bbox 622 1936 722 1977; x_wconf 83' lang='lat' dir='ltr'><strong>dicit</strong></span> <span class='ocrx_word' id='word_1_203' title='bbox 743 1936 970 1985; x_wconf 83' lang='lat' dir='ltr'>Dominus,</span> <span class='ocrx_word' id='word_1_204' title='bbox 1003 1936 1100 1992; x_wconf 83' lang='lat' dir='ltr'>quia</span> <span class='ocrx_word' id='word_1_205' title='bbox 1135 1947 1175 1976; x_wconf 92' lang='lat' dir='ltr'>et</span> <span class='ocrx_word' id='word_1_206' title='bbox 1205 1951 1281 1987; x_wconf 84' lang='lat' dir='ltr'>ego</span> <span class='ocrx_word' id='word_1_207' title='bbox 1302 1946 1469 1977; x_wconf 72' lang='lat' dir='ltr'>sanctus</span> 
     </span>
    </p>
   </div>
   <div class='ocr_carea' id='block_1_4' title="bbox 47 2019 180 2056">
    <p class='ocr_par' dir='ltr' id='par_1_4' title="bbox 47 2019 180 2056">
     <span class='ocr_line' id='line_1_26' title="bbox 47 2019 180 2056; baseline -0.015 0"><span class='ocrx_word' id='word_1_208' title='bbox 47 2019 180 2056; x_wconf 87' lang='lat' dir='ltr'>sum.“</span> 
     </span>
    </p>
   </div>
   <div class='ocr_carea' id='block_1_5' title="bbox 49 2013 1471 2454">
    <p class='ocr_par' dir='ltr' id='par_1_5' title="bbox 49 2013 1471 2454">
     <span class='ocr_line' id='line_1_27' title="bbox 240 2013 1469 2068; baseline 0 -15"><span class='ocrx_word' id='word_1_209' title='bbox 240 2013 359 2067; x_wconf 85' lang='lat' dir='ltr'>Quid</span> <span class='ocrx_word' id='word_1_210' title='bbox 391 2024 472 2054; x_wconf 87' lang='lat' dir='ltr'>est:</span> <span class='ocrx_word' id='word_1_211' title='bbox 510 2013 633 2068; x_wconf 80' lang='lat' dir='ltr'>„quia</span> <span class='ocrx_word' id='word_1_212' title='bbox 665 2027 704 2055; x_wconf 82' lang='lat' dir='ltr'>ct</span> <span class='ocrx_word' id='word_1_213' title='bbox 735 2030 810 2065; x_wconf 83' lang='lat' dir='ltr'>ego</span> <span class='ocrx_word' id='word_1_214' title='bbox 844 2024 1010 2054; x_wconf 80' lang='lat' dir='ltr'>sanctus</span> <span class='ocrx_word' id='word_1_215' title='bbox 1028 2030 1120 2055; x_wconf 88' lang='lat' dir='ltr'>sum</span> <span class='ocrx_word' id='word_1_216' title='bbox 1136 2013 1182 2055; x_wconf 78' lang='lat'>?“</span> <span class='ocrx_word' id='word_1_217' title='bbox 1217 2013 1346 2064; x_wconf 30' lang='lat' dir='ltr'>&#39;Sicut</span> <span class='ocrx_word' id='word_1_218' title='bbox 1375 2028 1469 2063; x_wconf 84' lang='lat' dir='ltr'>ego,</span> 
     </span>
     <span class='ocr_line' id='line_1_28' title="bbox 49 2090 1469 2146; baseline -0.003 -13"><span class='ocrx_word' id='word_1_219' title='bbox 49 2091 209 2146; x_wconf 82' lang='lat' dir='ltr'>inquit,</span> <span class='ocrx_word' id='word_1_220' title='bbox 256 2103 488 2142; x_wconf 83' lang='lat' dir='ltr'>segregatus</span> <span class='ocrx_word' id='word_1_221' title='bbox 525 2109 640 2141; x_wconf 86' lang='lat' dir='ltr'>sum,</span> <span class='ocrx_word' id='word_1_222' title='bbox 691 2103 729 2132; x_wconf 86' lang='lat' dir='ltr'>et</span> <span class='ocrx_word' id='word_1_223' title='bbox 768 2092 894 2142; x_wconf 86' lang='lat' dir='ltr'>longe</span> <span class='ocrx_word' id='word_1_224' title='bbox 925 2102 1139 2145; x_wconf 80' lang='lat' dir='ltr'>separatus</span> <span class='ocrx_word' id='word_1_225' title='bbox 1170 2091 1222 2130; x_wconf 79' lang='lat' dir='ltr'>ab</span> <span class='ocrx_word' id='word_1_226' title='bbox 1256 2090 1469 2138; x_wconf 86' lang='lat' dir='ltr'>omnibus,</span> 
     </span>
     <span class='ocr_line' id='line_1_29' title="bbox 49 2166 1471 2224; baseline -0.001 -15"><span class='ocrx_word' id='word_1_227' title='bbox 49 2185 159 2224; x_wconf 71' lang='lat' dir='ltr'>quae</span> <span class='ocrx_word' id='word_1_228' title='bbox 191 2169 437 2217; x_wconf 78' lang='lat' dir='ltr'>adorantur,</span> <span class='ocrx_word' id='word_1_229' title='bbox 466 2168 531 2208; x_wconf 89' lang='lat' dir='ltr'>vel</span> <span class='ocrx_word' id='word_1_230' title='bbox 558 2169 773 2216; x_wconf 87' lang='lat' dir='ltr'>coluntur,</span> <span class='ocrx_word' id='word_1_231' title='bbox 800 2167 884 2209; x_wconf 85' lang='lat' dir='ltr'>sive</span> <span class='ocrx_word' id='word_1_232' title='bbox 908 2167 953 2207; x_wconf 86' lang='lat' dir='ltr'>in</span> <span class='ocrx_word' id='word_1_233' title='bbox 982 2179 1106 2216; x_wconf 81' lang='lat' dir='ltr'>terra,</span> <span class='ocrx_word' id='word_1_234' title='bbox 1135 2166 1218 2208; x_wconf 85' lang='lat' dir='ltr'>sive</span> <span class='ocrx_word' id='word_1_235' title='bbox 1246 2167 1290 2207; x_wconf 86' lang='lat' dir='ltr'>in</span> <span class='ocrx_word' id='word_1_236' title='bbox 1323 2166 1471 2207; x_wconf 87' lang='lat' dir='ltr'>coelo:</span> 
     </span>
     <span class='ocr_line' id='line_1_30' title="bbox 50 2242 1470 2299; baseline -0.003 -12"><span class='ocrx_word' id='word_1_237' title='bbox 50 2247 159 2287; x_wconf 82' lang='lat' dir='ltr'>sicut</span> <span class='ocrx_word' id='word_1_238' title='bbox 193 2261 268 2296; x_wconf 84' lang='lat' dir='ltr'>ego</span> <span class='ocrx_word' id='word_1_239' title='bbox 302 2246 457 2286; x_wconf 81' lang='lat' dir='ltr'>excedo</span> <span class='ocrx_word' id='word_1_240' title='bbox 492 2261 662 2286; x_wconf 88' lang='lat' dir='ltr'>omnem</span> <span class='ocrx_word' id='word_1_241' title='bbox 695 2257 954 2295; x_wconf 83' lang='lat' dir='ltr'>creaturam,</span> <span class='ocrx_word' id='word_1_242' title='bbox 1008 2256 1134 2299; x_wconf 83' lang='lat' dir='ltr'>atque</span> <span class='ocrx_word' id='word_1_243' title='bbox 1173 2245 1225 2284; x_wconf 86' lang='lat' dir='ltr'>ab</span> <span class='ocrx_word' id='word_1_244' title='bbox 1255 2242 1470 2291; x_wconf 81' lang='lat' dir='ltr'>universis,</span> 
     </span>
     <span class='ocr_line' id='line_1_31' title="bbox 51 2319 1471 2378; baseline -0.003 -15"><span class='ocrx_word' id='word_1_245' title='bbox 51 2340 158 2378; x_wconf 82' lang='lat' dir='ltr'>quae</span> <span class='ocrx_word' id='word_1_246' title='bbox 189 2339 212 2362; x_wconf 88' lang='lat' dir='ltr'>a</span> <span class='ocrx_word' id='word_1_247' title='bbox 244 2339 312 2362; x_wconf 85' lang='lat' dir='ltr'>me</span> <span class='ocrx_word' id='word_1_248' title='bbox 342 2323 451 2362; x_wconf 78' lang='lat' dir='ltr'>facta</span> <span class='ocrx_word' id='word_1_249' title='bbox 480 2334 588 2373; x_wconf 85' lang='lat' dir='ltr'>sunt,</span> <span class='ocrx_word' id='word_1_250' title='bbox 618 2337 833 2374; x_wconf 79' lang='lat' dir='ltr'>segregor:</span> <span class='ocrx_word' id='word_1_251' title='bbox 865 2324 922 2364; x_wconf 83' lang='lat' dir='ltr'>ita</span> <span class='ocrx_word' id='word_1_252' title='bbox 954 2334 992 2363; x_wconf 82' lang='lat' dir='ltr'>et</span> <span class='ocrx_word' id='word_1_253' title='bbox 1021 2339 1095 2363; x_wconf 80' lang='lat' dir='ltr'>vos</span> <span class='ocrx_word' id='word_1_254' title='bbox 1113 2319 1310 2373; x_wconf 78' lang='lat' dir='ltr'>segregati</span> <span class='ocrx_word' id='word_1_255' title='bbox 1341 2330 1471 2360; x_wconf 82' lang='lat' dir='ltr'>estote</span> 
     </span>
     <span class='ocr_line' id='line_1_32' title="bbox 52 2397 1471 2454; baseline -0.003 -13"><span class='ocrx_word' id='word_1_256' title='bbox 52 2402 106 2442; x_wconf 78' lang='lat' dir='ltr'>ab</span> <span class='ocrx_word' id='word_1_257' title='bbox 138 2399 358 2449; x_wconf 84' lang='lat' dir='ltr'>omnibus,</span> <span class='ocrx_word' id='word_1_258' title='bbox 398 2399 470 2454; x_wconf 88' lang='lat' dir='ltr'>qui</span> <span class='ocrx_word' id='word_1_259' title='bbox 500 2416 591 2440; x_wconf 87' lang='lat' dir='ltr'>non</span> <span class='ocrx_word' id='word_1_260' title='bbox 617 2411 714 2441; x_wconf 84' lang='lat' dir='ltr'>sunt</span> <span class='ocrx_word' id='word_1_261' title='bbox 742 2399 899 2448; x_wconf 79' lang='lat' dir='ltr'>sancti,</span> <span class='ocrx_word' id='word_1_262' title='bbox 936 2415 1015 2440; x_wconf 85' lang='lat' dir='ltr'>nec</span> <span class='ocrx_word' id='word_1_263' title='bbox 1054 2399 1152 2440; x_wconf 86' lang='lat' dir='ltr'>Deo</span> <span class='ocrx_word' id='word_1_264' title='bbox 1196 2397 1334 2438; x_wconf 84' lang='lat' dir='ltr'>dicati.</span> <span class='ocrx_word' id='word_1_265' title='bbox 1395 2397 1471 2437; x_wconf 87' lang='lat' dir='ltr'>Se-</span> 
     </span>
    </p>
   </div>
   <div class='ocr_carea' id='block_1_6' title="bbox 51 2475 1471 2529">
    <p class='ocr_par' dir='ltr' id='par_1_6' title="bbox 51 2475 1471 2529">
     <span class='ocr_line' id='line_1_33' title="bbox 51 2475 1471 2529; baseline -0.001 -13"><span class='ocrx_word' id='word_1_266' title='bbox 51 2475 211 2529; x_wconf 77' lang='lat' dir='ltr'>gregari</span> <span class='ocrx_word' id='word_1_267' title='bbox 243 2487 383 2517; x_wconf 82' lang='lat' dir='ltr'>autem</span> <span class='ocrx_word' id='word_1_268' title='bbox 415 2475 591 2518; x_wconf 69' lang='lat' dir='ltr'>dicimus</span> <span class='ocrx_word' id='word_1_269' title='bbox 620 2492 711 2516; x_wconf 89' lang='lat' dir='ltr'>non</span> <span class='ocrx_word' id='word_1_270' title='bbox 741 2476 866 2527; x_wconf 83' lang='lat' dir='ltr'>locis,</span> <span class='ocrx_word' id='word_1_271' title='bbox 896 2477 970 2517; x_wconf 83' lang='lat' dir='ltr'>sed</span> <span class='ocrx_word' id='word_1_272' title='bbox 999 2477 1184 2524; x_wconf 80' lang='lat' dir='ltr'>actibus,</span> <span class='ocrx_word' id='word_1_273' title='bbox 1227 2490 1306 2515; x_wconf 80' lang='lat' dir='ltr'>nec</span> <span class='ocrx_word' id='word_1_274' title='bbox 1334 2475 1471 2527; x_wconf 77' lang='lat' dir='ltr'>regio-</span> 
     </span>
    </p>
   </div>
   <div class='ocr_carea' id='block_1_7' title="bbox 52 2589 159 2596">
    <p class='ocr_par' dir='ltr' id='par_1_7' title="bbox 52 2589 159 2596">
     <span class='ocr_line' id='line_1_34' title="bbox 52 2589 159 2596; baseline 0 540"><span class='ocrx_word' id='word_1_275' title='bbox 52 2589 159 2596; x_wconf 95' lang='lat' dir='ltr'> </span> 
     </span>
    </p>
   </div>
   <div class='ocr_carea' id='block_1_8' title="bbox 165 2590 385 2598">
    <p class='ocr_par' dir='ltr' id='par_1_8' title="bbox 165 2590 385 2598">
     <span class='ocr_line' id='line_1_35' title="bbox 165 2590 385 2598; baseline 0 538"><span class='ocrx_word' id='word_1_276' title='bbox 165 2590 385 2598; x_wconf 95' lang='lat' dir='ltr'> </span> 
     </span>
    </p>
   </div>
   <div class='ocr_carea' id='block_1_9' title="bbox 172 2664 1416 2789">
    <p class='ocr_par' dir='ltr' id='par_1_9' title="bbox 172 2664 1416 2789">
     <span class='ocr_line' id='line_1_36' title="bbox 173 2664 803 2718; baseline 0.003 -14"><span class='ocrx_word' id='word_1_277' title='bbox 173 2664 218 2718; x_wconf 82' lang='lat'>&#39;)</span> <span class='ocrx_word' id='word_1_278' title='bbox 247 2664 375 2706; x_wconf 86' lang='lat' dir='ltr'>Levit.</span> <span class='ocrx_word' id='word_1_279' title='bbox 405 2665 505 2716; x_wconf 89' lang='lat' dir='ltr'>XX,</span> <span class='ocrx_word' id='word_1_280' title='bbox 535 2666 572 2707; x_wconf 81' lang='grc'>7.</span> <span class='ocrx_word' id='word_1_281' title='bbox 605 2665 702 2706; x_wconf 86' lang='lat' dir='ltr'>coll.</span> <span class='ocrx_word' id='word_1_282' title='bbox 736 2666 803 2709; x_wconf 82' lang='grc'>26.</span> 
     </span>
     <span class='ocr_line' id='line_1_37' title="bbox 172 2729 1416 2789; baseline 0.001 -16"><span class='ocrx_word' id='word_1_283' title='bbox 172 2733 219 2788; x_wconf 84' lang='lat'>²)</span> <span class='ocrx_word' id='word_1_284' title='bbox 251 2733 337 2775; x_wconf 82' lang='lat' dir='ltr'>Cfr.</span> <span class='ocrx_word' id='word_1_285' title='bbox 369 2734 493 2777; x_wconf 79' lang='lat' dir='ltr'>Jesai.</span> <span class='ocrx_word' id='word_1_286' title='bbox 525 2734 615 2784; x_wconf 86' lang='lat' dir='ltr'>LlI,</span> <span class='ocrx_word' id='word_1_287' title='bbox 644 2735 710 2777; x_wconf 82' lang='lat'>11.</span> <span class='ocrx_word' id='word_1_288' title='bbox 830 2734 876 2789; x_wconf 78' lang='lat'>³)</span> <span class='ocrx_word' id='word_1_289' title='bbox 913 2733 999 2776; x_wconf 80' lang='lat' dir='ltr'>Csr.</span> <span class='ocrx_word' id='word_1_290' title='bbox 1032 2734 1050 2774; x_wconf 94' lang='lat' dir='ltr'>I</span> <span class='ocrx_word' id='word_1_291' title='bbox 1080 2734 1238 2778; x_wconf 78' lang='lat' dir='ltr'>Joann.</span> <span class='ocrx_word' id='word_1_292' title='bbox 1269 2731 1321 2783; x_wconf 81' lang='lat' dir='ltr'>ll,</span> <span class='ocrx_word' id='word_1_293' title='bbox 1354 2729 1416 2775; x_wconf 86' lang='grc'>16.</span> 
     </span>
    </p>
   </div>
   <div class='ocr_carea' id='block_1_10' title="bbox 165 2802 1072 2858">
    <p class='ocr_par' dir='ltr' id='par_1_10' title="bbox 165 2802 1072 2858">
     <span class='ocr_line' id='line_1_38' title="bbox 165 2802 1072 2858; baseline 0.006 -16"><span class='ocrx_word' id='word_1_294' title='bbox 165 2802 214 2857; x_wconf 68' lang='lat'>⁴)</span> <span class='ocrx_word' id='word_1_295' title='bbox 245 2803 343 2845; x_wconf 85' lang='lat' dir='ltr'>Mss.</span> <span class='ocrx_word' id='word_1_296' title='bbox 378 2805 632 2858; x_wconf 76' lang='lat' dir='ltr'>„Segregare</span> <span class='ocrx_word' id='word_1_297' title='bbox 663 2816 704 2845; x_wconf 84' lang='lat' dir='ltr'>et</span> <span class='ocrx_word' id='word_1_298' title='bbox 733 2808 992 2848; x_wconf 80' lang='lat' dir='ltr'>secernerc.“</span> <span class='ocrx_word' id='word_1_299' title='bbox 1021 2805 1072 2847; x_wconf 82' lang='lat' dir='ltr'>R.</span> 
     </span>
    </p>
   </div>
   <div class='ocr_carea' id='block_1_11' title="bbox 173 2872 806 2929">
    <p class='ocr_par' dir='ltr' id='par_1_11' title="bbox 173 2872 806 2929">
     <span class='ocr_line' id='line_1_39' title="bbox 173 2872 806 2929; baseline 0.005 -15"><span class='ocrx_word' id='word_1_300' title='bbox 173 2872 221 2929; x_wconf 81' lang='lat'>⁵)</span> <span class='ocrx_word' id='word_1_301' title='bbox 251 2873 381 2917; x_wconf 82' lang='lat' dir='ltr'>Levit.</span> <span class='ocrx_word' id='word_1_302' title='bbox 412 2876 511 2927; x_wconf 86' lang='lat' dir='ltr'>XX,</span> <span class='ocrx_word' id='word_1_303' title='bbox 542 2875 580 2918; x_wconf 82' lang='grc'>7.</span> <span class='ocrx_word' id='word_1_304' title='bbox 614 2875 710 2918; x_wconf 90' lang='lat' dir='ltr'>coll.</span> <span class='ocrx_word' id='word_1_305' title='bbox 738 2876 806 2921; x_wconf 83' lang='lat'>26.</span> 
     </span>
    </p>
   </div>
  </div>
 </body>
</html>
