1752 3136
1518 71 1537 87 Ι

498 144 543 174 m
575 130 775 172 Exonum
804 127 1006 170 HoMmA
1034 126 1124 168 VII.
1466 124 1520 168 73

106 247 170 290 v1a
198 245 356 290 incedit
384 261 461 301 per
489 243 660 285 siccum.
702 242 800 282 Non
823 239 1006 280 declinat
1036 238 1090 278 ad
1121 237 1348 285 dexteram,
1377 251 1517 291 neque

105 326 159 367 ad
188 324 416 370 sinistram,
445 334 666 374 usquequo
697 328 812 358 exeat
843 318 894 358 ad
925 315 1187 363 libertatem,
1230 324 1269 354 et
1309 314 1518 370 hymnum

103 401 300 443 victoriae
327 395 518 439 Domino
552 394 751 436 concinat
780 394 945 435 dicens:
973 389 1279 445 ‚,cantemus¹)
1310 389 1520 449 Domino,

103 477 284 530 gloriose
314 474 426 515 enim
456 471 765 513 honorificatus
796 475 880 511 est“
909 485 987 526 per
1014 467 1159 510 Jesum
1184 465 1398 508 Christum
1424 466 1520 506 Do-

104 553 267 594 minum
296 563 509 599 nostrum,
550 548 618 589 cui
649 559 706 590 est
736 545 891 600 gloria,
931 557 970 588 et
1005 544 1236 601 imperium
1277 544 1322 586 in
1351 543 1518 586 saecula

102 629 380 672 saeculorum.
424 629 573 668 Amen.

440 995 995 1047 HOMILIA
1071 996 1179 1046 vll.

294 1121 378 1162 De
423 1119 795 1162 amaritudine
845 1133 1021 1174 aquae
1070 1118 1336 1175 Marae.²)

215 1249 252 1292 1.
289 1246 394 1289 Post
432 1245 652 1288 transitum
684 1244 812 1286 maris
851 1243 994 1296 rubri,
1035 1256 1075 1285 et
1113 1243 1326 1297 magnifici
1364 1255 1524 1293 secreta

102 1324 311 1384 mysterii,
350 1335 449 1380 post
488 1324 640 1365 choros
673 1334 712 1364 et
741 1334 966 1380 tympana,
1007 1333 1105 1378 post
1133 1321 1410 1378 triumphales
1442 1323 1521 1380 hy-

71 1396 73 1400 ⁴
102 1419 240 1455 mnos,
271 1402 438 1443 venitur
467 1402 520 1441 ad
538 1401 719 1442 Mararn.
760 1400 908 1440 Marae
937 1410 1079 1440 autem
1109 1415 1219 1454 aqua
1250 1411 1338 1440 erat
1369 1416 1526 1448 amara,

105 1496 233 1536 quam
262 1495 354 1520 non
385 1489 552 1534 poterat
579 1476 766 1533 populus
795 1475 879 1516 Dei
919 1476 1081 1518 bibere.
1152 1475 1270 1530 Quid
1301 1493 1399 1529 ergo
1430 1488 1529 1532 post

104 1567 220 1598 tanta
252 1569 292 1597 et
318 1568 405 1596 tam
434 1553 612 1594 mirifica
644 1551 852 1593 mirabilia
895 1552 949 1591 ad
981 1568 1140 1595 amaras
1176 1568 1304 1607 aquas
1346 1565 1386 1594 et
1412 1553 1529 1609 peri-

106 1634 252 1675 culum
280 1632 364 1674 sitis
397 1629 623 1672 adducitur
650 1630 838 1685 populus
869 1628 982 1671 Dei?
1022 1628 1092 1669 Ait
1122 1628 1257 1670 enim:
1298 1630 1425 1684 „et³)
1455 1647 1527 1671 ve-

102 1720 258 1750 nerunt
286 1709 364 1750 filii
393 1709 521 1750 Israel
549 1706 593 1747 in
626 1707 817 1756 Mamm,
859 1717 901 1746 et
927 1722 1017 1746 non
1048 1718 1248 1761 poterant
1277 1723 1431 1762 aquam
1462 1708 1530 1749 bi-

103 1787 207 1827 bere
237 1787 290 1826 de
318 1785 454 1834 blara,
485 1784 583 1839 quia
614 1800 755 1824 amara
787 1794 897 1824 erat:
941 1794 981 1823 et
1019 1794 1196 1838 propter
1227 1784 1309 1825 hoc
1340 1785 1532 1840 appella-

103 1875 196 1905 tum
236 1874 295 1904 est
332 1878 494 1905 nomen
531 1861 614 1902 loci
654 1860 766 1902 illius
797 1859 1078 1900 amaritud0.“
1147 1861 1234 1902 Sed
1273 1860 1376 1917 quid
1413 1862 1533 1904 addit

103 1930 204 1997 post
232 1938 366 1981 haec?
408 1937 722 1994 ,‚Clamavit‚4)
751 1936 916 1993 inquit,
946 1937 1090 1979 Moses
1121 1939 1175 1978 ad
1205 1938 1461 1991 Dominum,
1493 1950 1533 1980 et

107 2015 289 2057 ostendit
318 2015 381 2057 illi
410 2016 625 2057 Dominus
655 2015 843 2067 lignum,
875 2025 914 2055 et
942 2014 1055 2055 misit
1082 2015 1188 2055 illud
1219 2014 1261 2056 in
1293 2032 1461 2071 aquam,
1493 2028 1533 2058 et
1598 2060 1601 2063 ,

105 2095 216 2135 facta
246 2104 307 2137 est
337 2092 469 2134 dulcis
499 2109 620 2148 aqua.
678 2091 733 2132 Et
765 2091 838 2140 ibi,
867 2091 1027 2147 inquit,
1055 2092 1197 2147 posuit
1226 2091 1287 2133 illi
1315 2092 1433 2133 Deus
1464 2091 1532 2150 ju-

107 2169 236 2212 stitias
269 2182 307 2211 et
336 2168 534 2226 judicia.“
593 2169 679 2219 lbi,
709 2168 785 2209 ubi
817 2167 1079 2217 amaritudo,
1109 2168 1185 2209 ubi
1214 2168 1311 2218 sitis,
1343 2180 1381 2210 et
1412 2171 1532 2225 quod

110 2258 171 2288 est
200 2246 374 2298 gravius,
404 2246 488 2287 sitis
517 2246 562 2286 in
589 2246 849 2288 abundantia
869 2262 1088 2300 aquarum,
1117 2245 1177 2286 ibi
1197 2245 1340 2300 posuit
1360 2246 1395 2286 ci
1414 2245 1534 2288 Deus

107 2320 283 2380 justitias
313 2334 353 2363 et
381 2321 549 2380 judicia.
618 2322 738 2364 Alius
767 2339 856 2364 non
890 2334 977 2363 erat
1005 2324 1127 2363 locus
1159 2322 1348 2375 dignior,
1380 2323 1533 2378 aptior,

108 2399 299 2450 uberior,
328 2416 457 2456 quam
485 2400 587 2450 iste,
616 2398 661 2440 in
693 2415 778 2455 quo
811 2400 1049 2442 amaritudo
1068 2398 1113 2455 ⁵)
1147 2398 1232 2441 est?
1284 2399 1398 2441 Tum
1427 2417 1532 2456 pro-

230 2602 275 2658 1)
304 2602 444 2644 Exod.
475 2602 569 2652 xv,
599 2604 636 2644 1.

227 2672 275 2727 2)
306 2671 418 2714 Edd.
464 2673 528 2714 M.
576 2684 838 2715 constanter:
897 2673 1201 2729 ‚,Myrrhae,“
1257 2674 1318 2715 cd.
1375 2674 1537 2717 Ruaei:

115 2728 382 2779 „Mcrrhae.“

229 2797 276 2853 3)
306 2798 444 2839 Exod.
474 2799 575 2849 XV,
605 2800 672 2843 23.
793 2798 839 2853 ⁴²)
869 2798 1007 2842 Exod.
1037 2801 1132 2850 XV,
1162 2800 1230 2842 25.

232 2867 278 2923 ⁵)
308 2867 417 2911 Edd.
449 2868 645 2912 Merlini:
676 2869 913 2914 amaritudo
947 2883 1016 2914 cst.
1077 2871 1191 2914 Tum
1224 2883 1298 2915 etc.
