1752 3136
463 146 508 175 rs
538 134 786 173 LEvrrxcmu
816 128 1016 170 HommA
1040 130 1113 169 IX.
1406 136 1490 177 355

73 244 256 298 singulis,
283 247 356 287 sed
386 256 477 286 toto
518 257 699 298 corpore
737 255 989 280 mereamur.
1065 239 1173 281 Cum
1216 241 1326 284 enim
1365 244 1487 287 lasci*

73 321 190 362 viunt
222 321 346 369 oculi,
378 321 440 360 vel
470 335 548 375 per
573 318 738 361 illicitas
769 316 1154 373 concupiscentias,
1196 321 1260 360 vel
1288 337 1367 377 per
1395 339 1490 378 spe-

74 400 235 440 ctacula
266 397 498 445 diabolica,
538 395 641 450 quid
671 394 788 436 aliud
817 393 897 434 nisi
922 393 1062 449 ignem
1092 394 1172 435 sihi
1204 400 1489 452 congregant?

75 475 187 516 Cum
216 490 335 515 aures
363 485 454 514 nun
483 483 729 514 avertuntur
758 472 811 511 ab
843 471 992 512 auditu
1008 488 1133 521 vano,
1165 488 1212 514 ac
1245 475 1487 529 derogatio-

73 552 196 593 nibus
224 551 532 606 proximorum,
556 566 653 590 cum
673 565 824 590 manus
844 564 867 589 a
890 550 1018 589 caede
1034 565 1317 606 nequaquam,
1348 569 1426 594 nec
1445 553 1487 609 1)

74 645 97 669 a
128 626 303 682 rapinis,
354 643 401 667 ae
439 625 840 681 depraedationibus
882 626 1176 677 continentur,
1223 645 1320 670 cum
1359 633 1490 685 pedes

72 706 236 745 veloces
266 715 365 744 sunt
395 704 449 745 ad
484 703 797 744 effundendum
826 703 1088 754 sanguinem,
1119 721 1303 761 cumque
1333 723 1490 764 corpus

72 798 162 821 non
194 780 411 831 Domino,
447 782 522 823 sed
550 779 825 821 fornicationi
864 779 1092 830 tradimus,
1132 782 1236 836 quid
1266 783 1381 826 aliud
1409 786 1490 828 nisi

72 869 208 898 totum
242 874 398 912 corpus
427 856 633 898 tradimus
673 855 717 896 in
756 855 1023 908 gehennam?
1075 859 1132 898 At
1162 859 1266 901 haec
1298 878 1394 903 cum
1426 864 1490 905 di-

74 946 250 983 cuntur,
293 933 525 975 contemtui
560 934 782 974 habentur.
843 932 1025 987 Quare?
1064 934 1178 988 Quia
1222 936 1328 979 fides
1370 940 1494 983 deest.

73 1011 279 1066 Alioquin
309 1010 343 1051 si
372 1010 448 1051 tibi
477 1010 608 1051 hodie
643 1008 876 1059 diceretur,
927 1010 1025 1065 quia
1063 1009 1189 1066 judex
1221 1016 1375 1058 saeculi
1404 1018 1492 1059 vult

73 1101 115 1130 te
145 1089 327 1129 crastino
359 1087 498 1127 vivum
530 1102 715 1135 exurere,
745 1097 786 1126 et
816 1087 878 1128 his
898 1086 1050 1129 auditis
1067 1087 1099 1129 si
1130 1101 1234 1131 esset
1263 1091 1340 1133 tibi
1369 1093 1493 1137 unius

75 1165 160 1207 diei
189 1164 369 1220 spatium
412 1163 617 1213 liberum,
655 1173 812 1218 quanta
851 1163 1040 1207 faceres?
1087 1168 1310 1221 quomodo
1352 1182 1390 1211 et
1419 1188 1496 1227 per

74 1259 180 1299 quos
211 1239 494 1283 discurreres?
524 1256 652 1295 quam
691 1239 885 1291 humilis,
922 1258 1050 1297 quam
1093 1243 1240 1295 lugens
1280 1258 1320 1288 et
1358 1248 1496 1289 sordi-

75 1322 152 1361 dus
185 1316 435 1360 oberrares?
466 1318 623 1358 Nonne
645 1318 888 1359 effunderes
921 1335 1093 1361 omnem
1122 1321 1346 1375 pecuniam
1377 1337 1492 1368 tuam

74 1397 120 1438 in
151 1414 236 1447 eos,
266 1412 449 1451 quorum
479 1394 781 1436 intercessione
822 1396 999 1437 evadere
1035 1413 1160 1452 posse
1196 1409 1238 1439 te
1269 1403 1492 1445 crederes?

75 1473 235 1515 Nonne
265 1470 422 1520 omnia,
451 1487 560 1527 quae
582 1471 784 1527 possides,
814 1472 1124 1514 redemtionem
1141 1476 1299 1519 faceres
1327 1477 1494 1522 animae

76 1549 204 1592 tuae?
263 1549 396 1610 Quod
425 1548 458 1589 si
489 1547 614 1589 etiam
655 1549 806 1604 aliquis
845 1561 884 1590 te
913 1551 1149 1602 retardare,
1188 1565 1259 1594 aut
1286 1554 1496 1611 impedire

80 1637 281 1676 tentaret,
311 1641 460 1666 nonne
490 1624 672 1676 diceres,
710 1637 886 1681 pereant
923 1627 1066 1668 omnia
1107 1644 1188 1683 pro
1228 1631 1361 1673 salute
1389 1650 1497 1685 mea,

79 1721 158 1745 nec
202 1702 429 1758 quicquam
469 1714 711 1751 remaneat,
760 1714 924 1743 tantum
971 1715 1018 1743 ut
1061 1719 1137 1756 ego
1178 1707 1343 1751 vivam?
1400 1712 1497 1754 Hoc

79 1797 210 1838 quare
239 1777 428 1821 faceres?
491 1779 606 1833 Quia
641 1779 743 1819 inde
783 1794 872 1820 non
912 1780 1150 1831 dubitares,
1188 1784 1288 1826 hinc
1318 1787 1496 1832 dubitas,

78 1859 135 1900 Et
163 1859 260 1900 ideo
291 1858 402 1897 bene
430 1855 645 1898 Dominus
676 1855 798 1896 dicit:
829 1868 992 1912 ,‚putaS‚
1012 1857 1058 1913 ²)
1084 1858 1254 1903 veniens
1284 1862 1392 1906 filius
1416 1866 1497 1907 ho-

83 1936 208 1978 minis
237 1933 424 1976 inveniet
452 1934 582 1975 fidem
622 1949 750 1990 super
780 1945 936 1975 terram
950 1933 996 1975 ?“
1053 1935 1109 1976 Et
1150 1937 1253 1992 quid
1292 1956 1368 1994 ego
1400 1943 1496 1985 dico

86 2017 137 2057 de
170 2008 291 2054 certis
320 2011 650 2066 indubitatisque
679 2009 907 2065 periculis?
961 2011 1283 2057 Tantummodo
1314 2018 1347 2059 si
1378 2035 1500 2062 causa

87 2091 268 2133 dicenda
300 2088 351 2130 sit
382 2089 495 2142 apud
525 2086 711 2143 judicem
743 2099 970 2138 terrenum,
1001 2106 1109 2145 quae
1127 2091 1172 2146 3)
1202 2093 1385 2149 aliquem
1410 2113 1500 2138 me-

84 2181 175 2209 tum
208 2183 254 2207 ex
284 2166 442 2217 legibus
484 2166 642 2206 habere
681 2165 892 2215 videatur,
929 2182 1076 2208 nonne
1117 2169 1316 2212 omnihus
1352 2172 1500 2224 vigiliis

88 2246 340 2293 excubatur,
394 2240 663 2295 advocat04)
709 2254 894 2298 patrono
953 2260 1131 2286 munera
1181 2261 1501 2304 praeparantur,

89 2321 249 2364 etiamsi
280 2337 433 2376 anceps
462 2318 698 2374 periculum
731 2319 794 2370 sit,
824 2332 895 2362 aut
933 2321 1057 2363 etiam
1098 2322 1228 2366 solius
1256 2337 1385 2368 notae
1413 2345 1504 2370 me-

87 2412 174 2450 tus,
220 2400 284 2440 vel
315 2396 460 2439 damni
489 2394 626 2437 ratio?
679 2396 769 2438 Nos
808 2415 937 2454 quare
978 2416 1068 2440 non
1110 2400 1338 2452 credimus,
1386 2406 1503 2460 quod

208 2552 251 2606 ¹)
281 2551 394 2593 Edd.
425 2550 624 2592 Merlini:
656 2562 696 2592 et
724 2566 748 2590 a
776 2551 931 2607 rapinis
963 2563 1039 2592 etc.

206 2620 252 2676 2)
282 2621 383 2662 Luc.
411 2620 574 2672 XVIII,
604 2621 642 2664 8.

209 2691 254 2745 3)
288 2690 398 2732 Cod.
430 2690 702 2744 Sangerman.
737 2690 839 2747 „qui
871 2691 1055 2747 aliquem
1084 2700 1284 2735 metum.“
1316 2695 1364 2737 R.

208 2760 254 2811 4)
288 2760 395 2801 Cod.
427 2761 700 2814 Sangerman.
731 2763 952 2813 „advocati
982 2764 1152 2818 patroni
1183 2771 1400 2816 munera,“
1429 2766 1506 2808 sic-

95 2832 177 2871 que
208 2815 277 2857 alii
307 2817 423 2866 hIss„
454 2817 528 2858 ubi
556 2818 657 2859 libri
687 2818 788 2860 editi
818 2819 876 2873 (v.
909 2836 939 2861 c.
966 2819 1060 2861 edd.
1082 2819 1168 2875 Μ.)
1198 2821 1377 2864 habent:
1408 2825 1508 2874 „ad-

95 2884 243 2913 vocato
277 2884 461 2928 patrono
493 2880 709 2916 munera.“
738 2874 789 2914 R.

1151 2953 1246 2994 23*
