<?xml version="1.0" encoding="UTF-8"?>
<!DOCTYPE html PUBLIC "-//W3C//DTD XHTML 1.0 Transitional//EN"
    "http://www.w3.org/TR/xhtml1/DTD/xhtml1-transitional.dtd">
<html xmlns="http://www.w3.org/1999/xhtml" xml:lang="en" lang="en">
 <head>
  <title>
</title>
<meta http-equiv="Content-Type" content="text/html;charset=utf-8" />
  <meta name='ocr-system' content='tesseract 3.04.00' />
  <meta name='ocr-capabilities' content='ocr_page ocr_carea ocr_par ocr_line ocrx_word'/>
</head>
<body>
  <div class='ocr_page' id='page_1' title='image "./operaomniaquaegr09orig_0022.png"; bbox 0 0 1752 3136; ppageno 0'>
   <div class='ocr_carea' id='block_1_1' title="bbox 226 87 1055 151">
    <p class='ocr_par' dir='ltr' id='par_1_1' title="bbox 226 87 1055 151">
     <span class='ocr_line' id='line_1_1' title="bbox 226 87 1055 151; baseline -0.004 -20"><span class='ocrx_word' id='word_1_1' title='bbox 226 89 280 132; x_wconf 87' lang='lat'>10</span> <span class='ocrx_word' id='word_1_2' title='bbox 653 145 657 151; x_wconf 17' lang='grc' dir='ltr'>ἱ</span> <span class='ocrx_word' id='word_1_3' title='bbox 826 87 1055 133; x_wconf 68' lang='lat' dir='ltr'>Onam-:ms</span> 
     </span>
    </p>
   </div>
   <div class='ocr_carea' id='block_1_2' title="bbox 215 197 1652 2040">
    <p class='ocr_par' dir='ltr' id='par_1_2' title="bbox 215 197 1652 2040">
     <span class='ocr_line' id='line_1_2' title="bbox 225 197 1652 256; baseline 0.004 -17"><span class='ocrx_word' id='word_1_4' title='bbox 225 210 298 247; x_wconf 86' lang='lat' dir='ltr'>est,</span> <span class='ocrx_word' id='word_1_5' title='bbox 331 197 402 255; x_wconf 82' lang='lat' dir='ltr'>qui</span> <span class='ocrx_word' id='word_1_6' title='bbox 434 210 476 240; x_wconf 91' lang='lat' dir='ltr'>te</span> <span class='ocrx_word' id='word_1_7' title='bbox 506 197 606 240; x_wconf 83' lang='lat' dir='ltr'>facit</span> <span class='ocrx_word' id='word_1_8' title='bbox 637 199 874 241; x_wconf 74' lang='lat' dir='ltr'>discurrere</span> <span class='ocrx_word' id='word_1_9' title='bbox 903 218 980 256; x_wconf 87' lang='lat' dir='ltr'>per</span> <span class='ocrx_word' id='word_1_10' title='bbox 1010 201 1250 251; x_wconf 85' lang='lat' dir='ltr'>saeculum,</span> <span class='ocrx_word' id='word_1_11' title='bbox 1281 200 1407 242; x_wconf 88' lang='lat' dir='ltr'>maris</span> <span class='ocrx_word' id='word_1_12' title='bbox 1438 217 1486 243; x_wconf 83' lang='lat' dir='ltr'>ac</span> <span class='ocrx_word' id='word_1_13' title='bbox 1516 214 1652 246; x_wconf 86' lang='lat' dir='ltr'>terrae</span> 
     </span>
     <span class='ocr_line' id='line_1_3' title="bbox 225 276 1649 338; baseline 0.004 -21"><span class='ocrx_word' id='word_1_14' title='bbox 225 276 430 317; x_wconf 83' lang='lat' dir='ltr'>elementa</span> <span class='ocrx_word' id='word_1_15' title='bbox 461 293 541 331; x_wconf 88' lang='lat' dir='ltr'>pro</span> <span class='ocrx_word' id='word_1_16' title='bbox 576 276 805 332; x_wconf 78' lang='lat' dir='ltr'>cupiditate</span> <span class='ocrx_word' id='word_1_17' title='bbox 837 280 1021 320; x_wconf 80' lang='lat' dir='ltr'>turbare.</span> <span class='ocrx_word' id='word_1_18' title='bbox 1063 279 1158 335; x_wconf 82' lang='lat' dir='ltr'>lpse</span> <span class='ocrx_word' id='word_1_19' title='bbox 1189 291 1248 320; x_wconf 83' lang='lat' dir='ltr'>est</span> <span class='ocrx_word' id='word_1_20' title='bbox 1274 279 1340 321; x_wconf 83' lang='lat' dir='ltr'>hic</span> <span class='ocrx_word' id='word_1_21' title='bbox 1359 280 1537 338; x_wconf 67' lang='lat' dir='ltr'>Aegypti</span> <span class='ocrx_word' id='word_1_22' title='bbox 1566 299 1649 331; x_wconf 83' lang='lat' dir='ltr'>rex,</span> 
     </span>
     <span class='ocr_line' id='line_1_4' title="bbox 225 354 1651 412; baseline 0.004 -18"><span class='ocrx_word' id='word_1_23' title='bbox 225 355 296 410; x_wconf 87' lang='lat' dir='ltr'>qui</span> <span class='ocrx_word' id='word_1_24' title='bbox 328 366 366 395; x_wconf 84' lang='lat' dir='ltr'>te</span> <span class='ocrx_word' id='word_1_25' title='bbox 397 355 540 394; x_wconf 85' lang='lat' dir='ltr'>sorum</span> <span class='ocrx_word' id='word_1_26' title='bbox 572 354 741 409; x_wconf 76' lang='lat' dir='ltr'>pulsare</span> <span class='ocrx_word' id='word_1_27' title='bbox 782 355 923 397; x_wconf 82' lang='lat' dir='ltr'>litibus</span> <span class='ocrx_word' id='word_1_28' title='bbox 966 357 1086 406; x_wconf 78' lang='lat' dir='ltr'>facit,</span> <span class='ocrx_word' id='word_1_29' title='bbox 1127 368 1169 398; x_wconf 84' lang='lat' dir='ltr'>et</span> <span class='ocrx_word' id='word_1_30' title='bbox 1207 374 1285 412; x_wconf 85' lang='lat' dir='ltr'>pro</span> <span class='ocrx_word' id='word_1_31' title='bbox 1328 358 1474 411; x_wconf 85' lang='lat' dir='ltr'>exiguo</span> <span class='ocrx_word' id='word_1_32' title='bbox 1515 370 1651 400; x_wconf 81' lang='lat' dir='ltr'>terrae</span> 
     </span>
     <span class='ocr_line' id='line_1_5' title="bbox 223 430 1651 489; baseline 0.002 -17"><span class='ocrx_word' id='word_1_33' title='bbox 223 430 378 486; x_wconf 77' lang='lat' dir='ltr'><strong>cespite</strong></span> <span class='ocrx_word' id='word_1_34' title='bbox 408 431 678 487; x_wconf 85' lang='lat' dir='ltr'>propinquos</span> <span class='ocrx_word' id='word_1_35' title='bbox 708 430 851 488; x_wconf 82' lang='lat' dir='ltr'>jurgiis</span> <span class='ocrx_word' id='word_1_36' title='bbox 881 433 1068 487; x_wconf 73' lang='lat' dir='ltr'>fatigare,</span> <span class='ocrx_word' id='word_1_37' title='bbox 1099 447 1150 484; x_wconf 84' lang='lat' dir='ltr'>et,</span> <span class='ocrx_word' id='word_1_38' title='bbox 1181 447 1226 476; x_wconf 92' lang='lat' dir='ltr'>ut</span> <span class='ocrx_word' id='word_1_39' title='bbox 1247 435 1289 489; x_wconf 79' lang='grc' dir='ltr'>ι)</span> <span class='ocrx_word' id='word_1_40' title='bbox 1319 435 1372 476; x_wconf 84' lang='lat' dir='ltr'>ita</span> <span class='ocrx_word' id='word_1_41' title='bbox 1399 434 1551 484; x_wconf 76' lang='lat' dir='ltr'>dicam,</span> <span class='ocrx_word' id='word_1_42' title='bbox 1583 451 1651 475; x_wconf 83' lang='lat' dir='ltr'>ca-</span> 
     </span>
     <span class='ocr_line' id='line_1_6' title="bbox 221 508 1651 565; baseline 0.002 -15"><span class='ocrx_word' id='word_1_43' title='bbox 221 508 347 550; x_wconf 82' lang='lat' dir='ltr'>stitati</span> <span class='ocrx_word' id='word_1_44' title='bbox 379 509 587 560; x_wconf 72' lang='lat' dir='ltr'>insidiarI,</span> <span class='ocrx_word' id='word_1_45' title='bbox 631 509 824 565; x_wconf 79' lang='lat' dir='ltr'>decipere</span> <span class='ocrx_word' id='word_1_46' title='bbox 855 510 1164 561; x_wconf 79' lang='lat' dir='ltr'>innocentiam,</span> <span class='ocrx_word' id='word_1_47' title='bbox 1212 511 1330 554; x_wconf 78' lang='lat' dir='ltr'>domi</span> <span class='ocrx_word' id='word_1_48' title='bbox 1361 513 1509 562; x_wconf 83' lang='lat' dir='ltr'>foeda,</span> <span class='ocrx_word' id='word_1_49' title='bbox 1550 511 1651 553; x_wconf 79' lang='lat' dir='ltr'>soris</span> 
     </span>
     <span class='ocr_line' id='line_1_7' title="bbox 224 587 1652 643; baseline 0.001 -16"><span class='ocrx_word' id='word_1_50' title='bbox 224 587 434 636; x_wconf 80' lang='lat' dir='ltr'>crudelia,</span> <span class='ocrx_word' id='word_1_51' title='bbox 474 587 582 628; x_wconf 81' lang='lat' dir='ltr'>intra</span> <span class='ocrx_word' id='word_1_52' title='bbox 625 587 924 630; x_wconf 73' lang='lat' dir='ltr'>conscientiam</span> <span class='ocrx_word' id='word_1_53' title='bbox 958 590 1160 643; x_wconf 80' lang='lat' dir='ltr'>flagitiosa</span> <span class='ocrx_word' id='word_1_54' title='bbox 1203 589 1480 633; x_wconf 76' lang='lat' dir='ltr'>committere.</span> <span class='ocrx_word' id='word_1_55' title='bbox 1542 589 1652 630; x_wconf 82' lang='lat' dir='ltr'>Cum</span> 
     </span>
     <span class='ocr_line' id='line_1_8' title="bbox 224 664 1650 725; baseline 0.002 -22"><span class='ocrx_word' id='word_1_56' title='bbox 224 680 323 716; x_wconf 84' lang='lat' dir='ltr'>ergo</span> <span class='ocrx_word' id='word_1_57' title='bbox 358 664 456 705; x_wconf 83' lang='lat' dir='ltr'>tales</span> <span class='ocrx_word' id='word_1_58' title='bbox 486 665 639 707; x_wconf 85' lang='lat' dir='ltr'>videris</span> <span class='ocrx_word' id='word_1_59' title='bbox 671 677 786 707; x_wconf 78' lang='lat' dir='ltr'>actus</span> <span class='ocrx_word' id='word_1_60' title='bbox 817 678 935 717; x_wconf 89' lang='lat' dir='ltr'>tuos,</span> <span class='ocrx_word' id='word_1_61' title='bbox 974 668 1080 710; x_wconf 85' lang='lat' dir='ltr'>scito</span> <span class='ocrx_word' id='word_1_62' title='bbox 1112 680 1152 709; x_wconf 90' lang='lat' dir='ltr'>te</span> <span class='ocrx_word' id='word_1_63' title='bbox 1182 669 1266 721; x_wconf 84' lang='lat' dir='ltr'>regi</span> <span class='ocrx_word' id='word_1_64' title='bbox 1300 667 1509 725; x_wconf 83' lang='lat' dir='ltr'>Aegyptio</span> <span class='ocrx_word' id='word_1_65' title='bbox 1540 666 1650 708; x_wconf 84' lang='lat' dir='ltr'>mili-</span> 
     </span>
     <span class='ocr_line' id='line_1_9' title="bbox 222 742 1651 801; baseline 0.001 -19"><span class='ocrx_word' id='word_1_66' title='bbox 222 753 324 792; x_wconf 83' lang='lat' dir='ltr'>tare,</span> <span class='ocrx_word' id='word_1_67' title='bbox 356 743 534 798; x_wconf 77' lang='lat' dir='ltr'>quod2)</span> <span class='ocrx_word' id='word_1_68' title='bbox 565 756 625 785; x_wconf 88' lang='lat' dir='ltr'>est</span> <span class='ocrx_word' id='word_1_69' title='bbox 653 744 803 784; x_wconf 84' lang='lat' dir='ltr'>mundi</span> <span class='ocrx_word' id='word_1_70' title='bbox 835 742 961 801; x_wconf 85' lang='lat' dir='ltr'>hujus</span> <span class='ocrx_word' id='word_1_71' title='bbox 993 744 1142 800; x_wconf 75' lang='lat' dir='ltr'>spiritu</span> <span class='ocrx_word' id='word_1_72' title='bbox 1174 745 1250 799; x_wconf 81' lang='lat' dir='ltr'>agi.</span> <span class='ocrx_word' id='word_1_73' title='bbox 1298 745 1343 787; x_wconf 84' lang='lat' dir='ltr'>Si</span> <span class='ocrx_word' id='word_1_74' title='bbox 1373 762 1472 786; x_wconf 88' lang='lat' dir='ltr'>vero</span> <span class='ocrx_word' id='word_1_75' title='bbox 1505 756 1546 785; x_wconf 85' lang='lat' dir='ltr'>et</span> <span class='ocrx_word' id='word_1_76' title='bbox 1574 743 1651 784; x_wconf 77' lang='lat' dir='ltr'>ali-</span> 
     </span>
     <span class='ocr_line' id='line_1_10' title="bbox 224 819 1652 878; baseline 0.002 -19"><span class='ocrx_word' id='word_1_77' title='bbox 224 819 326 875; x_wconf 83' lang='lat' dir='ltr'>quid</span> <span class='ocrx_word' id='word_1_78' title='bbox 367 821 420 860; x_wconf 84' lang='lat' dir='ltr'>de</span> <span class='ocrx_word' id='word_1_79' title='bbox 460 820 543 861; x_wconf 85' lang='lat' dir='ltr'>hoc</span> <span class='ocrx_word' id='word_1_80' title='bbox 583 820 706 861; x_wconf 85' lang='lat' dir='ltr'>etiam</span> <span class='ocrx_word' id='word_1_81' title='bbox 749 820 870 862; x_wconf 82' lang='lat' dir='ltr'>altius</span> <span class='ocrx_word' id='word_1_82' title='bbox 909 821 1176 863; x_wconf 76' lang='lat' dir='ltr'>sentiendum</span> <span class='ocrx_word' id='word_1_83' title='bbox 1215 835 1297 872; x_wconf 86' lang='lat' dir='ltr'>est,</span> <span class='ocrx_word' id='word_1_84' title='bbox 1349 834 1489 878; x_wconf 79' lang='lat' dir='ltr'>potest</span> <span class='ocrx_word' id='word_1_85' title='bbox 1517 821 1652 862; x_wconf 76' lang='lat' dir='ltr'>videri</span> 
     </span>
     <span class='ocr_line' id='line_1_11' title="bbox 221 897 1650 955; baseline 0.001 -18"><span class='ocrx_word' id='word_1_86' title='bbox 221 914 293 937; x_wconf 82' lang='lat' dir='ltr'>rex</span> <span class='ocrx_word' id='word_1_87' title='bbox 323 897 410 944; x_wconf 85' lang='lat' dir='ltr'>iste,</span> <span class='ocrx_word' id='word_1_88' title='bbox 444 897 516 952; x_wconf 84' lang='lat' dir='ltr'>qui</span> <span class='ocrx_word' id='word_1_89' title='bbox 546 897 677 939; x_wconf 82' lang='lat' dir='ltr'>nescit</span> <span class='ocrx_word' id='word_1_90' title='bbox 706 898 882 954; x_wconf 83' lang='lat' dir='ltr'>Joseph,</span> <span class='ocrx_word' id='word_1_91' title='bbox 915 899 1126 950; x_wconf 86' lang='lat' dir='ltr'>diabolus,</span> <span class='ocrx_word' id='word_1_92' title='bbox 1157 899 1421 955; x_wconf 79' lang='lat' dir='ltr'>insipiens-³)</span> <span class='ocrx_word' id='word_1_93' title='bbox 1451 899 1544 948; x_wconf 84' lang='lat' dir='ltr'>ille,</span> <span class='ocrx_word' id='word_1_94' title='bbox 1578 897 1650 954; x_wconf 84' lang='lat' dir='ltr'>qui</span> 
     </span>
     <span class='ocr_line' id='line_1_12' title="bbox 222 975 1652 1030; baseline -0.001 -15"><span class='ocrx_word' id='word_1_95' title='bbox 222 975 352 1026; x_wconf 82' lang='lat' dir='ltr'>„dixit</span> <span class='ocrx_word' id='word_1_96' title='bbox 381 976 425 1016; x_wconf 84' lang='lat' dir='ltr'>in</span> <span class='ocrx_word' id='word_1_97' title='bbox 458 976 589 1016; x_wconf 88' lang='lat' dir='ltr'>corde</span> <span class='ocrx_word' id='word_1_98' title='bbox 619 993 721 1017; x_wconf 90' lang='lat' dir='ltr'>suo:</span> <span class='ocrx_word' id='word_1_99' title='bbox 752 993 841 1017; x_wconf 89' lang='lat' dir='ltr'>non</span> <span class='ocrx_word' id='word_1_100' title='bbox 876 989 934 1018; x_wconf 84' lang='lat' dir='ltr'>est</span> <span class='ocrx_word' id='word_1_101' title='bbox 964 978 1132 1019; x_wconf 83' lang='lat' dir='ltr'>Deus:“</span> <span class='ocrx_word' id='word_1_102' title='bbox 1163 977 1275 1030; x_wconf 82' lang='lat' dir='ltr'>genti</span> <span class='ocrx_word' id='word_1_103' title='bbox 1304 993 1425 1026; x_wconf 80' lang='lat' dir='ltr'>suae,</span> <span class='ocrx_word' id='word_1_104' title='bbox 1465 976 1547 1016; x_wconf 89' lang='lat' dir='ltr'>hoc</span> <span class='ocrx_word' id='word_1_105' title='bbox 1580 987 1652 1023; x_wconf 85' lang='lat' dir='ltr'>est,</span> 
     </span>
     <span class='ocr_line' id='line_1_13' title="bbox 222 1051 1651 1110; baseline 0 -17"><span class='ocrx_word' id='word_1_106' title='bbox 222 1052 419 1109; x_wconf 77' lang='lat' dir='ltr'>apostatis</span> <span class='ocrx_word' id='word_1_107' title='bbox 441 1052 487 1109; x_wconf 75' lang='lat'>4)</span> <span class='ocrx_word' id='word_1_108' title='bbox 518 1053 686 1106; x_wconf 84' lang='lat' dir='ltr'>angelis,</span> <span class='ocrx_word' id='word_1_109' title='bbox 719 1054 933 1109; x_wconf 76' lang='lat' dir='ltr'>colloquI,</span> <span class='ocrx_word' id='word_1_110' title='bbox 965 1066 1006 1096; x_wconf 90' lang='lat' dir='ltr'>et</span> <span class='ocrx_word' id='word_1_111' title='bbox 1036 1054 1196 1096; x_wconf 84' lang='lat' dir='ltr'>dicere:</span> <span class='ocrx_word' id='word_1_112' title='bbox 1237 1054 1446 1110; x_wconf 72' lang='lat' dir='ltr'>‚‚ecce,5)</span> <span class='ocrx_word' id='word_1_113' title='bbox 1492 1069 1590 1105; x_wconf 86' lang='lat' dir='ltr'>gens</span> <span class='ocrx_word' id='word_1_114' title='bbox 1605 1051 1651 1107; x_wconf 73' lang='grc'>6)</span> 
     </span>
     <span class='ocr_line' id='line_1_14' title="bbox 219 1129 1650 1184; baseline 0 -14"><span class='ocrx_word' id='word_1_115' title='bbox 219 1130 406 1171; x_wconf 78' lang='lat' dir='ltr'>filiorum</span> <span class='ocrx_word' id='word_1_116' title='bbox 438 1131 567 1172; x_wconf 84' lang='lat' dir='ltr'>Israel</span> <span class='ocrx_word' id='word_1_117' title='bbox 598 1148 747 1184; x_wconf 77' lang='lat' dir='ltr'>magna</span> <span class='ocrx_word' id='word_1_118' title='bbox 779 1132 1008 1173; x_wconf 80' lang='lat' dir='ltr'>multitudo</span> <span class='ocrx_word' id='word_1_119' title='bbox 1050 1138 1156 1182; x_wconf 86' lang='lat' dir='ltr'>est‚“</span> <span class='ocrx_word' id='word_1_120' title='bbox 1197 1157 1249 1164; x_wconf 93' lang='lat'><strong>—</strong></span> <span class='ocrx_word' id='word_1_121' title='bbox 1283 1133 1336 1173; x_wconf 87' lang='lat' dir='ltr'>de</span> <span class='ocrx_word' id='word_1_122' title='bbox 1376 1131 1438 1172; x_wconf 83' lang='lat' dir='ltr'>his</span> <span class='ocrx_word' id='word_1_123' title='bbox 1480 1129 1650 1180; x_wconf 80' lang='lat' dir='ltr'>scilicet,</span> 
     </span>
     <span class='ocr_line' id='line_1_15' title="bbox 220 1208 1651 1265; baseline -0.001 -16"><span class='ocrx_word' id='word_1_124' title='bbox 220 1208 293 1264; x_wconf 84' lang='lat' dir='ltr'>qui</span> <span class='ocrx_word' id='word_1_125' title='bbox 330 1220 511 1264; x_wconf 87' lang='lat' dir='ltr'>possunt</span> <span class='ocrx_word' id='word_1_126' title='bbox 551 1221 695 1250; x_wconf 88' lang='lat' dir='ltr'>mente</span> <span class='ocrx_word' id='word_1_127' title='bbox 738 1209 879 1251; x_wconf 88' lang='lat' dir='ltr'>Deum</span> <span class='ocrx_word' id='word_1_128' title='bbox 919 1209 1062 1250; x_wconf 83' lang='lat' dir='ltr'>videre</span> <span class='ocrx_word' id='word_1_129' title='bbox 1102 1235 1179 1259; x_wconf 86' lang='lat'>·—-,</span> <span class='ocrx_word' id='word_1_130' title='bbox 1224 1222 1265 1251; x_wconf 89' lang='lat' dir='ltr'>et</span> <span class='ocrx_word' id='word_1_131' title='bbox 1302 1208 1549 1265; x_wconf 84' lang='lat' dir='ltr'>„potentior</span> <span class='ocrx_word' id='word_1_132' title='bbox 1590 1219 1651 1249; x_wconf 87' lang='lat' dir='ltr'>est</span> 
     </span>
     <span class='ocr_line' id='line_1_16' title="bbox 218 1285 1652 1342; baseline 0.001 -17"><span class='ocrx_word' id='word_1_133' title='bbox 218 1285 357 1328; x_wconf 85' lang='lat' dir='ltr'>nobis.</span> <span class='ocrx_word' id='word_1_134' title='bbox 416 1285 570 1327; x_wconf 79' lang='lat' dir='ltr'>Venite</span> <span class='ocrx_word' id='word_1_135' title='bbox 598 1285 755 1342; x_wconf 79' lang='lat' dir='ltr'>itaque,</span> <span class='ocrx_word' id='word_1_136' title='bbox 788 1286 1183 1327; x_wconf 79' lang='lat' dir='ltr'>circumscribamus</span> <span class='ocrx_word' id='word_1_137' title='bbox 1213 1288 1332 1336; x_wconf 88' lang='lat' dir='ltr'>illos,</span> <span class='ocrx_word' id='word_1_138' title='bbox 1361 1303 1415 1327; x_wconf 92' lang='lat' dir='ltr'>ne</span> <span class='ocrx_word' id='word_1_139' title='bbox 1446 1288 1557 1328; x_wconf 88' lang='lat' dir='ltr'>forte</span> <span class='ocrx_word' id='word_1_140' title='bbox 1586 1285 1652 1326; x_wconf 78' lang='lat' dir='ltr'>in-</span> 
     </span>
     <span class='ocr_line' id='line_1_17' title="bbox 221 1363 1651 1422; baseline 0 -19"><span class='ocrx_word' id='word_1_141' title='bbox 221 1375 429 1404; x_wconf 78' lang='lat' dir='ltr'>crescant:</span> <span class='ocrx_word' id='word_1_142' title='bbox 463 1375 504 1404; x_wconf 87' lang='lat' dir='ltr'>et</span> <span class='ocrx_word' id='word_1_143' title='bbox 535 1380 638 1422; x_wconf 16' lang='lat' dir='ltr'>cumr</span> <span class='ocrx_word' id='word_1_144' title='bbox 662 1363 863 1405; x_wconf 84' lang='lat' dir='ltr'>acciderit</span> <span class='ocrx_word' id='word_1_145' title='bbox 893 1363 1018 1405; x_wconf 89' lang='lat' dir='ltr'>nobis</span> <span class='ocrx_word' id='word_1_146' title='bbox 1049 1365 1225 1413; x_wconf 86' lang='lat' dir='ltr'>bellum,</span> <span class='ocrx_word' id='word_1_147' title='bbox 1256 1363 1522 1406; x_wconf 84' lang='lat' dir='ltr'>consentient</span> <span class='ocrx_word' id='word_1_148' title='bbox 1539 1365 1578 1418; x_wconf 88' lang='lat'>⁷)</span> <span class='ocrx_word' id='word_1_149' title='bbox 1610 1373 1651 1404; x_wconf 88' lang='lat' dir='ltr'>et</span> 
     </span>
     <span class='ocr_line' id='line_1_18' title="bbox 218 1439 1651 1496; baseline 0 -15"><span class='ocrx_word' id='word_1_150' title='bbox 218 1439 389 1482; x_wconf 82' lang='lat' dir='ltr'>hicum</span> <span class='ocrx_word' id='word_1_151' title='bbox 422 1440 686 1490; x_wconf 78' lang='lat' dir='ltr'>adversariis,</span> <span class='ocrx_word' id='word_1_152' title='bbox 724 1453 764 1482; x_wconf 89' lang='lat' dir='ltr'>et</span> <span class='ocrx_word' id='word_1_153' title='bbox 804 1452 1089 1496; x_wconf 80' lang='lat' dir='ltr'>expugnantes</span> <span class='ocrx_word' id='word_1_154' title='bbox 1127 1459 1207 1483; x_wconf 88' lang='lat' dir='ltr'>nos</span> <span class='ocrx_word' id='word_1_155' title='bbox 1241 1442 1414 1483; x_wconf 80' lang='lat' dir='ltr'>exibunt</span> <span class='ocrx_word' id='word_1_156' title='bbox 1451 1443 1504 1482; x_wconf 88' lang='lat' dir='ltr'>de</span> <span class='ocrx_word' id='word_1_157' title='bbox 1540 1453 1651 1482; x_wconf 78' lang='lat' dir='ltr'>terra</span> 
     </span>
     <span class='ocr_line' id='line_1_19' title="bbox 219 1518 1650 1571; baseline -0.001 -11"><span class='ocrx_word' id='word_1_158' title='bbox 219 1523 405 1560; x_wconf 86' lang='lat' dir='ltr'>nostra.“</span> <span class='ocrx_word' id='word_1_159' title='bbox 465 1519 551 1560; x_wconf 85' lang='lat' dir='ltr'>Sed</span> <span class='ocrx_word' id='word_1_160' title='bbox 589 1519 706 1559; x_wconf 87' lang='lat' dir='ltr'>unde</span> <span class='ocrx_word' id='word_1_161' title='bbox 745 1518 828 1559; x_wconf 87' lang='lat' dir='ltr'>hoe</span> <span class='ocrx_word' id='word_1_162' title='bbox 859 1518 984 1560; x_wconf 83' lang='lat' dir='ltr'>sentit</span> <span class='ocrx_word' id='word_1_163' title='bbox 1022 1519 1248 1561; x_wconf 84' lang='lat' dir='ltr'>diabolus?</span> <span class='ocrx_word' id='word_1_164' title='bbox 1289 1520 1407 1560; x_wconf 83' lang='lat' dir='ltr'>unde</span> <span class='ocrx_word' id='word_1_165' title='bbox 1442 1518 1650 1571; x_wconf 81' lang='lat' dir='ltr'>intelligit,</span> 
     </span>
     <span class='ocr_line' id='line_1_20' title="bbox 220 1595 1650 1654; baseline 0 -16"><span class='ocrx_word' id='word_1_166' title='bbox 220 1597 316 1654; x_wconf 82' lang='lat' dir='ltr'>quia</span> <span class='ocrx_word' id='word_1_167' title='bbox 350 1613 501 1649; x_wconf 83' lang='lat' dir='ltr'>magna</span> <span class='ocrx_word' id='word_1_168' title='bbox 533 1612 629 1648; x_wconf 83' lang='lat' dir='ltr'>gens</span> <span class='ocrx_word' id='word_1_169' title='bbox 659 1595 711 1637; x_wconf 85' lang='lat' dir='ltr'>sit</span> <span class='ocrx_word' id='word_1_170' title='bbox 739 1595 881 1646; x_wconf 80' lang='lat' dir='ltr'>Israel,</span> <span class='ocrx_word' id='word_1_171' title='bbox 913 1608 953 1637; x_wconf 86' lang='lat' dir='ltr'>et</span> <span class='ocrx_word' id='word_1_172' title='bbox 982 1596 1074 1653; x_wconf 83' lang='lat' dir='ltr'>ipso</span> <span class='ocrx_word' id='word_1_173' title='bbox 1105 1597 1274 1647; x_wconf 84' lang='lat' dir='ltr'>fortior,</span> <span class='ocrx_word' id='word_1_174' title='bbox 1303 1597 1383 1639; x_wconf 83' lang='lat' dir='ltr'>nisi</span> <span class='ocrx_word' id='word_1_175' title='bbox 1406 1597 1503 1653; x_wconf 82' lang='lat' dir='ltr'>quia</span> <span class='ocrx_word' id='word_1_176' title='bbox 1525 1613 1650 1652; x_wconf 82' lang='lat' dir='ltr'>saepe</span> 
     </span>
     <span class='ocr_line' id='line_1_21' title="bbox 220 1673 1648 1730; baseline 0 -14"><span class='ocrx_word' id='word_1_177' title='bbox 220 1691 468 1727; x_wconf 78' lang='lat' dir='ltr'>congressus</span> <span class='ocrx_word' id='word_1_178' title='bbox 500 1686 572 1723; x_wconf 86' lang='lat' dir='ltr'>est,</span> <span class='ocrx_word' id='word_1_179' title='bbox 600 1691 724 1729; x_wconf 85' lang='lat' dir='ltr'>saepe</span> <span class='ocrx_word' id='word_1_180' title='bbox 756 1673 907 1714; x_wconf 80' lang='lat' dir='ltr'>habuit</span> <span class='ocrx_word' id='word_1_181' title='bbox 936 1673 1171 1724; x_wconf 79' lang='lat' dir='ltr'>luctamen,</span> <span class='ocrx_word' id='word_1_182' title='bbox 1204 1685 1244 1714; x_wconf 89' lang='lat' dir='ltr'>et</span> <span class='ocrx_word' id='word_1_183' title='bbox 1273 1690 1398 1729; x_wconf 85' lang='lat' dir='ltr'>saepe</span> <span class='ocrx_word' id='word_1_184' title='bbox 1427 1686 1648 1730; x_wconf 85' lang='lat' dir='ltr'>superatus</span> 
     </span>
     <span class='ocr_line' id='line_1_22' title="bbox 219 1750 1647 1809; baseline -0.001 -16"><span class='ocrx_word' id='word_1_185' title='bbox 219 1751 307 1795; x_wconf 83' lang='lat' dir='ltr'>est?</span> <span class='ocrx_word' id='word_1_186' title='bbox 365 1751 452 1793; x_wconf 81' lang='lat' dir='ltr'>Scit</span> <span class='ocrx_word' id='word_1_187' title='bbox 483 1751 597 1792; x_wconf 84' lang='lat' dir='ltr'>enim</span> <span class='ocrx_word' id='word_1_188' title='bbox 638 1750 853 1807; x_wconf 15' lang='lat' dir='ltr'>etssipsum</span> <span class='ocrx_word' id='word_1_189' title='bbox 890 1750 1028 1802; x_wconf 34' lang='lat' dir='ltr'>Jacolb</span> <span class='ocrx_word' id='word_1_190' title='bbox 1068 1752 1273 1792; x_wconf 86' lang='lat' dir='ltr'>luctatum</span> <span class='ocrx_word' id='word_1_191' title='bbox 1305 1768 1413 1801; x_wconf 87' lang='lat' dir='ltr'>esse,</span> <span class='ocrx_word' id='word_1_192' title='bbox 1453 1763 1494 1793; x_wconf 87' lang='lat' dir='ltr'>et</span> <span class='ocrx_word' id='word_1_193' title='bbox 1525 1750 1647 1809; x_wconf 87' lang='lat' dir='ltr'>adju-</span> 
     </span>
     <span class='ocr_line' id='line_1_23' title="bbox 215 1827 1646 1881; baseline -0.001 -10"><span class='ocrx_word' id='word_1_194' title='bbox 215 1832 330 1871; x_wconf 76' lang='lat' dir='ltr'>torio</span> <span class='ocrx_word' id='word_1_195' title='bbox 374 1830 512 1881; x_wconf 80' lang='lat' dir='ltr'>angeli</span> <span class='ocrx_word' id='word_1_196' title='bbox 563 1827 795 1870; x_wconf 75' lang='lat' dir='ltr'>obtinuisse</span> <span class='ocrx_word' id='word_1_197' title='bbox 842 1827 1150 1877; x_wconf 83' lang='lat' dir='ltr'>adversarium,</span> <span class='ocrx_word' id='word_1_198' title='bbox 1196 1839 1235 1868; x_wconf 90' lang='lat' dir='ltr'>et</span> <span class='ocrx_word' id='word_1_199' title='bbox 1280 1827 1503 1870; x_wconf 80' lang='lat' dir='ltr'>invaluisse</span> <span class='ocrx_word' id='word_1_200' title='bbox 1549 1847 1646 1870; x_wconf 90' lang='lat' dir='ltr'>cum</span> 
     </span>
     <span class='ocr_line' id='line_1_24' title="bbox 218 1904 1647 1960; baseline 0.001 -13"><span class='ocrx_word' id='word_1_201' title='bbox 218 1908 330 1947; x_wconf 88' lang='lat' dir='ltr'>Deo.</span> <span class='ocrx_word' id='word_1_202' title='bbox 399 1907 500 1946; x_wconf 84' lang='lat' dir='ltr'>Non</span> <span class='ocrx_word' id='word_1_203' title='bbox 540 1906 712 1955; x_wconf 83' lang='lat' dir='ltr'>dubito,</span> <span class='ocrx_word' id='word_1_204' title='bbox 753 1904 856 1960; x_wconf 84' lang='lat' dir='ltr'>quin</span> <span class='ocrx_word' id='word_1_205' title='bbox 898 1919 939 1946; x_wconf 89' lang='lat' dir='ltr'>et</span> <span class='ocrx_word' id='word_1_206' title='bbox 986 1906 1169 1947; x_wconf 84' lang='lat' dir='ltr'>aliorum</span> <span class='ocrx_word' id='word_1_207' title='bbox 1200 1917 1445 1947; x_wconf 86' lang='lat' dir='ltr'>sanctorum</span> <span class='ocrx_word' id='word_1_208' title='bbox 1474 1907 1647 1949; x_wconf 86' lang='lat' dir='ltr'>senserit</span> 
     </span>
     <span class='ocr_line' id='line_1_25' title="bbox 217 1983 1646 2040; baseline 0.001 -15"><span class='ocrx_word' id='word_1_209' title='bbox 217 1985 446 2033; x_wconf 82' lang='lat' dir='ltr'>luctamen,</span> <span class='ocrx_word' id='word_1_210' title='bbox 475 1994 515 2024; x_wconf 83' lang='lat' dir='ltr'>et</span> <span class='ocrx_word' id='word_1_211' title='bbox 545 1983 779 2038; x_wconf 81' lang='lat' dir='ltr'>spiritualia</span> <span class='ocrx_word' id='word_1_212' title='bbox 810 1983 1031 2039; x_wconf 77' lang='lat' dir='ltr'>pertulerit</span> <span class='ocrx_word' id='word_1_213' title='bbox 1062 2001 1187 2040; x_wconf 91' lang='lat' dir='ltr'>saepe</span> <span class='ocrx_word' id='word_1_214' title='bbox 1210 1984 1451 2034; x_wconf 80' lang='lat' dir='ltr'>certamina,</span> <span class='ocrx_word' id='word_1_215' title='bbox 1483 1997 1521 2026; x_wconf 90' lang='lat' dir='ltr'>et</span> <span class='ocrx_word' id='word_1_216' title='bbox 1546 1984 1646 2026; x_wconf 79' lang='lat' dir='ltr'>inde</span> 
     </span>
    </p>
   </div>
   <div class='ocr_carea' id='block_1_3' title="bbox 218 2060 1646 2118">
    <p class='ocr_par' dir='ltr' id='par_1_3' title="bbox 218 2060 1646 2118">
     <span class='ocr_line' id='line_1_26' title="bbox 218 2060 1646 2118; baseline 0 -15"><span class='ocrx_word' id='word_1_217' title='bbox 218 2060 404 2118; x_wconf 49' lang='lat' dir='ltr'>dic-anfi)</span> <span class='ocrx_word' id='word_1_218' title='bbox 437 2061 534 2117; x_wconf 82' lang='lat' dir='ltr'>quia</span> <span class='ocrx_word' id='word_1_219' title='bbox 565 2076 663 2112; x_wconf 78' lang='lat' dir='ltr'>gens</span> <span class='ocrx_word' id='word_1_220' title='bbox 693 2060 884 2102; x_wconf 85' lang='lat' dir='ltr'>filiorum</span> <span class='ocrx_word' id='word_1_221' title='bbox 915 2061 1041 2103; x_wconf 79' lang='lat' dir='ltr'>Israel</span> <span class='ocrx_word' id='word_1_222' title='bbox 1070 2078 1223 2114; x_wconf 83' lang='lat' dir='ltr'>magna</span> <span class='ocrx_word' id='word_1_223' title='bbox 1255 2074 1314 2104; x_wconf 87' lang='lat' dir='ltr'>est</span> <span class='ocrx_word' id='word_1_224' title='bbox 1343 2063 1476 2112; x_wconf 83' lang='lat' dir='ltr'>valde,</span> <span class='ocrx_word' id='word_1_225' title='bbox 1506 2074 1547 2103; x_wconf 88' lang='lat' dir='ltr'>et</span> <span class='ocrx_word' id='word_1_226' title='bbox 1578 2079 1646 2103; x_wconf 85' lang='lat' dir='ltr'>va-</span> 
     </span>
    </p>
   </div>
   <div class='ocr_carea' id='block_1_4' title="bbox 219 2251 1643 2364">
    <p class='ocr_par' dir='ltr' id='par_1_4' title="bbox 219 2251 1643 2364">
     <span class='ocr_line' id='line_1_27' title="bbox 343 2251 1643 2316; baseline 0 -24"><span class='ocrx_word' id='word_1_227' title='bbox 343 2253 382 2304; x_wconf 91' lang='lat'>¹)</span> <span class='ocrx_word' id='word_1_228' title='bbox 415 2252 538 2293; x_wconf 47' lang='lat' dir='ltr'>Mssa</span> <span class='ocrx_word' id='word_1_229' title='bbox 580 2263 653 2316; x_wconf 67' lang='lat' dir='ltr'>‚3ut</span> <span class='ocrx_word' id='word_1_230' title='bbox 691 2268 779 2292; x_wconf 88' lang='lat' dir='ltr'>non</span> <span class='ocrx_word' id='word_1_231' title='bbox 821 2251 930 2293; x_wconf 82' lang='lat' dir='ltr'>illud</span> <span class='ocrx_word' id='word_1_232' title='bbox 972 2252 1153 2295; x_wconf 82' lang='lat' dir='ltr'>dicam.“</span> <span class='ocrx_word' id='word_1_233' title='bbox 1211 2253 1329 2294; x_wconf 85' lang='lat' dir='ltr'>Libri</span> <span class='ocrx_word' id='word_1_234' title='bbox 1369 2252 1470 2294; x_wconf 84' lang='lat' dir='ltr'>editi</span> <span class='ocrx_word' id='word_1_235' title='bbox 1511 2255 1569 2308; x_wconf 72' lang='lat' dir='ltr'>(v,</span> <span class='ocrx_word' id='word_1_236' title='bbox 1610 2269 1643 2292; x_wconf 92' lang='lat' dir='ltr'>c.</span> 
     </span>
     <span class='ocr_line' id='line_1_28' title="bbox 219 2308 934 2364; baseline -0.004 -13"><span class='ocrx_word' id='word_1_237' title='bbox 219 2310 315 2351; x_wconf 89' lang='lat' dir='ltr'>edd.</span> <span class='ocrx_word' id='word_1_238' title='bbox 345 2309 452 2364; x_wconf 71' lang='lat' dir='ltr'>M.:)</span> <span class='ocrx_word' id='word_1_239' title='bbox 483 2319 557 2360; x_wconf 81' lang='lat' dir='ltr'>„ut</span> <span class='ocrx_word' id='word_1_240' title='bbox 587 2308 644 2348; x_wconf 78' lang='lat' dir='ltr'>ita</span> <span class='ocrx_word' id='word_1_241' title='bbox 675 2308 855 2349; x_wconf 84' lang='lat' dir='ltr'>dicam.“</span> <span class='ocrx_word' id='word_1_242' title='bbox 886 2309 934 2349; x_wconf 83' lang='lat' dir='ltr'>R.</span> 
     </span>
    </p>
   </div>
   <div class='ocr_carea' id='block_1_5' title="bbox 333 2378 1639 2437">
    <p class='ocr_par' dir='ltr' id='par_1_5' title="bbox 333 2378 1639 2437">
     <span class='ocr_line' id='line_1_29' title="bbox 333 2378 1639 2437; baseline 0.002 -19"><span class='ocrx_word' id='word_1_243' title='bbox 333 2379 379 2432; x_wconf 81' lang='grc'>2)</span> <span class='ocrx_word' id='word_1_244' title='bbox 415 2378 527 2419; x_wconf 84' lang='lat' dir='ltr'>Alias</span> <span class='ocrx_word' id='word_1_245' title='bbox 558 2378 759 2433; x_wconf 80' lang='lat' dir='ltr'>(e.c.1&#39;n</span> <span class='ocrx_word' id='word_1_246' title='bbox 791 2380 886 2421; x_wconf 88' lang='lat' dir='ltr'>edd.</span> <span class='ocrx_word' id='word_1_247' title='bbox 918 2380 1024 2435; x_wconf 83' lang='lat' dir='ltr'><strong>M.:)</strong></span> <span class='ocrx_word' id='word_1_248' title='bbox 1075 2382 1192 2437; x_wconf 90' lang='lat' dir='ltr'>quod</span> <span class='ocrx_word' id='word_1_249' title='bbox 1224 2393 1284 2422; x_wconf 87' lang='lat' dir='ltr'>est</span> <span class='ocrx_word' id='word_1_250' title='bbox 1313 2380 1524 2422; x_wconf 86' lang='lat' dir='ltr'>immundi</span> <span class='ocrx_word' id='word_1_251' title='bbox 1555 2380 1639 2434; x_wconf 82' lang='lat' dir='ltr'>spi-</span> 
     </span>
    </p>
   </div>
   <div class='ocr_carea' id='block_1_6' title="bbox 217 2433 1639 2843">
    <p class='ocr_par' dir='ltr' id='par_1_6' title="bbox 217 2433 1639 2843">
     <span class='ocr_line' id='line_1_30' title="bbox 217 2433 668 2491; baseline -0.005 -14"><span class='ocrx_word' id='word_1_252' title='bbox 217 2436 320 2477; x_wconf 86' lang='lat' dir='ltr'>ritus</span> <span class='ocrx_word' id='word_1_253' title='bbox 348 2435 529 2491; x_wconf 75' lang='lat' dir='ltr'>irnperio</span> <span class='ocrx_word' id='word_1_254' title='bbox 563 2433 668 2487; x_wconf 81' lang='lat' dir='ltr'>agi.“</span> 
     </span>
     <span class='ocr_line' id='line_1_31' title="bbox 333 2505 1054 2563; baseline 0.004 -17"><span class='ocrx_word' id='word_1_255' title='bbox 333 2506 380 2560; x_wconf 82' lang='lat'>3)</span> <span class='ocrx_word' id='word_1_256' title='bbox 414 2506 565 2546; x_wconf 80' lang='lat' dir='ltr'>Psalm.</span> <span class='ocrx_word' id='word_1_257' title='bbox 595 2506 717 2557; x_wconf 88' lang='lat' dir='ltr'>XIV,</span> <span class='ocrx_word' id='word_1_258' title='bbox 750 2510 787 2550; x_wconf 87' lang='lat'>1.</span> <span class='ocrx_word' id='word_1_259' title='bbox 817 2505 960 2563; x_wconf 76' lang='lat' dir='ltr'>(XIII,</span> <span class='ocrx_word' id='word_1_260' title='bbox 993 2507 1054 2561; x_wconf 86' lang='lat'>1.)</span> 
     </span>
     <span class='ocr_line' id='line_1_32' title="bbox 335 2568 1224 2633; baseline 0.004 -17"><span class='ocrx_word' id='word_1_261' title='bbox 335 2576 380 2630; x_wconf 72' lang='lat'>⁴²)</span> <span class='ocrx_word' id='word_1_262' title='bbox 413 2577 525 2616; x_wconf 84' lang='lat' dir='ltr'>Edd.</span> <span class='ocrx_word' id='word_1_263' title='bbox 558 2575 754 2617; x_wconf 83' lang='lat' dir='ltr'>Merlini.</span> <span class='ocrx_word' id='word_1_264' title='bbox 787 2576 1026 2633; x_wconf 83' lang='lat' dir='ltr'>apostaticis</span> <span class='ocrx_word' id='word_1_265' title='bbox 1057 2568 1224 2628; x_wconf 49' lang='lat' dir='ltr'>andelis.</span> 
     </span>
     <span class='ocr_line' id='line_1_33' title="bbox 335 2645 1478 2702; baseline -0.001 -15"><span class='ocrx_word' id='word_1_266' title='bbox 335 2648 380 2701; x_wconf 77' lang='lat'>⁵)</span> <span class='ocrx_word' id='word_1_267' title='bbox 410 2646 547 2687; x_wconf 76' lang='lat' dir='ltr'>Exod.</span> <span class='ocrx_word' id='word_1_268' title='bbox 577 2645 608 2695; x_wconf 81' lang='grc' dir='ltr'>Ῐ,</span> <span class='ocrx_word' id='word_1_269' title='bbox 639 2646 678 2688; x_wconf 87' lang='grc'>9.</span> <span class='ocrx_word' id='word_1_270' title='bbox 710 2649 774 2690; x_wconf 85' lang='grc'>10.</span> <span class='ocrx_word' id='word_1_271' title='bbox 895 2647 940 2702; x_wconf 76' lang='grc'>6)</span> <span class='ocrx_word' id='word_1_272' title='bbox 971 2648 1082 2688; x_wconf 87' lang='lat' dir='ltr'>Edd.</span> <span class='ocrx_word' id='word_1_273' title='bbox 1112 2646 1307 2689; x_wconf 67' lang='lat' dir='ltr'>Men-lini:</span> <span class='ocrx_word' id='word_1_274' title='bbox 1337 2661 1478 2697; x_wconf 83' lang='lat' dir='ltr'>genus.</span> 
     </span>
     <span class='ocr_line' id='line_1_34' title="bbox 332 2715 1056 2772; baseline 0.004 -16"><span class='ocrx_word' id='word_1_275' title='bbox 332 2717 378 2772; x_wconf 90' lang='grc'>7)</span> <span class='ocrx_word' id='word_1_276' title='bbox 408 2717 518 2757; x_wconf 87' lang='lat' dir='ltr'>Edd.</span> <span class='ocrx_word' id='word_1_277' title='bbox 550 2715 745 2756; x_wconf 83' lang='lat' dir='ltr'>Me1lini:</span> <span class='ocrx_word' id='word_1_278' title='bbox 780 2718 1056 2759; x_wconf 72' lang='lat' dir='ltr'>consentiant.</span> 
     </span>
     <span class='ocr_line' id='line_1_35' title="bbox 334 2784 1639 2843; baseline -0.002 -16"><span class='ocrx_word' id='word_1_279' title='bbox 334 2787 380 2840; x_wconf 71' lang='grc' dir='ltr'>ὃ)</span> <span class='ocrx_word' id='word_1_280' title='bbox 414 2785 526 2827; x_wconf 84' lang='lat' dir='ltr'>Alias</span> <span class='ocrx_word' id='word_1_281' title='bbox 565 2785 622 2840; x_wconf 69' lang='lat' dir='ltr'>(V.</span> <span class='ocrx_word' id='word_1_282' title='bbox 660 2803 691 2825; x_wconf 91' lang='lat' dir='ltr'>c</span> <span class='ocrx_word' id='word_1_283' title='bbox 724 2785 767 2827; x_wconf 79' lang='lat' dir='ltr'>in</span> <span class='ocrx_word' id='word_1_284' title='bbox 799 2788 894 2829; x_wconf 81' lang='lat' dir='ltr'>edd.</span> <span class='ocrx_word' id='word_1_285' title='bbox 925 2788 1031 2843; x_wconf 26' lang='lat' dir='ltr'>MA)</span> <span class='ocrx_word' id='word_1_286' title='bbox 1072 2785 1247 2835; x_wconf 76' lang='lat' dir='ltr'>„di«·it,“</span> <span class='ocrx_word' id='word_1_287' title='bbox 1289 2796 1328 2825; x_wconf 85' lang='lat' dir='ltr'>et</span> <span class='ocrx_word' id='word_1_288' title='bbox 1365 2784 1493 2826; x_wconf 73' lang='lat' dir='ltr'>infra:</span> <span class='ocrx_word' id='word_1_289' title='bbox 1527 2785 1639 2834; x_wconf 79' lang='lat' dir='ltr'>„Sed</span> 
     </span>
    </p>
   </div>
   <div class='ocr_carea' id='block_1_7' title="bbox 217 2841 1531 2898">
    <p class='ocr_par' dir='ltr' id='par_1_7' title="bbox 217 2841 1531 2898">
     <span class='ocr_line' id='line_1_36' title="bbox 217 2841 1531 2898; baseline -0.005 -9"><span class='ocrx_word' id='word_1_290' title='bbox 217 2858 256 2888; x_wconf 74' lang='lat' dir='ltr'>et</span> <span class='ocrx_word' id='word_1_291' title='bbox 285 2845 389 2887; x_wconf 84' lang='lat' dir='ltr'>illud</span> <span class='ocrx_word' id='word_1_292' title='bbox 424 2842 541 2898; x_wconf 85' lang='lat' dir='ltr'>quod</span> <span class='ocrx_word' id='word_1_293' title='bbox 576 2842 766 2892; x_wconf 78' lang='lat' dir='ltr'>timent,“</span> <span class='ocrx_word' id='word_1_294' title='bbox 797 2856 836 2885; x_wconf 80' lang='lat' dir='ltr'>at</span> <span class='ocrx_word' id='word_1_295' title='bbox 868 2845 966 2886; x_wconf 61' lang='lat' dir='ltr'>WIss.</span> <span class='ocrx_word' id='word_1_296' title='bbox 998 2855 1044 2884; x_wconf 88' lang='lat' dir='ltr'>ut</span> <span class='ocrx_word' id='word_1_297' title='bbox 1073 2843 1115 2883; x_wconf 78' lang='lat' dir='ltr'>in</span> <span class='ocrx_word' id='word_1_298' title='bbox 1148 2855 1295 2884; x_wconf 87' lang='lat' dir='ltr'>nostro</span> <span class='ocrx_word' id='word_1_299' title='bbox 1329 2853 1452 2883; x_wconf 77' lang='lat' dir='ltr'>textu.</span> <span class='ocrx_word' id='word_1_300' title='bbox 1484 2841 1531 2882; x_wconf 80' lang='lat' dir='ltr'>R.</span> 
     </span>
    </p>
   </div>
  </div>
 </body>
</html>
