1752 3136
509 99 556 127 m
584 86 842 126 LEV1T1CUM
872 83 1075 125 HommA
1099 83 1193 125 XV.
1482 87 1568 129 423

139 196 228 237 Nec
258 198 399 252 plures
427 196 600 247 tunicas,
629 213 710 237 nec
739 197 916 236 multam
953 194 1151 235 concedit
1181 195 1401 249 possidere
1429 213 1563 252 pecu-

139 275 275 314 niam:
306 275 534 322 „habentes
553 275 595 328 ¹)
626 273 753 322 enim,
783 270 940 327 inquit,
985 271 1142 312 victum
1185 283 1225 313 et
1254 272 1465 322 vestitum,
1497 274 1562 314 his

139 351 327 391 contenti
357 352 526 392 simus.“
595 349 834 403 Quomodo
869 365 966 401 ergo
1008 365 1087 391 nos
1119 350 1234 390 datas
1266 351 1318 391 de
1347 352 1559 400 domibus,

135 427 225 467 sive'
250 427 419 483 intr-¹1²)
452 427 658 468 civitatem
691 438 902 468 muratam
933 425 1100 481 positis,
1131 427 1216 469 sive
1246 428 1289 469 in
1318 428 1428 478 vicis,
1465 427 1558 483 qui-

136 506 215 545 bus
255 504 367 545 muri
405 521 495 545 non
531 515 650 552 sunt,
691 502 1007 544 observabimus
1038 504 1177 555 leges?
1239 505 1481 545 Invenimus
1512 504 1557 544 in

136 582 225 624 aliis
256 582 500 636 Scripturae
539 579 662 628 loeis,
703 582 820 635 quod
857 597 997 622 sermo
1045 582 1212 623 divinus
1251 580 1417 637 majore
1449 598 1557 636 quo-

134 661 231 699 dam
263 669 526 699 sacramento
558 657 753 698 nominet
785 659 978 707 domum,
1008 671 1055 699 ut
1085 676 1181 700 cum
1207 657 1308 699 dicit
1333 659 1386 699 de
1402 659 1555 706 Jacob,

134 748 171 776 et
205 735 318 791 quasi
349 752 430 790 pro
460 736 588 776 laude
620 736 705 791 ejus
734 736 878 791 ponit:
919 736 1094 788 „erat·3)
1126 735 1259 787 enim,
1298 735 1450 791 inquit,
1481 736 1556 775 Ja-

132 814 216 853 cob
250 814 382 854 homo
414 813 611 867 simplex,
652 813 844 853 habitans
878 816 1098 855 domuum
1169 814 1227 854 Et
1256 814 1408 855 iterum
1438 811 1555 852 inve-

132 889 203 930 nio
237 891 288 930 de
330 888 625 930 obstetricibus
665 890 965 931 Hebraeorum
1003 890 1231 946 scriptum:
1272 890 1401 944 ‚‚et⁴²)
1444 891 1555 944 quia,

129 965 279 1021 inquit,
310 965 517 1006 timebant
547 965 690 1005 Deum
724 967 989 1017 obstetrices,
1028 969 1221 1008 fecerunt
1249 967 1328 1009 sibi
1359 968 1554 1007 domos.“

129 1043 334 1083 Videmus
377 1058 501 1094 ergO,
552 1044 670 1098 quod
710 1043 1007 1085 obstetricibus
1047 1045 1220 1099 quidem
1259 1043 1552 1085 faciendarum

129 1122 361 1160 domorum
395 1135 516 1160 causa
545 1121 673 1161 fuerit
707 1118 836 1159 timor
866 1120 971 1161 Dei:
1009 1122 1150 1161 Jacob
1181 1139 1280 1163 vero
1312 1120 1554 1177 simplicitas

129 1209 168 1237 et
199 1195 443 1237 innocentia
476 1213 643 1237 causam
678 1197 852 1247 dederit,
884 1209 930 1238 ut
960 1196 1169 1239 habitaret
1211 1200 1403 1242 domum.
1463 1199 1552 1237 De-

126 1274 256 1329 nique
288 1273 411 1323 Esau,
442 1273 539 1329 quia
569 1274 704 1314 malus
736 1273 826 1324 fuit,
856 1290 944 1314 non
968 1286 1027 1315 est
1044 1276 1247 1331 seriptum
1273 1277 1326 1316 de
1357 1292 1422 1324 e0,
1454 1275 1550 1329 quia

127 1352 375 1392 habitaverit
405 1352 597 1402 domum,
627 1367 708 1391 nee
739 1352 794 1392 de.
822 1350 905 1391 alio
941 1351 1084 1406 aliquo
1107 1353 1313 1407 seriptum
1347 1363 1420 1401 est,
1451 1353 1547 1406 quia

126 1429 406 1470 aedificaverit
435 1427 513 1469 sibi
546 1429 739 1477 domum,
771 1427 844 1484 qui
872 1445 964 1468 non
993 1429 1191 1469 habuerit
1219 1430 1420 1471 timorem
1452 1429 1549 1469 Dei.

127 1504 252 1559 Quae
283 1516 342 1545 est
372 1520 470 1556 ergo
501 1504 577 1546 ista
609 1506 786 1556 domus,
829 1517 869 1545 et
897 1507 1022 1560 quale
1053 1506 1293 1548 aedificium
1326 1519 1406 1556 est,
1438 1507 1548 1546 Pau-

125 1583 189 1623 lus
220 1582 516 1638 Apostolus⁵)
546 1583 719 1638 exponit
748 1582 953 1638 apertius,
984 1599 1079 1624 cum
1114 1576 1238 1624 dicit:
1280 1584 1548 1637 ,‚domum⁶)

123 1660 330 1699 habemus
363 1675 454 1698 non
483 1676 613 1700 manu
644 1661 819 1709 factam,
860 1672 1075 1701 aeternam
1115 1662 1160 1702 in
1191 1661 1359 1704 coelis.“
1428 1661 1545 1700 Haec

125 1753 224 1788 ergo
258 1747 316 1777 est
347 1737 513 1786 domus,
544 1754 672 1791 quam
703 1737 927 1778 aedificare
949 1755 1078 1778 nemo
1109 1749 1262 1793 potest,
1292 1738 1372 1779 nisi
1402 1738 1546 1778 timeat

122 1814 281 1854 Deum.
350 1813 468 1854 Haec
499 1825 559 1854 est
591 1816 764 1863 domus,
806 1832 933 1870 quam
981 1826 1212 1864 exstruere,
1254 1815 1319 1856 vel
1353 1815 1545 1855 habitare

122 1909 250 1932 nemo
283 1902 441 1946 potest,
472 1891 554 1932 nisi
583 1892 626 1932 in
656 1891 923 1946 simplicitate
952 1891 1125 1941 mentis,
1167 1904 1207 1933 et
1235 1891 1419 1948 puritate
1448 1909 1544 1932 cor-

123 1969 196 2010 dis.
257 1970 341 2011 Sed
374 1967 578 2024 quoniam
610 1968 802 2009 accidere
830 1971 958 2019 solet,
1001 1981 1048 2010 ut
1077 1969 1202 2011 etiam
1234 1968 1307 2024 qui
1335 1970 1444 2009 bene
1476 1986 1545 2009 ae—

123 2046 365 2095 dificaverit,
397 2058 435 2086 et
466 2047 642 2086 domum
675 2046 755 2087 sibi
789 2049 1011 2088 coelestem
1041 2048 1153 2087 bene
1183 2048 1348 2099 agendo
1377 2059 1416 2087 et
1434 2048 1543 2086 bene

121 2124 316 2173 vivendo,
347 2140 394 2164 ac
424 2134 537 2163 recte
568 2125 782 2164 credendo
816 2124 1117 2173 construxerit,
1148 2123 1335 2164 incurrat
1366 2122 1542 2178 alicujus

120 2202 283 2256 peccati
323 2201 537 2249 debitum,
582 2211 621 2241 et
660 2201 771 2242 hanc
788 2201 831 2256 ⁷)
879 2218 903 2242 a
943 2201 1233 2242 crudelissimo
1273 2203 1544 2241 foeneratore

119 2280 366 2319 venundare
396 2288 583 2330 cogatur,
615 2295 662 2319 ae
691 2279 861 2319 labores
879 2295 977 2320 suos
1005 2280 1301 2320 transfundere
1323 2278 1366 2319 in
1397 2277 1540 2326 alium,

240 2424 282 2478 Ι)
313 2415 330 2462 Ϊ
364 2423 474 2465 Tim.
507 2425 577 2474 VI,
606 2426 646 2468 8.
674 2448 730 2457 —-
758 2427 869 2468 Edd.
901 2425 1097 2466 Merlini:
1128 2425 1316 2469 contenti
1345 2444 1501 2468 sumus.

234 2495 281 2550 ²)
312 2494 422 2536 Edd.
453 2495 628 2536 Merlini
656 2513 903 2552 perperam:
934 2495 1057 2538 infra.

233 2565 280 2619 3)
314 2565 464 2607 Genes.
494 2565 633 2614 XXV,
662 2567 730 2608 27.
849 2565 895 2621 ⁴)
927 2566 1063 2608 Exod.
1094 2566 1124 2617 I,
1153 2569 1222 2610 21.

236 2636 282 2689 ⁵)
311 2636 442 2677 Deest
469 2636 757 2691 ,‚Apostolus“
786 2636 829 2678 in
861 2638 926 2678 ed.
958 2637 1006 2678 R.

232 2707 280 2761 6)
310 2706 349 2745 Π
381 2706 483 2748 Cor.
512 2706 564 2754 V,
594 2707 631 2748 1.

235 2776 280 2831 7)
310 2775 428 2818 Libri
473 2776 571 2818 editi
612 2778 672 2830 (V.
716 2793 750 2817 c.
790 2777 886 2818 edd.
917 2776 1024 2832 Μ.);
1062 2778 1198 2828 „hanc
1247 2779 1535 2821 crudelissimo

120 2833 407 2875 foeneratori“
437 2845 529 2884 etc.,
559 2836 633 2875 sed
666 2834 763 2875 Mss.
795 2844 840 2875 ut
870 2834 913 2876 in
945 2847 1093 2876 nostro
1127 2848 1248 2877 textu.
1280 2836 1331 2876 R.
