1752 3136
197 86 286 131 248
797 85 1020 129 Omezms

205 204 440 262 intrabit1)
479 204 525 247 in
561 199 779 242 ecclesiam
817 200 952 242 Dei.“
1029 198 1169 240 Credo
1189 198 1233 254 ²)
1282 213 1460 257 propter
1495 204 1624 245 fidem

206 283 365 335 Patris,
402 294 442 325 et
469 279 595 330 Filii,
625 290 666 320 et
695 277 877 333 Spiritus
906 275 1051 326 sancti,
1081 276 1123 317 in
1155 293 1280 332 quam
1315 280 1447 321 credit
1477 282 1627 331 omnis,

208 360 282 418 qui
311 360 498 402 sociatur
527 355 725 399 ecclesiae
752 354 859 405 Dei,
902 354 1069 396 tertiam
1101 354 1414 406 generationem
1454 358 1629 415 mystice

208 437 381 479 dictam.
424 436 584 476 Verum
615 445 758 475 tamen
776 433 997 475 sciendum
1020 444 1090 482 est,
1125 433 1241 487 quod
1262 450 1307 473 ex
1335 433 1490 483 hostiis,
1522 449 1631 489 quae

209 515 473 563 offeruntur,
522 512 620 553 licet
656 511 949 552 concedantur
987 510 1277 551 sacerdotibus
1309 510 1362 550 ad
1404 511 1632 560 edendum,

207 607 299 632 non
328 603 470 632 tamen
503 587 647 630 omnia
678 588 994 628 conceduntur:
1039 588 1112 627 scd
1152 603 1249 642 pars
1283 603 1328 627 ex
1359 586 1458 641 ipsis
1491 587 1631 641 aliqua

207 668 307 709 Deo
340 669 532 714 offertur,
564 676 604 704 et
633 663 772 704 altaris
800 663 966 713 ignibus
989 664 1189 704 traditur:
1220 675 1265 704 ut
1293 664 1473 705 sciamus
1504 664 1630 705 etiam

206 761 311 794 nos,
353 744 492 799 quod,
538 753 577 781 et
605 739 639 781 si
670 738 920 780 conceditur
948 738 1072 779 nobis
1103 739 1242 794 aliqua
1275 757 1321 780 ex
1353 741 1501 781 divinis
1531 740 1632 781 scri·

205 821 342 878 pturis
370 817 692 874 apprehendere
723 827 761 856 et
791 831 1032 868 agnoscere,
1061 827 1157 855 sunt
1175 827 1318 856 tamen
1338 816 1490 872 aliqua,
1522 833 1631 872 quae

205 898 307 939 Deo
349 895 600 937 reservanda
637 903 753 934 sunt:
801 907 910 947 quac
951 909 1048 933 cum
1086 891 1405 943 intellig-entiam
1445 904 1632 932 nostram

208 971 483 1030 superent,³)
512 987 742 1026 sensusque
773 986 923 1010 eorum
954 986 1082 1025 supra
1110 987 1190 1011 nos
1222 970 1297 1018 sit,
1332 984 1387 1009 ne
1416 969 1527 1009 forte
1558 968 1635 1009 ali-

209 1063 275 1093 ter
305 1068 327 1092 a
358 1049 508 1100 nobis,
546 1065 675 1104 quam
706 1063 750 1088 se
782 1047 912 1087 habet
941 1046 1114 1095 veritas,
1144 1047 1445 1101 proferantur,
1479 1045 1632 1086 melius

207 1126 296 1181 igni
323 1128 397 1169 ista
412 1126 459 1183 4)
486 1141 713 1167 servamus.
770 1123 828 1164 Et
865 1122 964 1163 ideo
1007 1123 1132 1163 etiam
1171 1123 1213 1164 in
1247 1124 1331 1164 hoc
1361 1122 1486 1172 loco,
1527 1138 1635 1178 quae

211 1204 384 1261 quidem
417 1218 614 1245 concessa
644 1212 741 1242 sunt
769 1199 1015 1240 hominibus
1047 1200 1101 1239 ad
1133 1201 1360 1250 edendum,
1395 1212 1525 1256 prout
1552 1216 1636 1255 po-

209 1282 382 1331 tuimus,
410 1280 521 1321 intra
549 1278 874 1320 tabernaculum
905 1276 1087 1317 Domini
1124 1277 1457 1319 consumsimus:
1487 1277 1520 1318 si
1553 1293 1636 1332 qua

211 1375 311 1400 vero
341 1366 583 1414 supersunt,
615 1366 654 1396 et
682 1356 746 1396 vel
776 1370 849 1395 vos
878 1355 924 1395 in
957 1354 1206 1405 audiendo,
1229 1355 1294 1395 vel
1325 1370 1404 1394 nos
1434 1364 1637 1409 superant

209 1436 256 1478 in
287 1435 493 1483 dicendo,
533 1447 744 1474 servemus
773 1431 860 1484 igni
890 1430 1052 1479 altaris,
1091 1442 1296 1486 tanquam
1337 1447 1428 1471 eam
1459 1442 1636 1486 partem,

212 1528 320 1569 quae
348 1528 429 1567 pro
460 1521 635 1566 peccato
667 1525 794 1564 super
823 1509 954 1548 altare
982 1506 1162 1548 Domini
1188 1506 1363 1565 jubetur
1393 1506 1552 1549 offerri.

321 1588 361 1630 4.
392 1586 534 1642 ‚,Et⁵)
564 1587 669 1627 hacc
701 1596 773 1635 est,
800 1583 951 1640 inquit,
980 1585 1044 1624 lex
1076 1583 1226 1636 arietis,
1260 1584 1333 1641 qui
1361 1602 1442 1640 pro
1477 1584 1633 1627 delicto

214 1677 294 1709 est:
325 1667 468 1707 sanct-'a
497 1675 753 1705 sanctorum.
812 1661 862 1701 In
890 1661 1005 1710 loco,
1035 1660 1080 1701 in
1112 1678 1196 1716 quo
1226 1660 1480 1718 jugulant⁶)
1508 1663 1636 1710 holo-

216 1753 493 1790 caustomata,
533 1738 788 1797 jugulabunt
829 1749 869 1778 et
907 1737 1105 1786 arietem,
1149 1737 1221 1793 qui
1261 1753 1342 1793 pro
1375 1739 1529 1780 delicto
1563 1752 1636 1791 est,

215 1831 365 1860 contra
395 1814 678 1865 Dominum,“
710 1826 749 1855 et
780 1826 930 1856 cetera.
989 1814 1167 1856 Videtur
1190 1816 1362 1870 quidem
1381 1815 1425 1856 in
1455 1816 1635 1872 scriptu-

214 1896 273 1939 ris
305 1894 455 1936 divinis
483 1895 729 1949 frequenter
757 1902 981 1947 peccatum
1024 1907 1105 1946 pro
1138 1891 1315 1940 delicto,
1364 1904 1403 1932 et
1434 1893 1634 1934 delictum

214 1988 296 2029 pro
335 1982 510 2029 peccato
551 1969 867 2019 indifferenter,
912 1980 950 2009 et
987 1969 1146 2024 absque
1187 1969 1327 2025 aliqua
1370 1970 1636 2012 distinctione

336 2194 380 2251 ¹)
412 2194 520 2236 Cod.
550 2193 824 2246 Sangerman.
854 2191 1087 2244 ‚,intravit.“
1116 2191 1169 2237 R.

332 2264 379 2318 ²)
406 2263 527 2305 Libri
566 2276 687 2305 antea
728 2263 827 2305 editi
865 2264 925 2319 (v.
958 2280 990 2304 c.
1023 2264 1116 2304 edd.
1145 2262 1255 2317 EID:
1295 2263 1467 2314 „Credo
1506 2265 1636 2308 fidem

216 2321 359 2377 patris,
391 2332 430 2361 et
458 2320 547 2369 filii,
579 2332 619 2360 et
646 2320 814 2376 spiritus
843 2319 997 2368 sancti,
1031 2320 1074 2360 in
1107 2337 1235 2375 quam
1267 2324 1446 2362 credunt
1475 2339 1634 2373 omncs,

219 2378 290 2433 qui
321 2377 564 2418 sociantur“
595 2388 684 2425 etc„
714 2379 786 2418 sed
821 2376 930 2418 Cod.
964 2376 1089 2428 Sang.
1122 2388 1169 2416 ut
1196 2376 1240 2416 in
1270 2391 1415 2418 nostro
1437 2390 1560 2420 textu.
1583 2381 1633 2421 R.

333 2447 379 2499 3)
413 2447 522 2491 cod.
562 2447 836 2499 Sangerman.
875 2451 1143 2502 „supc1·ent.“
1212 2445 1329 2487 Libri
1373 2448 1472 2490 editi
1511 2450 1570 2505 (v,
1604 2466 1635 2490 c.

221 2503 315 2544 edd.
346 2503 454 2557 M.):
485 2509 752 2558 ‚,superant.“
782 2503 833 2543 R.

335 2572 381 2625 ⁴²)
416 2572 524 2613 Cod.
555 2573 829 2625 Sangerman.
859 2572 959 2622 „ista
990 2578 1241 2615 servamus.“
1297 2572 1416 2615 Libri
1447 2573 1546 2615 editi
1576 2575 1634 2632 (v.

222 2646 255 2670 c.
288 2629 382 2669 edd.
414 2627 523 2683 M.):
554 2629 654 2678 „ista
688 2635 935 2671 servemus.“
964 2630 1017 2673 R.

337 2697 382 2752 ⁵)
411 2697 539 2738 Lavit.
570 2699 664 2748 vn,
694 2699 730 2740 1.
762 2701 803 2741 2.

336 2766 383 2820 ὅ)
418 2765 527 2807 Cod.
567 2767 842 2820 Sangerman.
882 2768 1136 2826 ‚,jugulant.“
1202 2769 1318 2810 Libri
1353 2770 1459 2813 'editi
1498 2771 1558 2827 (v.
1601 2788 1633 2812 c.

223 2826 316 2867 edd.
348 2821 459 2879 M.):
490 2821 800 2880 „jugulantur-‘⁶
828 2825 879 2866 R.
