1752 3136
277 130 362 175 290
874 125 1096 169 Ommzms

281 242 452 300 scipulis
480 239 585 291 suis,
628 239 702 296 qui
730 250 827 280 sunt
857 238 943 280 veri
972 239 1234 289 sacerdotes,
1274 250 1500 294 antequam
1531 242 1703 282 accedat

285 322 339 362 ad
371 321 499 360 altare
528 316 626 366 Dei,
652 316 830 372 bibat¹)
860 316 1020 367 vinum,
1054 333 1150 358 cum
1181 333 1281 358 vero
1314 317 1516 358 accedere
1547 332 1701 373 coepe-

286 399 351 448 rit,
380 414 469 438 non
499 396 632 437 bibat.
691 393 877 435 Venerat
912 392 957 434 in
996 394 1110 436 hunc
1152 395 1362 436 mundum
1404 395 1620 443 Salvator,
1655 405 1703 435 ut

282 491 363 531 pro
402 472 586 531 peccatis
611 471 764 514 nostris
791 487 962 512 carnem
1001 488 1119 513 suam
1162 473 1338 514 offerret
1372 472 1554 514 hostiam
1592 471 1705 512 Deo.

285 553 407 594 Hanc
436 549 684 606 priusquam
717 549 904 597 offerret,
934 548 1044 590 inter
1075 548 1438 605 dispensationum
1470 565 1611 590 moras
1642 548 1703 589 vi-

283 647 386 671 num
426 629 614 669 bibebat.
681 624 883 680 Denique
923 625 1144 667 dicebatur
1183 627 1315 667 homo
1354 643 1506 673 vorax,
1548 638 1589 667 et
1616 623 1703 666 vini

282 718 469 765 potator,
499 703 658 745 amicus
687 700 1034 757 publicanorum,
1067 714 1106 742 et
1134 715 1423 757 peccatorum.
1483 703 1569 744 Ubi
1602 719 1702 744 vero

283 797 449 839 tempus
480 779 650 822 advenit
680 778 815 819 crucis
844 793 966 827 suae,
1008 789 1050 818 et
1087 794 1328 821 accessurus
1360 791 1447 820 erat
1477 781 1530 820 ad
1563 781 1704 826 altare,

282 860 357 902 ubi
387 858 631 900 immolaret
659 855 840 897 hostiam
872 854 1007 896 carnis
1036 870 1159 896 suae:
1200 855 1522 911 „accipiens,²)
1553 855 1704 911 inquit,

283 936 471 985 calicem,
501 933 728 984 benedixit,
758 944 796 974 et
825 933 942 974 dedit
963 930 1178 988 discipulis
1194 931 1291 981 suis,
1322 933 1486 973 dicens:
1516 931 1705 987 accipite,

282 1026 324 1055 et
351 1013 486 1054 bibite
516 1028 563 1062 ex
592 1011 715 1052 hoc.“
773 1010 884 1059 Vos,
923 1008 1085 1065 inquit,
1115 1010 1273 1061 bibite,
1304 1009 1438 1065 qui³)
1468 1008 1602 1049 modo
1635 1025 1704 1049 ac-

284 1091 438 1133 cessuri
467 1106 558 1131 non
589 1088 683 1130 estis
714 1087 768 1128 ad
800 1088 941 1128 altare.
1009 1086 1105 1142 Ipse
1143 1099 1284 1127 autem
1332 1097 1535 1142 tanquam
1565 1101 1703 1131 acces-

279 1186 399 1211 surus
430 1168 482 1209 ad
513 1165 666 1214 altare,
712 1163 813 1206 dicit
842 1165 896 1205 de
924 1179 996 1215 sezr
1028 1165 1194 1213 „Amen
1211 1163 1256 1219 ⁴)
1287 1165 1384 1206 dico
1416 1163 1558 1213 vobis,
1605 1163 1704 1219 quia

279 1262 370 1287 non
400 1244 546 1285 bibam
578 1244 632 1283 de
661 1240 931 1294 generatione
971 1240 1062 1283 vitis
1100 1240 1245 1298 hujus,
1293 1257 1516 1296 usquequo
1554 1239 1701 1281 bibam

278 1323 386 1364 illud
417 1321 640 1363 vobiscum
668 1335 830 1360 novum
859 1319 904 1359 in
933 1333 1063 1370 regno
1094 1320 1224 1374 patris
1252 1320 1376 1360 mei.“
1433 1318 1481 1359 Si
1511 1317 1602 1373 quis
1632 1334 1703 1359 ve-

280 1412 411 1442 strum
447 1397 619 1439 auribus
649 1398 704 1438 ad
732 1394 994 1436 audiendum
1024 1384 1255 1452 purificatis
1292 1397 1476 1445 accedit,
1504 1395 1702 1438 ineffabi-

281 1478 330 1519 lis
369 1476 555 1534 mysterii
594 1474 809 1516 intueatur
845 1488 1075 1525 arcanum.xx
1138 1471 1257 1526 Quid
1297 1485 1379 1522 est,
1418 1475 1537 1530 quod
1577 1473 1699 1516 dicit:

280 1554 466 1611 „qnia⁵)
495 1568 587 1594 non
616 1552 764 1593 bibam
795 1566 843 1592 ex
873 1549 1145 1603 generatione
1176 1550 1268 1591 vitis
1298 1549 1447 1608 hujus,
1476 1567 1700 1608 usquequo

278 1632 424 1673 bibam
454 1630 562 1671 illud
591 1628 812 1671 vobiscum
841 1644 1004 1669 novum
1032 1628 1078 1669 in
1108 1643 1239 1679 regno
1272 1627 1402 1685 patris
1430 1629 1516 1670 mei
1529 1628 1572 1671 ?“
1617 1629 1700 1672 Di-

281 1711 479 1752 cebamus
508 1707 553 1749 in
583 1705 886 1762 superioribus,
914 1703 1242 1761 promissionem
1273 1707 1426 1748 sanctis
1446 1707 1589 1749 bonae
1619 1708 1700 1749 hu—

278 1787 343 1844 jus
374 1784 585 1829 ebrietatis
617 1785 780 1833 datam,
826 1799 921 1824 cum
963 1781 1129 1824 dicunt:
1170 1780 1297 1838 „et⁶)
1336 1786 1545 1839 poculum
1574 1796 1697 1827 tuum

277 1863 506 1912 inebrians,
537 1877 663 1918 quam
695 1860 964 1916 praeclarum
995 1858 1101 1901 est!“
1159 1859 1246 1901 Sed
1289 1871 1329 1901 et
1356 1860 1401 1901 in
1432 1861 1521 1903 aliis
1551 1863 1696 1904 multis

279 1941 523 1998 Scripturae
551 1939 658 1981 locis
688 1937 838 1979 similia
868 1938 1057 1989 legimus,
1087 1948 1135 1978 ut
1166 1936 1249 1978 ibi:
1279 1937 1696 1996 „inebriabuntur⁷)

275 2020 329 2060 ab
359 2020 552 2060 ubertate
582 2018 735 2058 domus
765 2026 881 2064 tuae,
925 2015 1021 2069 εἴθ)
1062 2026 1295 2056 torrentem
1332 2014 1561 2071 voluptatis
1598 2028 1696 2059 tuae

275 2108 426 2152 potum
458 2094 577 2136 dabis
606 2092 728 2137 illis.“
786 2092 836 2134 In
875 2091 1059 2134 Jeremia
1102 2109 1275 2148 quoque
1315 2092 1417 2136 dicit
1455 2093 1694 2136 Dominus:

277 2215 384 2223 n—-—-

393 2292 436 2346 ¹)
471 2292 569 2332 Mss.
598 2288 748 2339 „bibat
775 2289 943 2338 vinum,
983 2306 1080 2330 cum
1117 2314 1193 2338 —-,
1232 2305 1321 2330 non
1352 2290 1511 2333 bibat.“
1575 2292 1693 2336 Libri

268 2348 533 2446 ἕξιίξέῐςῖᾞς.
566 2347 662 2388 edd.
692 2346 799 2403 M.):
842 2346 1043 2397 „bibebat
1073 2345 1240 2397 vinum,
1271 2363 1370 2388 cum
1400 2373 1477 2399 -,
1505 2365 1596 2390 non
1626 2351 1691 2391 bi-

389 2474 435 2532 ²)
469 2475 552 2517 Cfr.
584 2475 738 2517 Matth.
766 2473 926 2520 XXVI,
955 2474 1022 2515 27.

1750 2035 1752 2059 Ι

1748 2101 1752 2157 ἑ

1748 2164 1752 2187 ,“

1748 2188 1752 2208 fl

1740 2289 1752 2337 'r

1740 2352 1747 2392 l

1738 2450 1747 2524 ξ

387 2546 434 2599 3)
463 2545 564 2587 Mss.
594 2545 732 2600 qu1“
781 2542 899 2584 Libri
931 2543 1029 2584 editi
1058 2542 1117 2598 (v.
1136 2558 1171 2586 c
1193 2543 1288 2583 edd.
1307 2541 1415 2597 M):
1446 2542 1611 2599 „qu1a“
1636 2544 1686 2587 R.
1735 2541 1748 2593 f

387 2612 433 2668 ⁴²)
467 2614 553 2655 cfr.
585 2615 734 2656 Matth.
764 2614 925 2663 XXVI,
953 2613 1019 2656 29-
1140 2613 1184 2666 ⁵)
1215 2613 1367 2654 Matth.
1396 2612 1557 2663 XXVI,
1583 2614 1650 2656 29.

386 2683 433 2741 ὅ)
464 2685 618 2726 Psalm.
649 2684 810 2734 XXIII,
838 2686 875 2727 5.
996 2682 1041 2737 ⁷)
1070 2683 1223 2724 Psalm.
1254 2683 1457 2732 XXXVI,
1488 2684 1529 2726 8.

383 2754 430 2810 ⁸)
461 2755 560 2795 Mss.
598 2767 666 2803 „et
701 2766 932 2797 torrentem
974 2752 1202 2809 voluptatis
1237 2765 1334 2795 tuae
1375 2765 1525 2808 potum
1566 2754 1686 2794 dabis
1729 2755 1740 2803 ᾗ

264 2810 384 2852 illis.“
443 2811 560 2852 Libri
592 2811 691 2853 editi
721 2813 779 2865 (e.
808 2828 842 2853 c.
874 2811 970 2853 edd.
1001 2810 1111 2867 M.):
1153 2822 1221 2862 „et
1259 2820 1447 2853 torrente
1484 2809 1686 2852 bonitatis
1728 2817 1738 2851 ³

264 2879 363 2909 tuae
392 2867 561 2924 potabis
590 2874 701 2910 eos.“
732 2867 782 2908 R.
