1752 3136
245 78 331 125 3118
846 83 1065 125 Oamlzms

246 204 288 233 et
318 208 368 235 eo
401 193 507 249 ipso,
539 208 624 248 quo
658 193 798 236 educit
830 211 949 245 eum,
990 197 1106 252 quasi
1151 198 1223 253 qui
1253 197 1522 241 immundum
1555 218 1657 243 con-

245 270 395 322 tigerit,
426 270 579 311 dicitur
609 271 749 313 lavare
779 272 1021 315 vestimenta
1054 291 1128 316 sua
1161 277 1213 316 ad
1245 292 1474 331 vesperam,
1507 289 1545 318 et
1575 294 1660 320 esse

244 349 452 396 mundus,
495 347 618 388 etiam
650 348 740 404 ipse
770 350 984 393 Dominus
1025 363 1065 392 et
1096 353 1290 395 Salvator
1317 365 1460 395 noster
1488 354 1661 406 intelligi

245 443 292 466 ex
325 442 370 466 ea
401 436 534 480 parte,
567 440 648 480 qua
679 436 855 467 naturae
894 440 1086 480 nostrae,
1128 430 1171 471 id
1204 442 1287 481 est,
1332 431 1466 472 carnis
1498 443 1536 472 et
1563 448 1658 473 san-

242 503 380 555 guinis
408 502 651 544 vestimenta
677 504 884 558 suscepit,
925 522 1033 559 quae
1075 507 1120 547 in
1151 525 1322 564 vespera
1352 507 1518 548 laverit:
1556 525 1659 563 pro-

241 591 338 636 pter
366 581 485 636 quod
517 591 556 620 et
585 580 749 620 dudum
783 582 995 636 propheta
1037 585 1089 624 de
1120 601 1175 626 eo
1208 586 1389 626 dixerat:
1420 584 1547 639 „et¹)
1577 585 1661 625 vidi

240 659 390 699 Jesum
419 658 684 699 sacerdotem
714 674 938 710 magnum,
980 660 1176 702 indutum
1208 663 1447 704 vestimenta
1476 661 1664 709 sordida,

242 746 285 776 et
315 734 537 776 diabolum
568 744 747 774 stantem
780 749 801 774 a
834 735 988 776 dextris
1029 734 1142 792 ejus,
1171 749 1217 778 ut
1247 739 1556 780 contradiceret
1587 739 1662 779 ei.“

241 811 360 852 Lavit
385 827 482 862 ergo
514 810 559 850 in
590 808 711 860 vino,
751 809 795 850 id
823 824 904 861 est,
947 813 991 852 in
1023 812 1225 864 sanguine
1254 832 1331 855 suo
1362 818 1515 857 stolam
1543 833 1662 858 suam

240 890 286 930 in
317 903 502 944 vespera,
533 898 573 927 et
601 889 736 929 factus
766 899 826 928 est
855 890 1053 930 muudus.
1101 890 1159 930 Et
1179 889 1279 931 inde
1307 891 1491 934 fortassis
1511 894 1663 947 erat,²)

243 966 363 1022 quod
393 977 490 1021 post
516 965 873 1007 resurrectionem
904 966 1089 1017 Mariae,
1127 968 1287 1009 volenti
1325 969 1453 1024 pedes
1485 968 1572 1024 ejus
1603 981 1663 1010 te-

241 1060 359 1094 nere,
392 1042 578 1084 dicebat:
626 1041 808 1098 „noli³)
846 1059 915 1084 me
952 1051 1161 1096 tangere.“
1229 1045 1303 1086 Vis
1343 1058 1483 1087 autem
1524 1047 1662 1087 adhuc

241 1123 386 1164 videre
434 1133 474 1161 et
522 1119 646 1161 aliam
695 1120 878 1160 duarum
929 1120 1107 1161 sortium
1151 1121 1366 1163 sormam?
1429 1123 1662 1165 Considera

243 1201 353 1241 duos
382 1199 500 1247 illos,
547 1196 621 1253 qui
659 1208 853 1253 tempore
900 1197 1034 1239 crucis
1067 1197 1177 1255 ejus,
1220 1216 1329 1241 unus
1374 1216 1397 1240 a
1429 1200 1593 1248 dextris,
1625 1212 1663 1241 et

242 1294 353 1318 unus
384 1295 406 1318 a
436 1275 601 1317 sinistra
631 1272 732 1330 ejus,
762 1276 1065 1329 pependerunt
1093 1276 1300 1318 latrones:
1334 1287 1372 1317 et
1401 1276 1496 1317 vide
1525 1278 1659 1327 illurn,

243 1354 317 1410 qui
349 1352 631 1394 confitebatur
661 1351 926 1401 Dominum,
964 1363 1120 1393 sortem
1151 1354 1313 1393 factum
1352 1369 1438 1394 esse
1467 1354 1661 1404 Domini,

243 1443 286 1473 et
315 1432 547 1472 abductum
590 1444 677 1469 esse
714 1428 803 1469 sine
841 1444 963 1468 mora
997 1430 1050 1469 ad
1089 1428 1357 1483 paradisum,
1402 1430 1526 1471 illum
1562 1447 1663 1472 vero

244 1508 375 1550 alium
405 1506 794 1561 blasphemantem,
833 1516 992 1546 sortem
1032 1507 1191 1546 factum
1235 1522 1321 1548 esse
1362 1511 1664 1564 apopompaei,

245 1584 318 1642 qui
347 1585 390 1625 in
423 1600 612 1625 eremum
644 1584 929 1624 abduceretur
950 1583 1118 1624 inferni.
1190 1582 1276 1624 Sed
1308 1595 1346 1624 et
1375 1584 1420 1625 in
1451 1600 1515 1636 eo,
1547 1586 1664 1639 quod

244 1663 409 1713 dicitur,
427 1661 473 1717 4)
504 1661 601 1716 quia
634 1660 766 1700 affixit
797 1660 912 1700 cruci
941 1677 1040 1701 suae
1068 1660 1340 1716 principatus,
1370 1673 1410 1702 et
1438 1673 1662 1717 potestates

243 1739 499 1789 contrarias,
532 1749 571 1778 et
600 1736 878 1791 triumphavit
909 1752 998 1786 eas,
1035 1748 1193 1777 sortem
1223 1736 1266 1777 in
1297 1737 1345 1778 iis
1377 1736 1663 1795 apopompaei

243 1815 485 1872 complevit,
514 1826 554 1855 et
581 1824 784 1869 tanquam
812 1812 945 1853 homo
976 1825 1148 1869 paratus
1187 1814 1361 1855 abduxit
1400 1831 1467 1856 eas
1496 1815 1542 1856 in
1573 1833 1664 1857 ere-

240 1911 376 1936 mum.
434 1891 634 1947 Denique
665 1901 704 1930 et
734 1889 778 1930 in
809 1889 1039 1941 Evangelio
1069 1890 1285 1933 Dominus
1317 1889 1438 1933 dicit:
1479 1892 1664 1948 „quia⁵>

244 1989 344 2013 cum
374 1969 518 2011 exierit
547 1970 600 2010 de
629 1968 807 2010 homine
836 1966 1082 2009 immundus
1109 1968 1292 2024 spiritus,
1322 1967 1436 2008 vadit
1463 1985 1541 2023 per
1568 1971 1665 2012 loca

243 2050 429 2099 deserta,
470 2061 677 2102 quaerens
707 2045 926 2100 requiem,
974 2058 1015 2086 et
1058 2062 1148 2086 non
1188 2044 1387 2087 invenit.“
1462 2045 1533 2086 Sic
1563 2062 1661 2099 ergo

240 2137 384 2181 potest
413 2135 452 2165 et
482 2123 677 2164 Salvator
705 2122 1010 2164 noster‘homo
1042 2133 1212 2178 paratus
1240 2121 1436 2174 intelligi,
1469 2122 1542 2178 qui
1569 2141 1661 2166 sor-

241 2215 330 2245 tem
360 2201 534 2258 quidem
564 2199 758 2248 Domini,
790 2199 1006 2241 ecclesiam
1039 2216 1157 2240 suam
1188 2198 1357 2249 fecerit,
1389 2215 1567 2256 eamque
1598 2201 1662 2242 di—

243 2281 342 2321 vino
375 2275 632 2321 consecrarit
662 2276 862 2331 altari,⁶)
900 2287 1056 2317 sortem
1098 2293 1197 2318 vero
1239 2277 1527 2333 apopompaei
1557 2294 1663 2318 con·
1719 2282 1722 2283 ⁷

242 2356 390 2398 trarias
420 2355 569 2397 fecerit
596 2364 837 2409 potestates,
870 2352 1037 2410 spiritus
1066 2353 1301 2410 nequitiae,
1333 2365 1372 2396 et
1401 2354 1553 2397 mundi
1581 2356 1662 2396 hu-

364 2500 407 2557 ι)
440 2502 616 2542 zachar.
645 2501 721 2552 III,
752 2505 791 2544 1.
812 2501 862 2544 s3.

362 2571 408 2625 ²)
438 2572 570 2613 Deest
608 2577 748 2622 „erat“
786 2572 830 2613 in
874 2572 970 2614 edd.
1008 2570 1092 2623 M.,
1131 2572 1351 2628 suppletur
1389 2586 1511 2620 vero,
1561 2581 1662 2614 teste

247 2627 411 2676 Ruaeo,
443 2644 464 2668 e
493 2629 594 2670 Blss.

362 2697 409 2753 3)
439 2696 514 2737 Ev.
546 2698 701 2740 Joann.
733 2698 833 2748 XX,
864 2698 929 2740 17.

363 2768 411 2820 ⁴²)
443 2766 530 2807 Cfr.
562 2766 724 2810 Coloss.
756 2769 809 2819 Il,
842 2768 908 2809 14.
943 2769 1006 2812 15.
1126 2766 1172 2822 3)
1202 2766 1353 2807 Matth.
1385 2766 1481 2817 XII,
1509 2766 1574 2810 43.

363 2835 410 2893 ⁶)
441 2835 552 2878 Edd.
584 2836 782 2880 Merlini:
817 2838 979 2880 altario.
