1752 3136
431 212 480 242 m
511 200 762 241 LEVITICUM
795 199 996 240 HommA
1024 200 1143 242 XVI.
1424 205 1510 248 433

80 316 162 356 vias
191 316 235 356 in
253 325 447 368 tempore
469 311 731 369 dispensare:
761 309 854 361 „lac
874 311 915 365 ¹)
947 311 1065 354 vobis
1088 323 1242 367 potum
1266 313 1378 366 dedi,
1410 331 1502 358 non

79 408 239 434 escam:
268 391 463 431 nondum
496 388 608 430 enim
646 389 890 445 poteratis.“
962 389 1151 431 Profecit
1188 402 1286 446 post
1325 392 1427 434 haec
1457 392 1501 436 in

77 471 177 518 fide,
208 468 334 510 crevit
365 478 509 517 aetate,
541 478 580 507 et
607 465 823 521 sapientia.
892 468 1029 522 Aptus
1071 467 1160 509 sine
1201 470 1335 512 dubio
1364 472 1500 513 factus

79 558 151 596 est,
183 545 257 601 qui
283 545 538 587 solidiorum
580 540 787 599 percipiat
826 543 984 585 cibum.
1049 544 1296 588 Infirmatur
1335 548 1500 605 aliquis,

79 635 119 664 et
148 640 236 664 non
268 639 347 678 pro
379 634 586 677 tempore,
616 621 686 662 sed
719 637 800 676 pro
831 621 1075 664 infirmitate
1100 639 1251 678 capere
1279 641 1371 665 non
1402 638 1501 681 pot-

80 712 138 741 est
167 716 276 755 quac
304 700 479 739 robusta
509 709 625 739 sunt:
667 698 782 740 verbi
815 716 961 748 causa,
999 716 1087 740 non
1119 711 1260 755 potest
1288 701 1416 756 plene
1451 703 1504 743 dc

81 776 266 817 castitate
296 792 447 832 capere
474 792 730 825 sermonem,
763 788 934 832 oportet
966 777 1164 833 compati,
1196 790 1236 819 et
1251 778 1388 820 metiri
1422 780 1500 820 do-

80 853 257 894 ctrinam
290 870 370 909 pro
403 851 555 893 virium
587 852 809 907 qualitate,
857 866 895 893 et
927 856 1106 896 concedi
1137 853 1291 897 talibus
1320 857 1499 912 nuptias.

81 932 183 972 Hoc
216 942 276 972 est
307 928 492 971 oleribus
512 945 684 984 pascere
711 929 944 980 infirmum,
976 942 1016 971 et
1035 933 1088 972 ad
1104 930 1352 988 hujusmodi
1384 951 1503 975 men·

80 1024 195 1048 suras
228 1008 394 1048 animae
425 1017 569 1061 aptare
599 1007 710 1047 velut
726 1019 896 1049 tenuem
917 1019 956 1048 ct
986 1009 1075 1050 rori
1104 1009 1285 1051 similem
1315 1011 1501 1066 pluviam

80 1084 211 1128 verbi.
269 1085 345 1125 Est
373 1096 512 1124 autem
544 1083 625 1124 alia
664 1096 797 1133 terra,
835 1101 943 1140 quae
971 1097 1113 1140 potest
1151 1087 1366 1142 suscipere
1404 1089 1504 1130 vali·

82 1165 158 1203 dos
189 1162 367 1211 imbres,
397 1162 507 1201 ferre
535 1160 657 1202 etiam
699 1159 877 1201 flumina
907 1161 1024 1203 verbi
1054 1160 1157 1212 Dei,
1200 1175 1239 1204 et
1255 1162 1301 1219 ²)
1331 1167 1506 1220 rapidos

81 1238 316 1294 portare3)
346 1249 565 1279 torrentes.
635 1238 704 1279 De
742 1237 789 1279 iis
820 1237 934 1279 enim
971 1238 1126 1280 talibus
1163 1241 1375 1298 propheta
1407 1243 1507 1283 dicit

62 1315 127 1356 *in
157 1315 356 1357 Psalmis:
401 1326 470 1365 „et
487 1314 532 1369 4)
571 1327 805 1357 torrentem
844 1315 1072 1372 voluptatis
1110 1328 1208 1358 tuae
1246 1329 1400 1374 potum
1432 1321 1506 1360 da-

84 1392 147 1433 bis
177 1392 299 1433 illi8.“

196 1470 235 1511 3.
265 1469 421 1518 „Dabo
440 1468 485 1522 ⁵)
516 1484 616 1520 ego,
662 1467 824 1523 inquit,
869 1468 989 1512 vobis
1019 1470 1205 1526 pluviam
1236 1472 1281 1514 in
1310 1485 1509 1530 tempore

86 1563 179 1596 suo,
210 1557 248 1588 et
278 1544 395 1586 dabit
424 1556 536 1587 terra
568 1545 806 1587 nativitates
836 1552 985 1588 suas.“·
1030 1547 1133 1590 Post
1161 1549 1346 1605 primam
1376 1552 1506 1592 bene-

89 1624 321 1665 dictionem
352 1621 544 1679 pluviae‚
574 1622 650 1665 ista
681 1625 969 1676 secundaeest,
1001 1642 1083 1681 qua
1115 1626 1270 1668 dicitur
1298 1639 1409 1669 terra
1440 1647 1509 1670 su·-

87 1714 229 1757 scepta
262 1700 404 1758 pluvia
435 1701 537 1742 dare
577 1700 810 1743 nativitates
847 1719 954 1744 suas.
1027 1703 1289 1755 Invenimus,
1335 1705 1432 1762 quia
1473 1718 1513 1747 et

88 1780 203 1823 Isaac
242 1778 498 1821 benedicens
536 1779 676 1820 Jacob
718 1773 888 1821 dixeri-t:
927 1781 1024 1830 „det
1043 1780 1088 1835 6)
1127 1781 1202 1822 tibi
1242 1783 1459 1825 Dominus
1489 1800 1512 1825 a

89 1875 189 1900 rore
219 1856 354 1907 coeli,
393 1868 435 1898 et
475 1856 528 1897 ab
558 1857 751 1904 ubertate
791 1867 928 1898 terrae
957 1858 1270 1920 plenitudinem
1298 1861 1514 1911 frumenti,

92 1948 133 1977 et
161 1935 287 1979 vini.“
345 1935 530 1977 Putasne
560 1933 643 1975 tale
673 1936 936 1976 frumentum
975 1935 1020 1975 in
1056 1936 1357 1979 benedictione
1387 1939 1515 1979 dabat

91 2015 207 2056 Isaac
238 2012 327 2053 filio
357 2028 434 2054 suo
466 2013 617 2061 Jacob,
650 2013 775 2067 quale
791 2012 951 2053 habent
981 2024 1020 2053 et
1040 2025 1284 2069 peccatores
1308 2013 1515 2065 homines,

94 2103 133 2132 et
164 2090 280 2146 quali
321 2090 568 2131 abundabat
596 2088 719 2129 etiam
752 2089 908 2145 impius
937 2088 1137 2131 Pharao?
1175 2088 1391 2132 Haeccine
1428 2102 1517 2132 erat

94 2168 199 2210 tanti
228 2166 495 2223 patriarchae
534 2166 812 2208 benedictio?
871 2166 944 2208 Vis
981 2166 1059 2207 tibi
1098 2167 1239 2209 adhuc
1279 2169 1516 2216 ostendam,

97 2245 322 2302 quomodo
365 2255 405 2285 et
444 2242 513 2284 alii
552 2242 688 2299 iniqui
721 2244 903 2285 habeant
932 2244 1251 2286 multitudinem
1282 2245 1517 2288 frumenti?
1556 2248 1561 2251 ¹

96 2325 268 2364 Intuere
295 2321 419 2363 illum
448 2319 493 2360 in
522 2319 768 2373 Evangelio,
799 2319 916 2378 cujus
939 2337 1036 2374 ager
1069 2323 1226 2363 multos
1256 2321 1395 2363 attulit
1426 2323 1516 2362 fru-

99 2412 202 2450 ctus,
233 2399 304 2455 qui
335 2399 458 2440 dixit:
489 2397 787 2457 ‚‚destruam⁷)
817 2399 969 2439 horrea
997 2414 1105 2450 mea,
1136 2410 1178 2440 et
1205 2397 1371 2456 majora
1401 2415 1519 2441 reae-

100 2477 302 2527 dificabo,
334 2489 372 2518 et
397 2475 536 2518 dicam
554 2475 720 2518 animae
739 2492 880 2518 meae:
914 2477 1068 2527 anima,
1091 2477 1222 2519 habes
1240 2478 1374 2519 multa
1405 2478 1522 2519 bona

222 2677 265 2733 ¹)
299 2678 318 2717 I
350 2677 451 2719 Cor.
482 2679 557 2729 111,
585 2679 624 2722 2.
745 2678 791 2735 ²)
823 2678 954 2721 Deest
982 2685 1078 2733 „et“
1106 2679 1150 2722 in
1182 2680 1249 2722 cd.
1280 2679 1330 2722 R.

220 2746 266 2800 ³)
297 2747 414 2788 Libri
447 2748 545 2790 editi
585 2749 644 2805 (v.
677 2766 711 2791 c.
745 2750 841 2794 cdd.
872 2749 980 2806 M.:)
1022 2756 1238 2807 „potare.“
1276 2751 1382 2794 Msc.
1417 2750 1526 2793 San-

106 2817 292 2855 german.
322 2811 562 2859 „portare.⁴‘
594 2807 644 2847 R.

225 2873 272 2928 4)
301 2873 457 2916 Psalm.
487 2874 691 2926 XXXVI,
719 2877 760 2920 8.
881 2876 926 2931 ⁵)
956 2875 1084 2917 Levit.
1115 2876 1277 2928 XXVI,
1305 2879 1347 2921 4.

225 2943 272 2997 ⁶)
306 2943 415 2985 Gen.
446 2944 628 2995 XXVII,
656 2946 726 2990 28.
847 2945 892 2999 ⁷)
921 2946 1021 2988 Luc.
1050 2945 1147 2997 XII,
1178 2946 1246 2989 18.
1277 2946 1345 2990 19.

70 3040 78 3044 -
110 3017 333 3063 Omenms
363 3021 536 3065 OPERA.
568 3018 690 3065 Tom.
723 3023 796 3066 IX.
823 3051 825 3055 -
1146 3023 1203 3066 28
