1752 3136
213 110 268 153 64
479 88 488 93 ⁵
820 105 1041 149 OmGEms

213 232 285 272 est,
314 220 347 262 si
377 236 454 277 per
483 218 678 262 ordinem
711 218 886 262 velimus
916 235 1150 277 exponere:
1181 218 1361 263 sufficiat
1384 237 1519 277 pauca
1538 239 1639 280 pcr-

215 300 429 351 stringere.

324 378 362 418 5.
394 376 543 430 „Quis,
564 376 605 430 ¹)
637 375 787 431 inquit,
821 374 965 416 similis
989 375 1064 416 tibi
1095 375 1138 416 in
1168 375 1258 426 diis,
1279 374 1500 417 Domine?
1531 376 1639 431 Quis

212 454 355 497 similis
386 452 491 494 tibi?
526 452 748 494 Gloriosus
779 452 822 493 in
853 453 1014 502 sanctis,
1045 452 1250 495 mirabilis
1270 453 1312 494 in
1340 453 1640 511 maiestatibus‚

212 531 370 573 faciens
401 530 635 586 prodigia.“
681 530 813 585 Quod
846 529 965 571 dicit:
999 531 1116 586 „quis
1145 530 1290 572 similis
1322 531 1397 572 tibi
1428 532 1473 571 in
1505 531 1639 573 diis?“

213 625 304 650 non
334 608 569 649 simulacris
604 608 791 659 gentium
819 618 1037 661 comparat
1057 607 1212 657 Deum,
1242 624 1321 649 nec
1344 609 1638 659 daemonibus,

213 687 283 743 qui
313 685 392 728 sibi
421 687 527 727 salso
571 686 750 725 deorum
791 700 952 724 nomen
993 683 1250 735 adsciscunt,
1293 685 1367 726 sed
1410 686 1511 726 deos
1542 685 1638 726 illos

212 763 324 813 dicit,
356 762 427 817 qui
456 778 535 816 per
565 760 754 813 gratiam,
785 771 824 799 et
853 758 1225 814 participationem
1257 761 1363 811 Dei,
1403 763 1459 803 dii
1491 764 1637 818 appel—

210 843 362 882 lantur.
421 840 490 879 De
523 838 675 893 quibus
708 848 747 876 ct
777 836 877 876 alibi
909 836 1130 891 Scriptura
1162 836 1283 878 dicit:
1314 839 1432 891 „Ego
1450 838 1496 893 ²)
1529 840 1635 880 dixi:

212 917 270 959 dii
300 916 429 958 estis.“
506 915 560 956 Et
598 914 772 955 iterum:
811 913 1027 963 ,‚Deus³)
1076 913 1186 954 stetit
1222 914 1266 954 in
1308 915 1638 968 congregatione

210 997 431 1036 deorum.“
500 992 584 1033 Sed
625 992 668 1032 hi
709 991 898 1046 quamvis
941 1007 1115 1046 capaces
1148 991 1290 1046 sint4)
1321 992 1430 1042 Dei,
1473 1004 1513 1033 et
1552 992 1636 1033 hoc

208 1071 385 1113 nomine
417 1069 567 1112 donari
600 1086 676 1125 per
706 1069 880 1120 gratiam
913 1069 1155 1118 videantur,
1190 1069 1335 1111 nullus
1365 1081 1506 1111 tamen
1539 1070 1635 1111 Deo

211 1149 356 1191 similis
387 1146 621 1195 invenitur,
652 1147 717 1188 vel
746 1146 788 1187 in
821 1145 1034 1201 potentia,
1064 1147 1128 1187 vel
1159 1145 1202 1187 in
1233 1158 1395 1188 natura.
1455 1146 1510 1186 Et
1539 1147 1637 1187 licet

208 1229 396 1268 Joanncs
432 1225 662 1280 Apostolus
695 1223 826 1264 dicat:
857 1223 1080 1278 ‚,filioli,⁵>
1110 1224 1308 1264 nondum
1336 1224 1501 1272 scimus,
1534 1224 1637 1278 quid

208 1304 339 1346 futuri
368 1318 536 1352 sumus;
564 1302 597 1342 si
628 1313 778 1342 autem.
797 1300 1026 1341 revelatum
1047 1301 1174 1341 nobis
1200 1301 1366 1350 fucrit,“
1386 1326 1438 1333 —-
1465 1303 1517 1342 de
1539 1301 1635 1341 Do-

208 1383 327 1424 mino
349 1380 506 1422 scilicet
529 1377 685 1426 dicens,
705 1402 757 1408 —
776 1376 957 1426 „similes
981 1377 1043 1418 illi
1072 1376 1275 1418 erimusz“
1304 1377 1537 1419 similitudo
1570 1390 1633 1419 ta-

208 1477 309 1501 men
347 1459 450 1498 haec
483 1473 574 1497 non
616 1456 669 1495 ad
710 1466 928 1503 naturam,
976 1454 1049 1495 sed
1092 1454 1145 1494 ad
1186 1455 1360 1506 gratiam
1399 1466 1634 1497 revocatur.

209 1535 341 1578 Verbi
372 1550 517 1582 causa,
558 1544 605 1573 ut
642 1532 734 1589 sifi)
777 1531 965 1573 dicamus
1003 1530 1213 1586 picturam
1250 1531 1430 1574 similem
1470 1549 1554 1574 esse
1587 1532 1638 1586 ei,

212 1612 328 1671 cujus
358 1611 497 1663 imago
532 1609 578 1652 in
610 1608 775 1666 pictura
807 1608 972 1649 videtur
1002 1624 1213 1664 expressa:
1246 1621 1453 1664 quantum
1469 1611 1636 1662 adgra-

206 1692 309 1733 tiam
339 1689 524 1746 pertinet
553 1687 674 1736 visus,
705 1685 848 1728 similis
881 1685 1055 1735 dicitur,
1107 1698 1313 1740 quantum
1355 1688 1410 1728 ad
1438 1689 1633 1729 substan-

207 1770 323 1819 tiam,
353 1769 480 1817 longe
512 1764 733 1806 dissimilis.
791 1763 868 1804 Illa
899 1762 1011 1803 enim
1041 1762 1200 1817 species
1232 1762 1367 1804 carnis
1397 1775 1469 1813 est,
1501 1776 1539 1804 et
1558 1765 1632 1805 de-

208 1864 286 1887 cor
317 1842 508 1898 corporis
540 1842 635 1883 vivi:
667 1840 742 1880 ista
774 1842 972 1881 colorum
1001 1840 1121 1881 fucus
1153 1851 1233 1889 est,
1275 1851 1315 1880 et
1355 1856 1449 1881 cera
1478 1841 1632 1883 tabulis

206 1940 329 1965 sensu
361 1918 600 1961 carentibus
629 1918 908 1972 superposita.
975 1917 1126 1957 Nullus
1168 1932 1266 1968 ergo
1304 1917 1349 1957 in
1381 1918 1457 1959 diis
1487 1917 1631 1960 similis

205 1999 424 2041 Domino:
453 1996 595 2037 nullus
628 1995 740 2035 enim
770 1992 1008 2042 invisibilis,
1036 1993 1178 2034 nullus
1208 1993 1505 2049 incorporeus,
1534 1996 1631 2036 nul-

206 2078 270 2119 lus
301 2072 588 2120 immutabilis,
618 2071 760 2112 nullus
794 2071 883 2111 sinc
912 2070 1033 2111 initio
1067 2082 1106 2110 et
1124 2071 1213 2112 sine
1233 2070 1329 2119 fine,
1347 2072 1490 2112 nullus
1513 2089 1630 2115 crea·
1657 2094 1660 2095 ⁷

206 2168 275 2196 tor
305 2150 513 2199 omnium,
541 2148 621 2189 nisi
653 2148 779 2188 Pater
814 2165 910 2188 cum
940 2147 1052 2188 Filio
1088 2160 1126 2188 ct
1157 2147 1321 2203 Spiritu
1350 2160 1509 2190 sancto.

320 2231 360 2272 6.
389 2224 708 2280 „Extendisti⁷)
739 2225 951 2265 dexteram
983 2235 1112 2272 tuam,
1146 2225 1363 2266 devoravit
1381 2242 1452 2267 eos
1481 2231 1630 2267 terra.“

208 2305 370 2363 Impios
401 2304 574 2361 quidem
606 2314 643 2343 et
673 2301 804 2343 hodie
836 2303 1009 2342 devorat
1038 2313 1161 2343 terra.
1231 2304 1302 2342 An
1340 2319 1431 2343 non
1460 2301 1539 2343 tibi
1569 2303 1631 2343 vi-

208 2386 332 2426 detur
363 2394 475 2423 terra
508 2380 713 2421 devorare
742 2378 887 2428 illum,
931 2378 1003 2433 qui
1039 2395 1208 2434 semper
1239 2379 1291 2419 de
1320 2390 1431 2420 terra
1463 2379 1630 2430 cogitat,

209 2461 281 2517 qui
309 2474 476 2515 semper
506 2469 697 2499 terrenos
728 2455 855 2497 habet
892 2465 1027 2504 actus,
1075 2455 1146 2511 qui
1187 2457 1240 2496 de
1277 2467 1387 2496 terra
1427 2454 1629 2510 loquitur,

323 2641 368 2695 ¹)
397 2640 531 2681 Exod.
563 2638 657 2688 XV,
689 2637 755 2680 11.
876 2637 923 2693 2>
952 2636 1105 2679 Psalm.
1136 2635 1356 2685 LXXXII,
1388 2635 1429 2679 6.

321 2710 369 2766 3)
397 2710 550 2751 Psalm.
582 2707 802 2758 LXXXII,
831 2710 869 2752 1.
989 2706 1035 2763 4)
1065 2706 1175 2747 Edd.
1207 2704 1402 2748 Merlini:
1432 2718 1542 2748 sunt.

323 2781 368 2836 ⁵)
402 2778 488 2821 Cfr.
519 2779 536 2818 I
568 2778 723 2820 Joann.
751 2777 826 2827 III,
864 2779 905 2820 2.

323 2851 368 2907 ⁶)
398 2850 529 2893 Deest
556 2847 643 2900 „si“
672 2846 717 2889 in
749 2847 841 2901 ecld.
872 2846 935 2890 M.
1056 2845 1101 2900 ⁷)
1128 2844 1265 2888 Exod.
1296 2844 1391 2897 XV,
1421 2849 1487 2891 12.
