1752 3136
452 124 497 154 m
528 112 778 155 LEv1r1cum
808 109 1008 151 HOMILIA
1037 109 1087 149 V.
1410 113 1492 155 241

72 241 181 281 quae
212 227 263 267 ad
305 226 451 266 Aaron
491 235 532 265 et
573 222 683 263 filios
724 218 811 277 ejus
849 219 1170 276 promulgatur,
1215 221 1281 260 lex
1323 224 1499 276 peccati,

69 304 155 344 hoc
187 315 247 345 est
275 302 446 351 hostiae,
477 315 585 355 quae
616 298 797 338 offertur
816 296 858 351 ¹)
889 312 970 351 pro
990 307 1196 351 peccato:
1229 295 1300 346 „in
1317 295 1364 350 ²)
1382 298 1498 348 loco,

68 378 218 434 inquit,
247 380 291 420 in
324 394 408 433 quo
440 375 686 432 jugulantur
714 373 986 421 holocausta,
1025 373 1085 413 ibi
1129 372 1328 413 occident
1367 385 1406 415 et
1436 373 1494 425 id,

71 457 190 511 quod
220 472 300 511 pro
330 464 505 509 peccato
540 462 611 501 est,
641 450 685 491 in
717 460 949 504 conspectu
977 448 1181 489 Domini:
1223 462 1365 492 sancta
1397 468 1496 492 san-

70 545 236 574 ctorum
265 535 400 575 sunt,“
457 529 596 569 Multa
627 527 799 582 quidem
828 524 937 582 jam,
976 525 1074 565 Deo
1107 523 1298 580 juvante,
1346 528 1400 568 de
1430 544 1496 570 sa-

70 608 326 650 crificiorum
363 606 446 646 ritu
501 605 734 647 secundum
780 603 1041 658 spiritualem
1086 601 1406 655 intelligentiam
1448 607 1494 646 in

67 683 368 739 superioribus
396 681 503 723 dicta
545 692 664 731 sunt,
708 681 782 723 sed
815 690 853 720 et
882 695 1025 728 nune,
1070 679 1104 720 si
1142 678 1272 732 gratia
1312 680 1497 722 Domini

65 775 145 799 nos
175 758 337 799 visitare
369 758 586 810 dignetur,
629 768 667 798 et
697 774 770 797 vos
803 751 1074 798 orationibus
1104 755 1377 807 adnitamini,
1419 759 1496 799 ad-

67 837 212 876 demus
245 851 353 890 quae
387 834 551 876 dederit
581 832 810 874 Dominus.
871 832 1123 874 Hostiarum
1156 834 1365 888 quaedam
1399 835 1496 890 qui-

65 901 163 953 dem
193 924 290 953 sunt
319 911 410 960 Dei,
434 910 576 960 solius,
606 909 664 951 ita
695 921 741 950 ut
770 909 912 950 nullus
936 909 1165 950 hominum
1190 910 1416 967 participet
1446 928 1495 953 ex

63 988 175 1044 ipsis.
236 987 461 1042 Quaedam
493 998 591 1029 suut
624 987 768 1026 Aaron
797 986 1050 1035 sacerdotis,
1090 997 1129 1027 et
1158 985 1349 1027 filiorum
1380 987 1494 1042 ejus:

66 1066 278 1120 quaedam
308 1065 466 1119 ipsius,
500 1075 539 1104 et
569 1063 758 1103 filiorum
790 1073 829 1102 et
859 1061 1043 1102 filiarum
1076 1059 1178 1118 ejus,
1206 1061 1265 1103 ita
1294 1074 1341 1103 ut
1370 1063 1498 1105 etiam

64 1158 241 1182 uxorem
271 1140 501 1182 sacerdotis
534 1141 658 1181 edere
687 1139 812 1180 liceat
843 1153 890 1178 ex
920 1137 996 1178 his.
1047 1136 1273 1192 Quaedam
1304 1150 1401 1180 sunt
1428 1156 1495 1181 sa-

65 1218 300 1266 cerdotum,
333 1228 371 1257 et
402 1217 592 1258 filiorum
628 1233 676 1257 ac
706 1214 892 1256 filiarum
924 1231 1098 1264 eorum,
1136 1215 1210 1256 sed
1250 1216 1303 1257 de
1341 1215 1495 1271 quibus

64 1296 188 1335 edere
217 1294 338 1335 liceat
378 1292 501 1334 etiam
542 1292 653 1333 filios
695 1291 836 1333 Israel.
904 1291 961 1332 Et
998 1291 1043 1332 in
1084 1291 1166 1333 illis
1209 1292 1382 1348 quidem
1412 1293 1495 1335 ho-

63 1370 169 1421 stiis,
209 1372 262 1412 de
293 1371 447 1426 quibus
486 1370 585 1410 licet
624 1370 751 1410 edere
792 1368 901 1410 filios
932 1368 1084 1419 Israel,
1122 1368 1212 1409 sine
1253 1369 1387 1410 dubio
1417 1370 1493 1413 ha-

60 1449 164 1489 bent
192 1447 463 1502 participium
515 1447 642 1487 etiarn
692 1447 950 1496 sacerdotes,
999 1457 1040 1487 et
1077 1445 1154 1486 filii
1199 1448 1494 1491 sacerdotum:

61 1541 155 1565 non
184 1535 327 1564 tamen
367 1539 415 1563 ex
447 1522 567 1563 omni
598 1522 757 1571 hostia,
806 1538 934 1577 quam
976 1523 1071 1563 edet
1108 1525 1328 1574 sacerdos,
1368 1524 1494 1567 etiam

64 1601 177 1641 filios
209 1599 336 1641 Israel
368 1600 492 1640 edere
521 1596 677 1639 licebit.
737 1598 869 1650 Igitur
886 1615 984 1639 cum
1014 1598 1115 1641 istae
1144 1599 1228 1641 sint
1256 1600 1493 1644 hostiarum

64 1675 343 1725 differentiae,
373 1675 506 1725 illam,
538 1690 665 1729 quam
697 1674 877 1715 diximus
906 1674 1037 1716 solius
1067 1675 1152 1717 Dei
1183 1692 1296 1729 esse,
1330 1693 1377 1718 ex
1409 1694 1493 1734 qua

60 1769 201 1808 neque
230 1751 398 1801 Mosen,
426 1767 568 1806 neque
599 1753 769 1800 Aaron,
807 1767 948 1806 neque
978 1750 1088 1793 filios
1120 1751 1208 1808 ejus
1237 1754 1494 1810 participare

64 1831 126 1871 sas
159 1841 230 1879 est,
261 1829 492 1883 aliquando
526 1828 698 1884 quidem
732 1828 1100 1871 holocaustomata
1129 1830 1345 1872 nominari
1374 1831 1493 1873 inve-

62 1908 224 1948 nimus:
257 1904 486 1960 aliquando
519 1921 619 1945 vero
650 1922 741 1946 non
772 1905 1155 1957 holocaustomata,
1184 1908 1258 1948 sed
1288 1908 1489 1950 holocar-

63 1994 252 2039 pomata,
280 1982 408 2022 veluti
436 1982 470 2024 si
500 1982 712 2032 dicamus,
752 1984 870 2037 quod
900 1983 1075 2038 totus3)
1105 1984 1266 2025 fructus
1296 1983 1369 2033 sit,
1418 1984 1491 2025 ille

65 2060 247 2109 scilicet,
294 2058 366 2114 qui
395 2058 493 2100 Deo
527 2060 719 2100 offertur.
790 2060 865 2101 Est
905 2075 1003 2112 ergo
1033 2059 1173 2115 prima
1203 2060 1405 2113 legislatio
1438 2061 1492 2102 de

64 2135 289 2184 sacrificiis,
318 2134 351 2175 si
381 2146 523 2175 tamen
553 2136 619 2176 vel
652 2136 914 2186 observastis,
944 2137 1011 2177 vel
1040 2135 1226 2179 retinetis
1257 2136 1493 2190 diligenter,

65 2229 174 2268 quae
204 2213 312 2253 lecta
341 2223 462 2261 sunt,
512 2227 560 2252 ac
601 2212 794 2264 disserta,
847 2224 886 2254 et
925 2230 1016 2254 non
1045 2225 1340 2256 transcurrunt
1369 2229 1491 2257 aures

64 2301 215 2330 vestras
244 2289 289 2330 in
318 2303 486 2338 vanum,
522 2288 587 2329 vel
619 2304 726 2343 quae
759 2307 783 2331 a
810 2288 936 2331 nobis
963 2289 1176 2340 dicuntur,
1205 2291 1270 2330 vel
1302 2305 1411 2345 quae
1441 2306 1490 2332 ex

67 2365 216 2407 divinis
246 2365 534 2406 voluminibus
564 2364 804 2406 recitantur.
848 2365 994 2407 Prima
1021 2382 1120 2419 ergo
1146 2377 1203 2407 est
1229 2365 1380 2415 hostia,
1410 2366 1490 2408 ho·

64 2444 385 2484 locaustomata.
456 2443 607 2497 Neque
645 2443 757 2485 enim
800 2443 1028 2499 oportebat
1067 2443 1194 2486 aliam
1232 2441 1375 2498 primo
1406 2442 1487 2486 ho-

184 2650 228 2702 ¹)
263 2649 373 2691 Cod.
404 2650 681 2705 Sangcrman.
710 2652 1020 2702 „offeruntur.“
1049 2651 1100 2692 R.

181 2720 228 2773 2)
257 2719 385 2761 Levit.
418 2719 498 2768 VI,
537 2720 605 2762 25.
637 2743 692 2751 —
730 2720 843 2762 Edd.
871 2720 937 2763 M.
975 2732 1016 2763 et
1054 2719 1106 2762 R.
1137 2719 1221 2764 hoc
1249 2722 1377 2776 loco,
1415 2724 1489 2767 cfr.

66 2790 160 2832 pag.
193 2776 287 2819 237.
317 2787 407 2818 not.
438 2776 478 2817 5.
507 2774 820 2834 „jugulantur.“

183 2845 230 2900 ³)
262 2843 372 2887 Cod.
404 2845 678 2899 Sangerman.
709 2851 917 2900 ‚‚t0tum.“
945 2847 996 2891 R.

72 2922 296 2965 Omessms
328 2921 501 2968 OPERA.
536 2922 656 2967 ΤοΜ.
688 2923 763 2968 IX.
1105 2925 1160 2971 16
