1752 3136
404 159 450 188 m
480 145 737 187 Lavirmum
767 143 972 186 HommA
987 142 1104 184 XVI.
1316 134 1331 156 ⁸
1385 146 1471 190 443

43 274 125 302 tem
158 258 292 314 accipi
322 269 475 314 potest.
542 257 591 300 Si
629 256 774 312 itaque
801 272 880 298 nos
917 255 1044 298 simus
1075 271 1121 297 ex
1153 254 1342 312 quinque
1372 258 1463 299 lau-

44 336 268 386 dabilibus,
300 336 343 376 id
376 347 446 386 est,
477 351 523 376 ex
553 332 742 389 quinque
756 332 1030 388 sapientibus,
1062 348 1368 389 persequemur
1397 335 1463 376 in-

41 413 237 470 sipientes
269 425 450 454 centum.
509 411 556 454 Si
585 410 700 452 enim
737 409 951 466 sapienter
991 421 1032 451 et
1068 410 1352 465 probabiliter
1381 430 1462 469 pu-

41 507 216 545 gnemus
254 489 299 530 in
329 492 459 531 verbo
491 487 597 537 Dei,
633 487 667 529 si
697 488 934 543 prudenter
965 487 1018 528 de
1047 489 1138 540 lege
1168 489 1348 532 Domini
1381 490 1463 534 dis—

41 585 247 618 seramus,
273 561 561 609 convincimus
592 576 633 605 et
661 563 857 616 fugamus
874 564 1112 606 infidelium
1132 566 1463 609 multitudinem.

41 647 163 688 Sicut
193 645 306 687 enim
337 644 526 700 quinque
545 638 588 698 s)
620 658 844 693 numerus,
885 654 925 684 et
964 642 1172 698 sapientes
1202 643 1381 694 indicat,
1424 656 1463 686 et

38 722 306 778 insipientes:
332 721 387 762 ita
420 733 460 762 et
490 732 689 761 centenus
719 736 935 771 numerus,
967 732 1007 761 et
1040 721 1186 763 fideles
1215 721 1389 774 indicat,
1424 734 1463 763 et

37 799 245 841 infideles.
295 800 405 839 Nam
437 810 477 838 ct
506 799 583 839 sub
617 797 859 840 centenario
878 813 1090 839 annorum
1108 815 1291 839 numero
1326 800 1461 840 Abra-

39 878 138 918 ham
179 877 277 917 Deo
318 874 569 928 credidisse,
616 887 657 916 et
690 874 939 933 justificatus
979 892 1064 918 esse
1105 875 1379 926 describitur,
1423 890 1464 918 et

41 932 308 1010 peccator2)
356 953 456 1012 „qui
500 953 686 994 moritur
723 964 893 994 centum
934 969 1170 1002 annorum,
1214 953 1463 995 maledictus

41 1030 156 1072 erit.“
213 1031 268 1072 Et
298 1031 367 1071 hic
397 1042 565 1071 centum
595 1031 788 1072 infideles
819 1047 840 1070 a
861 1031 1051 1086 quinque
1065 1029 1322 1085 sapientibus
1353 1031 1462 1074 effu·

41 1119 205 1162 gantur,
243 1118 284 1148 et
313 1124 481 1148 rursum
513 1119 683 1149 centum
714 1107 882 1156 fideles,
910 1123 1000 1148 non
1030 1118 1116 1148 tam
1147 1122 1329 1149 numero
1362 1124 1462 1149 cen-

39 1197 153 1235 tum,
203 1201 331 1239 quam
361 1184 623 1240 perfectione
659 1183 832 1236 signati,
875 1185 1009 1225 multa
1050 1183 1183 1226 millia
1220 1183 1461 1227 infidelium

42 1273 361 1316 persequentur.
428 1261 595 1314 Fugant
633 1261 745 1302 enim
785 1263 931 1303 fideles
959 1262 1171 1303 doctores
1210 1262 1460 1304 innumeros

41 1339 295 1389 daemones,
339 1355 394 1380 ne
437 1338 596 1383 animas
636 1339 900 1380 credentium
942 1340 1114 1394 antiqua
1152 1340 1303 1380 fraude
1344 1339 1460 1382 deci-

42 1416 171 1470 piant.
240 1415 386 1470 „Et-³)
423 1417 576 1456 cadent
614 1414 778 1457 inimici
815 1415 938 1457 vestri
976 1415 1023 1456 in
1062 1427 1292 1472 conspectu
1322 1429 1458 1459 vestro

40 1491 225 1542 gladio.“
304 1491 393 1546 Qui
430 1493 513 1534 sint
551 1492 735 1542 inimici,
782 1510 909 1548 supra
954 1492 1158 1534 diximus:
1203 1510 1287 1548 quo
1320 1505 1460 1536 autem

41 1567 182 1619 gladio
225 1567 421 1610 dicantur
459 1571 634 1621 cadere,
679 1555 957 1625 requiramus.
1030 1571 1262 1626 Apostolus
1302 1570 1461 1615 Paulus

41 1660 120 1686 nos
152 1645 292 1694 docet,
322 1644 414 1700 quis
443 1647 496 1689 sit
525 1647 594 1688 hic
627 1646 800 1698 gladius,
833 1662 930 1687 cum
961 1646 1084 1688 dicit:
1114 1648 1254 1697 „vivus
1273 1649 1319 1704 4)
1348 1649 1461 1690 enim

44 1733 106 1763 est
134 1738 274 1763 sermo
307 1722 412 1774 Dei,
454 1735 494 1765 et
533 1724 703 1774 efficax,
744 1735 785 1765 ct
822 1723 1131 1780 penetrabilior
1170 1723 1288 1764 omni
1318 1724 1458 1776 gladio

42 1798 243 1854 utrinque
272 1811 419 1850 acute,
455 1800 695 1857 pertingens
735 1816 908 1856 quoque
944 1802 1172 1857 usquead
1210 1817 1460 1857 compagem

43 1875 211 1917 animae
241 1892 290 1917 ac
317 1875 505 1932 spiritus,
552 1878 849 1920 membrorum
890 1894 1063 1933 quoque
1092 1889 1133 1918 et
1161 1879 1461 1930 medullarum,

44 1964 90 1994 etr
114 1963 175 1994 est
204 1954 410 1994 diseretor
439 1953 757 2005 cogitationum,
785 1966 827 1994 et
853 1954 1139 1996 intentionum
1158 1955 1341 1997 cordis.“
1380 1956 1464 1997 Hic

44 2040 105 2071 est
133 2030 316 2082 gladius,
365 2029 545 2086 cujus5)
586 2032 674 2072 acie
714 2033 872 2084 cadunt
910 2030 1072 2072 inimici
1102 2031 1247 2074 nostri.
1308 2031 1460 2074 Sermo

41 2122 229 2162 namque
258 2106 343 2148 Dei
374 2118 445 2157 est,
475 2109 547 2163 qui
577 2107 809 2164 prosternit
840 2123 986 2150 omncs
1015 2107 1231 2158 inimicos,
1271 2120 1311 2149 et
1338 2109 1463 2165 ponit

45 2198 118 2223 eos
147 2183 226 2225 sub
257 2183 439 2239 pedibus
469 2184 565 2235 suis,
595 2196 642 2226 ut
670 2185 863 2226 subditus
891 2185 964 2226 fiat
984 2186 1122 2226 omnis
1139 2187 1323 2228 mundus
1348 2187 1460 2229 Deo.

43 2258 118 2300 Vis
149 2260 288 2301 adhuc
322 2272 361 2301 et
391 2262 444 2303 de
473 2262 553 2303 alia
585 2261 763 2317 epistola
791 2261 916 2304 Pauli
947 2261 1129 2313 discere,
1170 2265 1268 2319 quia
1300 2264 1460 2315 gladius

44 2350 186 2378 sermo
216 2336 299 2378 Dei
329 2336 411 2379 sit?
466 2338 581 2380 Audi
613 2354 732 2389 eum,
771 2355 868 2380 cum
916 2354 1033 2381 arma
1062 2351 1288 2401 praeparat
1317 2340 1461 2382 militi-

137 2557 208 2621 ι)
239 2557 355 2600 Libri
386 2558 487 2600 editi
516 2559 574 2616 (e.
605 2577 640 2602 c.
672 2561 769 2603 edd.
800 2560 908 2617 M),
950 2562 1023 2604 cfr.
1053 2576 1148 2617 pag.
1180 2562 1276 2604 442.
1305 2574 1393 2605 not.
1425 2565 1466 2607 6

47 2612 344 2710 „quinquegus
381 2622 632 2667 numerus,“
670 2618 746 2660 sed
783 2617 883 2660 Mss.
914 2634 1088 2660 omnes:
1127 2620 1344 2675 „quinque
1384 2637 1465 2661 nu-

48 2674 230 2711 merus“
300 2705 310 2715 .

164 2740 212 2795 2)
241 2741 365 2785 Jesai.
396 2741 528 2792 LXV,
555 2743 623 2787 2⁰.
739 2741 787 2799 ³)
816 2742 943 2786 Levit.
973 2743 1137 2794 XXVI,
1166 2744 1206 2787 8.

164 2817 213 2871 ⁴)
242 2817 375 2862 Hebr.
405 2818 479 2871 lv,
511 2821 584 2873 12..

168 2892 214 2948 5)
248 2892 396 2936 Codex
429 2896 703 2962 Sangerman.
734 2895 881 2954 „cujus
913 2913 935 2940 a
966 2897 1075 2941 facie
1104 2897 1288 2938 cadunt“
1321 2908 1397 2939 etc.
1417 2897 1469 2938 R.

53 2963 278 3015 Omfflzms
311 2971 486 3029 OPERA.
517 2973 638 3017 ΤοΜ.
669 2975 745 3017 lX.
1086 2974 1143 3017 29
