1752 3136
1137 37 1166 45 ..-

287 92 346 136 66
415 102 425 107 ‘
890 90 1119 134 ornemus

293 202 418 245 etiam
456 219 553 245 eum
591 219 669 259 per
711 203 1048 244 consolationem
1089 200 1273 257 Spiritus
1312 200 1446 243 sancti
1483 202 1528 243 in
1568 201 1721 244 virtute

292 297 380 330 sua,
410 292 450 322 et
479 279 522 321 in
554 280 701 336 requie
730 297 816 322 sua.
866 281 1133 321 Futurorum
1166 295 1353 335 namque
1383 293 1488 333 spes,
1518 279 1719 321 laboran-

293 358 402 399 tibus
441 357 632 413 requiem
678 357 807 413 parit:
846 358 954 399 sicut
998 368 1038 397 et
1079 355 1122 398 in
1163 373 1299 411 agone
1338 354 1483 412 positis
1522 357 1720 398 dolorem

293 436 516 475 vulnerum
547 433 707 486 mitigat
736 451 829 490 spes
863 450 1061 475 coronae.

402 511 441 557 8.
474 513 744 561 „Audierunt
767 512 807 565 ¹)
841 522 980 563 gentes
1011 521 1050 550 et
1079 509 1210 550 iratae
1240 520 1351 559 sunt,
1387 510 1561 550 dolores
1600 526 1719 550 com-

289 589 610 645 prehenderunt
648 589 905 629 habitatores
943 585 1184 627 philistiim.
1253 585 1379 626 Tunc
1420 587 1723 628 festinaverunt

291 668 419 708 duces
447 666 605 715 Edom,
638 677 678 706 et
706 664 922 720 principes
944 661 1264 704 Moabitarum:
1296 662 1639 719 apprehendit2)
1670 663 1721 703 il-

289 743 353 784 los
383 741 512 783 timor
542 754 581 783 et
609 754 779 782 tremor.
851 741 1105 780 Tabuerant
1145 755 1292 780 omnes
1321 741 1605 781 inhabitantes
1639 740 1722 781 Ca-

289 824 441 860 naan.“
500 817 722 872 Quantum
761 819 814 858 ad
852 817 1071 858 historiam
1111 816 1313 871 pertinet,
1359 818 1527 858 nullum
1568 835 1614 857 ex
1656 817 1719 858 his

288 896 477 947 gentibus
508 894 746 936 interfuisse
776 892 1071 941 mirabilibus,
1111 908 1220 948 quae
1250 893 1360 933 faeta
1390 905 1510 943 sunt,
1542 905 1718 936 constat.

288 972 529 1027 Quomodo
563 988 661 1024 ergo
693 972 952 1012 videbuntur
980 980 1167 1010 tremore
1193 968 1467 1024 deterriti‚³)
1510 972 1573 1011 vel
1605 972 1716 1012 festi-

287 1065 430 1099 nasse,
459 1061 506 1091 ut
537 1048 664 1098 dicit,
699 1049 765 1089 vel
798 1047 893 1088 irati
935 1062 1021 1088 esse
1049 1045 1296 1096 philistiim,
1329 1058 1367 1087 et
1396 1047 1641 1099 BIoabhae,
1681 1059 1719 1088 et

285 1127 445 1176 Edem,
477 1138 516 1166 et
545 1125 746 1181 reliquae,
779 1141 879 1180 quas
914 1134 1145 1172 enumerat,
1176 1123 1403 1165 nationes?
1464 1125 1551 1167 Sed
1586 1124 1620 1166 si
1651 1141 1717 1166 re-

286 1205 461 1245 deamus
502 1205 555 1244 ad
603 1201 923 1254 intelligentiam
959 1201 1246 1257 spiritualem,
1294 1201 1577 1251 inveniemus,
1620 1201 1716 1257 quia

285 1278 513 1328 Philistini,
542 1281 586 1321 id
619 1291 690 1329 est,
722 1280 917 1319 cadentes
946 1278 1115 1334 populi,
1147 1290 1186 1319 et
1215 1278 1372 1328 Ed0m‚
1404 1279 1477 1334 qui
1506 1279 1715 1334 interpre-

283 1369 397 1399 tatur
425 1368 631 1405 terrenus,
660 1355 887 1411 trepidant,
921 1367 959 1396 et
990 1356 1148 1396 horum
1175 1355 1368 1397 omnium
1386 1355 1600 1412 principes
1621 1373 1715 1396 cur-

281 1434 430 1483 sitant,
470 1445 509 1474 et
539 1444 696 1489 pavent
736 1432 953 1473 constricti
986 1432 1234 1482 doloribus,
1275 1450 1372 1474 cum
1413 1434 1559 1474 vident
1589 1449 1715 1484 regna

282 1527 370 1560 sua,
406 1527 514 1566 quae
542 1510 588 1551 in
617 1509 787 1550 inferno
819 1520 931 1557 sunt,
960 1521 1181 1564 penetrata
1212 1512 1264 1551 ab
1300 1526 1364 1559 eo,
1396 1509 1468 1565 qui
1499 1509 1717 1551 descendit

279 1587 324 1628 in
355 1587 560 1629 inferiora
590 1598 747 1636 terrae,
787 1597 834 1626 ut
867 1586 1050 1641 eriperet
1082 1602 1177 1637 eos,
1224 1586 1297 1642 qui
1328 1586 1659 1643 possidebantur
1691 1603 1713 1628 a

280 1678 434 1706 morte.
504 1663 617 1705 Hinc
658 1680 730 1705 eos
771 1663 1099 1719 comprehendit
1138 1663 1269 1704 timor
1308 1675 1347 1704 et
1389 1676 1572 1714 tremor,
1614 1664 1713 1720 quia

277 1752 500 1784 senserunt
529 1739 867 1792 magnitudinem
897 1740 1062 1782 brachii
1093 1739 1193 1797 ejus.
1264 1739 1377 1781 Hinc
1409 1741 1534 1782 etiam
1563 1742 1713 1782 tabue-

278 1829 378 1860 runt
410 1819 558 1858 om'nes
588 1816 870 1858 inhabitantes
904 1815 1105 1868 Canaan,
1137 1817 1210 1872 qui
1241 1816 1471 1859 mutabiles*
1500 1817 1710 1872 interpre-

277 1906 434 1943 tantur,
464 1905 504 1934 et
533 1892 738 1942 mobiles,
770 1909 867 1933 cum
898 1892 1042 1934 vident
1069 1893 1232 1934 moveri
1262 1910 1389 1946 regna
1418 1910 1514 1943 sua,
1547 1893 1709 1946 alligari

277 1974 448 2021 fortem,
479 1982 519 2011 et
546 1986 640 2011 vasa
673 1968 760 2027 ejus
792 1970 932 2026 diripi.
993 1969 1173 2020 „Veniat
1188 1969 1232 2026 ⁴)
1266 1987 1364 2023 ergo
1397 1988 1525 2027 super
1555 1988 1626 2013 eos
1657 1971 1708 2013 ti·-

277 2066 372 2090 mor
414 2059 453 2089 et
491 2060 653 2089 tremor
690 2046 991 2098 magnitudinis
1029 2046 1194 2088 brachii
1230 2046 1333 2088 tui.“
1406 2048 1527 2103 Quid
1557 2047 1708 2089 timent

278 2124 537 2166 daemones?
567 2123 684 2188 Quid
714 2123 931 2165 tremunt?
965 2123 1067 2165 Sine
1097 2124 1231 2165 dubio
1266 2141 1434 2167 crucem
1462 2124 1630 2174 Christi,
1661 2125 1705 2165 in

276 2217 360 2257 qua
388 2200 639 2257 triumphati
668 2212 779 2250 sunt,
806 2200 852 2240 in
882 2217 965 2256 qua
998 2201 1109 2242 exuti
1140 2213 1236 2243 sunt
1256 2202 1520 2258 principatus
1541 2218 1705 2252 eorum,

276 2290 317 2319 et
345 2288 587 2334 potestates.
631 2276 784 2318 Timor
814 2293 912 2331 ergo
944 2289 982 2319 et
1000 2290 1161 2320 tremor
1181 2279 1304 2320 cadet
1333 2295 1461 2334 super
1492 2295 1577 2329 eos,
1607 2295 1703 2319 cum

273 2356 439 2409 signum
469 2355 516 2396 in
544 2353 671 2396 nobis
701 2353 884 2395 viderint
914 2355 1048 2398 crucis
1078 2356 1263 2398 fideliter
1292 2357 1435 2406 fixum,
1468 2366 1508 2396 et
1536 2354 1702 2407 magni-

390 2507 435 2563 1)
464 2507 602 2550 Exod.
632 2507 727 2557 XV,
758 2508 822 2549 14.
854 2509 920 2550 15.

386 2577 432 2632 ²)
459 2576 570 2618 Edd.
602 2575 801 2617 Merlini:
842 2579 1127 2634 apprehendit
1164 2579 1259 2620 illos
1290 2590 1465 2620 tremor.
1527 2576 1698 2618 Tabue-

267 2645 367 2674 runt
398 2645 472 2675 etc.

381 2701 430 2757 ³)
458 2702 570 2745 Edd.
602 2703 798 2745 Merlini:
830 2705 1066 2757 deterritae,
1099 2730 1166 2755 —,
1205 2704 1269 2745 vel
1298 2704 1430 2746 iratae
1459 2719 1562 2746 esse:
1594 2703 1694 2746 Phi-

265 2759 423 2810 listiim,
454 2770 528 2800 etc.

372 2828 423 2883 .⁴)
456 2827 543 2871 Cfr.
573 2828 713 2872 Exod.
744 2830 840 2882 XV,
871 2830 937 2876 16.
970 2831 1068 2873 coll.
1097 2829 1233 2880 LXX,
1265 2828 1456 2874 virorum
1486 2829 1707 2874 versione:
1750 2848 1752 2855 ·
