1752 3136
407 180 454 211 m
483 169 746 211 LEv1r1cmv1
775 167 978 209 HOMILIA
1001 166 1119 210 XIV.
1398 168 1484 213 419

56 294 235 337 quenter
265 281 375 322 dicta
405 281 614 331 videntur,
647 291 686 321 et
714 280 959 332 incongrue.
1018 279 1175 320 Putant
1204 278 1331 330 enim,
1363 283 1482 336 quod

54 359 139 408 ille,
173 359 245 414 qui
273 375 434 400 nomen
466 358 548 399 Dei
578 356 811 409 maledicit,
858 357 999 398 statim
1029 355 1175 412 puniri
1204 357 1380 398 debeat:
1411 356 1484 398 ille

55 452 170 486 vero,
200 435 272 491 qui
300 435 584 477 nominaverit
601 451 762 476 nomen
785 433 982 484 Domini,
1004 434 1090 475 hoc
1118 445 1188 484 est,
1205 433 1484 489 superfluel)

58 512 172 554 etin
211 531 366 555 vanum
412 512 720 561 nominaverit,
769 511 952 552 sufficiat
992 510 1201 566 accepisse
1246 522 1482 567 peccatum.

57 590 143 632 Sed
172 608 252 632 nos
285 589 631 646 consequentiam
661 588 867 631 sermonis
908 587 981 629 tali
1014 589 1205 644 quodam
1236 604 1360 628 sensu
1391 599 1486 629 ten-

59 680 191 709 temus
222 668 398 723 aperire.
457 666 598 724 Majus
630 682 714 708 esse
744 678 989 722 peccatum,
1019 664 1064 706 in
1095 681 1182 721 quo
1215 664 1485 705 maledicitur

55 745 187 795 Deus,
218 762 346 801 quam
377 746 422 786 in
455 761 541 800 quo
573 745 846 794 nominatur,
887 743 1084 784 dubitare
1123 755 1213 782 non
1245 757 1483 797 possumus.

56 823 213 873 Restat,
241 835 288 864 ut
320 824 614 872 ostendamus,
662 823 798 863 multo
840 837 926 862 esse
967 820 1130 871 gravius
1161 819 1354 874 accipere
1383 834 1485 873 pec-

57 911 211 949 catum,
244 912 282 941 et
311 901 470 941 habere
509 916 674 949 secum,
716 914 844 954 quarn
883 907 1025 936 morte
1065 897 1276 937 mulctari.
1347 894 1487 947 BIors,

59 993 169 1032 quae
198 993 366 1033 poenae
397 994 521 1019 causa
538 976 720 1017 infertur
738 991 819 1031 pro
843 985 1035 1029 peccam,
1067 972 1263 1029 purgatio
1297 984 1356 1013 est
1383 988 1487 1028 pec-

57 1056 140 1095 cati
168 1055 311 1110 ipsius,
341 1072 423 1110 pro
456 1071 542 1110 quo
574 1053 747 1110 jubetur
776 1050 937 1093 inferri.
979 1049 1229 1092 Absolvitur
1259 1065 1357 1101 ergo
1387 1066 1490 1106 pec-

57 1143 201 1172 catum
230 1148 308 1187 per
336 1149 522 1187 poenam
554 1130 717 1180 mortis,
744 1145 824 1169 nec
841 1140 1030 1184 superest
1050 1127 1224 1183 aliquid,
1256 1128 1376 1182 quod
1405 1143 1488 1182 pro

57 1209 142 1250 hoc
175 1209 348 1250 crimine
377 1208 525 1264 judicii
567 1208 653 1250 dies
695 1218 736 1248 et
773 1222 916 1262 poena
954 1204 1116 1246 aeterni
1154 1203 1260 1257 ignis
1290 1203 1488 1246 inveniat.

57 1285 146 1326 Ubi
175 1302 275 1326 vero
308 1285 399 1342 quis
440 1286 596 1341 accipit
634 1295 879 1341 peccatum,
918 1284 1046 1323 habet
1082 1282 1192 1323 illud
1231 1298 1398 1333 secum,
1442 1298 1492 1322 ae

56 1375 280 1418 permanet
310 1380 406 1404 cum
436 1363 543 1419 ipso,
573 1379 653 1404 nec
686 1361 830 1418 aliquo
852 1359 1063 1416 supplicio
1094 1374 1250 1416 poena,
1282 1374 1392 1414 quae
1422 1358 1487 1399 di-

57 1440 203 1490 luitur,
233 1440 403 1489 transit,
434 1456 530 1481 cum
562 1440 656 1496 ipso
694 1449 754 1479 est
784 1438 909 1479 etiam
940 1447 1039 1494 post
1069 1447 1282 1477 mortem:
1320 1447 1361 1476 et
1391 1435 1491 1491 quia

57 1516 309 1573 temporalia
340 1516 409 1558 hic
439 1534 530 1558 non
560 1515 776 1573 persolvit,
806 1515 866 1556 ibi
897 1515 1096 1570 expendit
1126 1525 1298 1554 aeterna
1325 1512 1490 1568 suppli-

59 1594 134 1636 cia.
193 1595 322 1636 Vides
354 1611 478 1648 ergo,
523 1605 686 1650 quanto
729 1594 893 1644 gravius
935 1593 989 1634 sit
1028 1592 1222 1646 accipere
1250 1601 1492 1646 peccatum,

61 1689 186 1729 quam
218 1683 359 1713 morte
390 1671 601 1713 mulctari.
672 1671 754 1712 Hie
798 1671 911 1712 enim
940 1686 1057 1711 mors
1085 1684 1167 1724 pro
1198 1666 1385 1709 vindicta
1416 1667 1493 1708 da-

58 1762 151 1800 tur,
192 1761 231 1791 et
263 1751 378 1805 apud
415 1747 573 1806 justum
613 1748 802 1806 judicem
843 1746 1085 1788 Dominum
1124 1762 1215 1786 non
1253 1744 1494 1786 vindicatur

59 1828 124 1870 bis
153 1827 198 1868 in
230 1826 275 1867 id
304 1828 456 1883 ipsum,
486 1827 594 1868 sieut
622 1825 896 1881 propheta2)
929 1823 1043 1866 dixit.
1111 1822 1201 1863 Ubi
1230 1833 1373 1863 autem
1400 1837 1493 1862 non

64 1917 124 1946 est
152 1905 292 1947 soluta
320 1904 520 1954 vindicta,
550 1915 772 1959 peccatum
802 1913 946 1943 manet
984 1901 1066 1943 illis
1106 1898 1284 1941 aeternis
1323 1899 1492 1952 ignibus

65 1981 492 2036 exstinguendum.³)
546 1979 681 2035 Quod
713 1992 851 2021 autem
884 1981 988 2019 haee
1017 1979 1073 2019 ita
1103 1994 1147 2018 se
1162 1978 1359 2027 habeant,
1389 1992 1493 2032 pos-

64 2077 157 2102 sum
188 2059 268 2100 tibi
298 2070 417 2100 testes
450 2074 497 2098 ex
531 2058 680 2100 divinis
710 2055 999 2097 voluminibus
1029 2054 1235 2095 adhibere
1263 2054 1420 2094 Ruhen
1454 2064 1495 2093 et

63 2137 225 2178 Judam
255 2135 517 2192 patriarchas
547 2136 772 2190 loquentes
791 2136 845 2176 ad
869 2145 1033 2189 patrem
1057 2149 1182 2175 suum
1206 2132 1361 2181 Jacob,
1392 2146 1494 2171 cum

63 2215 218 2255 vellent
259 2215 482 2255 adsumere
520 2229 663 2254 secum
695 2210 945 2268 Beniamin,
987 2221 1028 2251 et
1070 2210 1226 2250 ducere
1264 2210 1319 2249 ad
1357 2209 1496 2266 Aegy-

64 2303 200 2348 ptum,
232 2301 413 2346 propter
440 2291 731 2345 sponsionem,
765 2305 891 2345 quam
926 2305 1024 2329 cum
1067 2286 1235 2342 Joseph
1262 2286 1393 2326 fratre
1421 2300 1499 2341 pe-

63 2369 269 2423 pigerant.
329 2367 394 2408 Ibi
426 2382 524 2418 ergo
544 2365 698 2408 Ruben
728 2367 786 2408 ita
817 2365 920 2407 dicit
949 2365 1004 2406 ad
1033 2375 1215 2420 patrem:
1247 2363 1433 2414 „ambos
1449 2361 1496 2417 ⁴)

65 2445 175 2486 filios
206 2461 326 2487 meos
358 2444 528 2493 occide,
567 2443 648 2485 nisi
677 2443 887 2484 reduxero
928 2443 983 2483 ad
1023 2453 1065 2482 te
1092 2439 1360 2497 Benjamin.“
1416 2438 1497 2479 Ju-

66 2523 140 2563 das
170 2539 270 2564 vero
303 2524 384 2565 ait:
417 2521 707 2576 „pecca10r⁵)
750 2535 823 2562 ero
854 2520 898 2562 in
928 2530 993 2570 te,
1037 2516 1116 2560 nisi
1153 2519 1364 2561 reduxero
1397 2531 1496 2557 eum

188 2716 230 2772 ¹)
259 2717 371 2760 Edd.
404 2717 602 2761 Merlini:
631 2716 861 2774 superfluO.
983 2714 1029 2771 ²)
1064 2714 1248 2757 Nahum.
1278 2711 1310 2763 Ῑ,
1339 2711 1380 2754 9.

184 2787 231 2841 ³)
263 2788 334 2828 Sic
375 2787 484 2832 Cod.
524 2786 918 2839 Sangermanensi53
951 2784 1051 2826 libri
1091 2800 1191 2825 vero
1234 2780 1336 2824 editi
1372 2780 1431 2836 (e.
1460 2796 1497 2822 c.

69 2845 164 2885 cdd.
197 2844 306 2898 Μ.>;
338 2846 629 2898 „exigendum.
692 2843 806 2901 Quia
837 2847 1004 2886 autem“
1038 2853 1112 2883 etc.
1146 2839 1197 2881 R.

186 2912 232 2968 4>
266 2912 416 2956 (ἅρηεε.
448 2915 578 2966 xm,
607 2915 674 2957 37.
797 2913 841 2967 ⁵)
874 2911 1026 2956 Genes.
1056 2909 1210 2963 XL111,
1238 2910 1278 2952 9.

1046 2987 1143 3031 27*
