1752 3136
468 114 514 145 m
543 101 797 145 an‘ncu'm
824 97 1024 142 HommA
1053 98 1142 140 VII.
1428 100 1512 145 297

105 215 328 273 juncturae
348 215 400 257 ad
422 212 648 270 juncturas,
667 211 710 266 ¹)
739 210 974 253 secundum
996 209 1093 259 hoc,
1123 210 1241 265 quod
1258 226 1384 266 supra
1406 211 1512 254 dixi-

104 309 211 346 mus,
239 305 340 335 tunc
371 290 495 332 etiam
521 289 612 344 ipse
648 287 761 329 dicet
800 288 854 328 de
882 285 1006 329 nobis
1042 286 1150 328 illud
1187 287 1514 344 propheticum:

105 370 276 422 „omnia
290 368 347 425 ²)
375 382 467 409 ossa
495 380 590 406 mea
619 363 780 406 dicent:
819 362 1031 413 Domine,
1073 363 1165 419 quis
1201 364 1348 407 similis
1385 363 1516 407 tibi?·‘

108 446 266 489 Omnia
294 458 478 499 namque
508 457 599 484 ossa
627 441 703 482 ista
732 441 990 495 loquuntur,
1031 451 1072 481 et
1105 441 1311 499 hymnum
1356 441 1516 492 dicunt,

109 534 150 564 et
184 520 329 575 gratias
368 531 496 573 agunt
534 519 644 560 Deo.
715 516 1006 558 Meminerant
1044 517 1156 558 enim
1186 519 1381 560 beneficii
1412 517 1515 575 ejus,

108 611 147 640 et
173 600 269 640 ideo
307 596 480 647 „omnia
494 596 541 652 3)
573 611 665 637 ossa
693 610 787 636 mea
818 595 979 636 dicent:
1011 594 1221 646 Domine,
1251 594 1342 652 quis
1371 595 1518 637 similis

103 673 210 716 tibi?
263 673 460 730 Eripiens
497 688 731 730 pauperem
772 673 825 713 de
863 689 994 714 manu
1031 672 1220 714 fortioris
1260 671 1397 729 ejus-st*
1446 673 1517 715 De

100 750 186 793 istis
216 750 390 802 ossibus,
422 768 519 793 cum
550 751 689 791 adhuc
708 760 841 790 essent
867 749 1066 805 dispersa,
1096 761 1322 804 antequam
1344 749 1518 800 veniret,

101 827 174 883 qui
205 844 252 869 ea
280 827 517 881 colligeret,
548 838 588 868 et
619 837 891 882 congregaret
919 825 966 866 in
994 843 1151 877 unum,
1195 825 1356 868 dictum
1388 839 1448 868 est
1476 837 1519 868 et

96 903 206 947 illud
234 904 555 962 propheticum:
582 904 795 959 „dispersa
812 902 857 959 ⁴)
885 913 984 945 sunt
1014 919 1103 945 ossa
1133 915 1276 959 nostr-fa
1305 919 1423 946 secus
1450 902 1518 944 in-

100 983 310 1025 fernum.“
369 981 480 1036 Quia
512 998 609 1035 ergo
641 981 829 1035 dispersa
866 991 1005 1029 erant,
1043 992 1274 1036 propterea
1314 980 1414 1022 dicit
1440 997 1520 1037 per

102 1059 233 1101 alium
261 1060 546 1116 prophetam:
582 1055 952 1110 ‚‚congregetur⁵)
983 1072 1029 1098 os
1060 1057 1114 1097 ad
1146 1074 1215 1107 os,
1256 1068 1296 1098 et
1323 1055 1520 1114 junctura

101 1139 157 1178 ad
185 1136 439 1193 juncturam,
469 1147 508 1177 et
535 1134 666 1184 nervi,
697 1145 738 1175 et
765 1148 910 1184 venae,
945 1145 986 1174 et
1015 1134 1186 1189 pelles.“
1262 1132 1372 1175 Cum
1405 1134 1520 1176 enim

100 1213 184 1254 hoc
213 1214 374 1254 factum
402 1212 550 1262 fuerit,
589 1224 692 1253 tunc
730 1212 902 1261 „omnia
919 1211 964 1266 ⁶)
1000 1210 1076 1254 ista
1117 1210 1274 1253 dicent:
1317 1211 1521 1262 Domine,

102 1290 194 1347 quis
236 1288 384 1332 similis
427 1289 535 1331 tibi?
598 1288 797 1346 Eripiens
845 1288 1022 1345 inopem
1066 1289 1120 1329 de
1157 1305 1288 1330 manu
1331 1289 1520 1331 fortioris

101 1366 231 1426 ejus.“
285 1367 642 1423 Unumquodque
671 1367 784 1408 enim
817 1382 862 1407 os
894 1382 940 1407 ex
969 1364 1054 1407 istis
1076 1365 1238 1408 ossibus
1261 1365 1388 1423 inops
1419 1379 1521 1419 erat,

103 1457 144 1487 et
172 1445 433 1486 atterebatur
460 1443 650 1486 fortioris
691 1459 835 1485 manu.
900 1444 1001 1485 Non
1045 1442 1157 1484 enim
1198 1443 1383 1486 habebat
1421 1444 1522 1502 jun-

106 1534 270 1565 cturam
301 1521 501 1570 caritatis,
528 1537 620 1561 non
648 1535 802 1562 nervos
832 1519 1082 1576 patientiae,
1111 1536 1202 1561 non
1231 1536 1362 1562 venas
1386 1521 1524 1565 vitalia

105 1599 247 1650 animi,
278 1610 317 1640 et
339 1598 444 1639 „fidei
474 1597 672 1650 vigorem.
718 1596 807 1638 Ubi
837 1613 936 1638 vero
966 1596 1094 1646 venit,
1125 1596 1198 1653 qui
1221 1597 1405 1653 dispersa
1430 1600 1521 1641 col—

102 1677 260 1730 ligeret,
291 1687 331 1717 et
362 1676 434 1731 qui
465 1674 661 1729 dissipata
693 1673 990 1731 conjungeret.
1022 1673 1269 1716 consocians
1300 1691 1346 1716 os
1377 1676 1431 1717 ad
1461 1693 1523 1728 os,

104 1765 143 1795 et
171 1751 412 1810 juncturam
442 1753 494 1794 ad
524 1750 778 1808 juncturam,
808 1750 1032 1792 aedificare
1061 1750 1201 1806 coepit
1215 1762 1408 1792 sanctum
1425 1769 1522 1794 cor-

35 1833 39 1842 '
101 1847 180 1887 pus
210 1830 422 1872 ecclesiae.
492 1828 610 1871 Haec
640 1828 883 1871 inciderunt
920 1827 1093 1884 quidem
1132 1828 1383 1869 extrinsecus
1421 1829 1524 1871 huie

103 1908 401 1965 disputationi,·
419 1908 494 1949 sed
521 1906 759 1949 necessario
791 1906 1011 1962 explanata
1041 1916 1152 1956 sunt,
1182 1916 1230 1946 ut
1256 1905 1524 1948 manifestior

103 1986 223 2028 fieret
250 1983 465 2041 pontificis
494 1983 579 2024 mei
607 1983 813 2036 ingressus
851 1983 895 2023 in
925 1993 1068 2024 sancta
1106 1999 1198 2022 non
1238 1982 1420 2024 bibentis
1458 1983 1521 2024 vi·-

105 2077 226 2111 num,
251 2077 474 2116 usquequo
504 2061 743 2116 sacerdotio
782 2062 1040 2112 fungeretur.
1107 2058 1212 2100 Post
1247 2059 1351 2101 haec
1379 2071 1525 2102 tamen

105 2137 225 2178 hibet
243 2138 288 2193 ⁷)
317 2137 486 2189 vinum,
523 2139 598 2180 sed
637 2137 784 2180 vinum
820 2153 1006 2187 novum,
1044 2146 1084 2177 et
1112 2133 1258 2177 vinum
1287 2152 1447 2178 novum
1476 2136 1523 2178 in

355 2219 435 2227 -—-

224 2256 269 2310 ¹)
298 2257 401 2301 Mss.
442 2254 724 2310 ,‚1uncturas.“
799 2256 919 2298 Libri
957 2255 1058 2298 editi
1106 2255 1168 2313 (v.
1207 2272 1242 2297 c.
1280 2255 1374 2298 edd.
1413 2254 1523 2310 M.):

106 2312 414 2371 ‚,juncturam.“
448 2313 499 2354 R.

222 2384 269 2439 ²)
297 2384 454 2425 Psalm.
484 2382 668 2434 XXXV,
699 2385 764 2426 10.
793 2382 1048 2439 (XXXIV.)

222 2453 269 2509 3)
300 2454 453 2497 Psalm.
482 2453 666 2503 XXXV,
699 2454 762 2496 10
793 2451 1048 2510 (XXXIV.)

224 2523 271 2579 ⁴¹)
300 2525 458 2565 Psalm.
491 2523 638 2572 CXLI,
669 2522 914 2578 7.(CXL.)

223 2595 268 2647 ⁵)
299 2594 452 2634 Ezeeh.
482 2593 708 2643 XXXVII,
739 2593 845 2636 ’“..8

221 2663 268 2762 ⁶2)
301 2662 389 2763 Cfg
420 2664 574 2706 Psalm.
604 2664 797 2714 XXXV,
839 2665 903 2709 10.
944 2661 1193 2720 (XXXIV.)
1236 2662 1334 2703 coll.
1364 2678 1406 2718 p.
1437 2659 1532 2715 huik.

106 2731 205 2761 ΠΟῒ.·
256 2752 263 2760 .
295 2731 333 2760 et
393 2753 401 2760 .

111 2845 156 2889 b·
188 2789 279 2887 “7ss
302 2789 401 2835 MSS,
441 2792 625 2844 „bibet.“
696 2789 813 2832 Libri
856 2788 956 2832 editi
993 2790 1055 2846 (c.
1097 2806 1131 2832 c.
1165 2790 1260 2831 edd-⁴
1291 2788 1398 2843 M.):
1434 2788 1527 2840 „bi-

143 2857 185 2889 12.
285 2879 293 2888 .
