1752 3136
480 137 528 167 m
557 125 756 166 Exonum
786 121 987 162 HOMJLIA
1019 121 1073 161 X.
1421 119 1501 162 121

91 241 339 289 habeantur,
369 253 484 278 nunc
513 252 666 285 sermo,
700 234 771 289 qui
800 233 979 274 habetur
1006 232 1051 273 in
1080 230 1299 281 manibus,
1340 232 1419 274 sub
1451 232 1502 272 ti-

90 319 180 359 tulo
209 315 470 373 justitiarum,
499 314 563 353 vel
592 309 937 368 justificationum
968 309 1147 364 scriptus
1166 319 1244 349 est.
1290 307 1361 349 Sic
1391 306 1504 348 enim

92 394 194 435 dicit
222 393 431 448 superius:
469 401 536 440 „et
554 387 598 443 ¹)
635 387 715 428 hae
743 385 944 444 justitiae,
985 386 1085 452 quas
1115 401 1334 441 propones
1363 385 1506 440 palam

89 471 178 513 iis.“
247 470 346 510 Non
381 478 438 508 est
476 475 613 505 autem
646 463 872 519 praesentis
909 461 1133 518 temporis,
1174 460 1505 518 uniuscujusque

89 549 245 589 horum
277 557 486 600 exponere
516 539 793 590 differentias3
834 538 1036 592 exigimur
1080 538 1192 579 enim
1223 541 1276 580 ad
1308 540 1506 594 explana-

87 624 249 665 tionem
277 622 447 667 horum,
479 633 587 673 quae
616 618 724 658 lecta
752 628 861 658 sunt.
912 616 1144 658 Sciendum
1162 631 1263 658 sane
1285 627 1356 665 est,
1388 617 1506 670 quod

88 716 184 756 pars
215 697 353 752 aliqua
383 712 429 737 ex
458 694 539 744 his,
578 696 631 735 de
671 693 822 750 quibus
864 692 1155 735 disserendum
1185 693 1311 734 nobis
1342 704 1420 742 est,
1459 691 1506 732 in

90 774 300 827 evangelio
331 773 564 816 secundum
604 771 869 812 Matthaeum
907 769 1044 825 posita
1087 781 1167 820 est,
1208 769 1372 812 dicente
1409 769 1506 810 Do-

87 853 207 894 mino
240 852 324 893 hoc
353 851 512 891 modo:
543 847 818 902 ‚‚audistis‚2)
862 846 959 902 quia
992 846 1151 888 dictum
1183 858 1241 888 est
1270 846 1503 901 antiquis:“

87 960 111 980 „
124 929 324 979 „oculum
353 943 434 984 pro
468 927 608 976 oculo,
639 927 811 966 dentem
838 941 920 980 pro
952 926 1153 969 dente.““
1212 923 1329 975 „Ego
1362 934 1505 964 autem
1531 933 1534 935 ’

89 1007 185 1048 dico
217 1004 350 1054 vobis,
378 1020 470 1045 non
498 1003 688 1044 resistere
717 1002 846 1043 malo.
906 1001 992 1042 Sed
1024 1001 1056 1042 si
1092 999 1183 1056 quis
1213 1010 1255 1040 te
1285 1015 1504 1054 percusse-

88 1083 143 1123 rit
170 1083 216 1124 in
247 1083 435 1123 dextram
472 1079 712 1129 maxillam,
758 1088 956 1119 converte
996 1077 1035 1118 ei
1074 1088 1112 1117 et
1143 1076 1360 1117 alterani.“
1420 1076 1507 1132 Sed

87 1158 271 1201 fortassis
303 1157 375 1214 qui
406 1156 642 1212 Scripturas
674 1155 868 1198 attentius
898 1154 1026 1206 legit,
1064 1154 1175 1195 dicat
1205 1170 1273 1203 ea,
1313 1170 1421 1209 quae
1453 1153 1507 1194 de

84 1228 313 1287 Evangelio
344 1232 498 1289 scripta
527 1231 868 1281 memoravimus,
897 1248 986 1272 non
1019 1232 1072 1272 de
1112 1232 1196 1271 hoc
1225 1230 1364 1271 Exodi
1393 1248 1509 1272 sum-

85 1325 127 1354 ta
142 1312 188 1368 3)
218 1313 331 1361 loco,
359 1311 433 1353 sed
462 1309 592 1362 magis
623 1308 977 1359 Deuteronomii,
1011 1307 1085 1349 ubi
1114 1307 1392 1349 nihilominus
1422 1308 1507 1348 hoc

84 1391 220 1431 modo
266 1390 472 1444 quaedam
514 1386 667 1443 scripta
705 1389 967 1427 referuntur:
1019 1387 1163 1441 „quod
1180 1384 1224 1440 ⁴)
1263 1385 1297 1426 si
1336 1385 1507 1433 steterit,

84 1466 235 1523 inquit,
264 1466 377 1506 testis
405 1464 588 1519 iniquus,
618 1462 908 1504 testimonium
943 1463 1081 1504 ferens
1112 1463 1332 1503 adversum
1364 1461 1506 1502 homi-

86 1561 187 1585 nem
219 1544 271 1584 de
300 1541 528 1597 impietate,
561 1551 794 1580 statuentur
824 1538 995 1594 utrique
1025 1539 1234 1588 homines,
1265 1538 1417 1594 quibus
1449 1549 1509 1580 cst

89 1619 391 1668 controversia,
421 1628 517 1658 ante
546 1615 807 1668 Dominum,
850 1628 889 1656 et
919 1627 1016 1656 ante
1042 1616 1303 1665 sacerdotes,
1344 1627 1383 1657 et
1412 1627 1508 1656 ante

85 1695 259 1754 judices,
290 1694 533 1750 quicunque
560 1693 624 1735 illi
653 1693 811 1733 suerint
840 1694 882 1734 in
917 1693 1064 1735 diebus
1091 1693 1184 1742 illis,
1217 1704 1255 1732 et
1286 1691 1509 1732 discutient

86 1765 247 1830 judices
279 1771 507 1823 diligenter,
542 1781 581 1810 et
609 1769 920 1811 examinabunt.
979 1769 1035 1810 Et
1063 1769 1095 1811 si
1125 1769 1374 1826 invenerint,
1410 1755 1508 1824 quia

86 1850 195 1892 testis
224 1849 392 1904 iniquus
421 1858 590 1888 testatus
622 1858 680 1888 est
706 1845 873 1902 injuste,
905 1857 944 1887 et
975 1846 1150 1888 surrexit
1181 1847 1400 1886 adversum
1423 1848 1509 1887 fra-

87 1939 194 1968 trem
224 1943 370 1976 suum,
398 1924 560 1966 facietis
592 1925 650 1973 ei,
699 1924 1065 1980 quemadmodum
1102 1925 1192 1978 ipse
1232 1935 1407 1964 conatus
1450 1933 1507 1964 est

85 2005 225 2045 facere
253 2003 373 2044 fratri
402 2018 493 2051 suo,
525 2013 563 2041 et
594 2003 789 2043 auferetis
819 2001 1051 2053 malignum
1077 2002 1129 2041 de
1146 2001 1289 2041 medio
1310 2011 1508 2050 vestrum,

86 2092 133 2122 ut
163 2080 288 2121 ceteri
316 2081 532 2121 audientes
563 2090 722 2119 metum
755 2079 952 2127 habeant,
983 2088 1024 2118 et
1045 2095 1137 2119 non
1169 2076 1367 2135 adjiciant
1395 2079 1509 2118 ultra

86 2159 226 2199 facere
262 2158 497 2202 secundum
543 2156 720 2195 verbum
761 2156 845 2196 hoc
884 2156 1046 2195 malum
1094 2155 1204 2196 inter
1246 2172 1329 2196 vos.
1406 2155 1508 2195 Non

86 2245 234 2291 parcet
264 2234 413 2275 oculus
442 2245 537 2274 tuus
568 2249 695 2288 super
725 2249 846 2282 eum,
877 2233 1060 2274 animam
1091 2249 1172 2289 pro
1204 2233 1367 2281 anima,
1400 2233 1505 2272 den-

87 2323 169 2353 tem
202 2329 280 2367 pro
323 2312 469 2358 dente,
508 2325 682 2350 manum
723 2326 803 2365 pro
846 2327 999 2360 manu,
1046 2313 1201 2366 pedem
1246 2325 1325 2362 pro
1356 2308 1507 2362 pede.“

87 2388 298 2430 Videntur
338 2386 510 2443 quidem
550 2386 595 2426 in
635 2397 823 2442 utroque
860 2389 957 2428 loco
999 2386 1151 2429 similia
1182 2385 1286 2434 dici,
1325 2401 1415 2425 non
1446 2396 1508 2425 ta-

87 2481 184 2506 men
210 2462 428 2506 evidenter
458 2463 705 2514 ostenditur,
736 2480 783 2504 ex
814 2480 900 2520 quo
932 2464 1198 2520 potissimum
1224 2464 1323 2503 loco
1352 2477 1507 2514 scrm0‚

207 2641 251 2695 ¹)
280 2639 415 2683 Exod.
446 2639 565 2691 XXI,
597 2640 636 2681 1.

205 2710 251 2764 ²)
282 2710 431 2750 Matth.
462 2710 513 2758 Υ,
541 2709 608 2752 38.
639 2709 708 2752 39.
739 2710 835 2751 coll.
866 2709 1003 2750 Exod.
1032 2707 1155 2758 ΧΧῖ,
1187 2709 1253 2750 24.

204 2779 250 2833 3)
281 2779 390 2820 Edd.
422 2779 615 2821 Blerlini:
653 2791 843 2821 assumta.
1177 2830 1181 2835 ἡ

207 2848 252 2905 4)
284 2850 412 2892 Dcut.
426 2850 550 2900 XIX,
563 2850 851 2903 16-21.c011.
870 2849 997 2892 LXX.
1011 2849 1289 2906 interpretum
1305 2848 1506 2891 versione.
