1752 3136
460 141 507 170 m
538 127 736 169 ExonUM
767 125 966 169 HOMILIA
998 125 1110 165 VIII.
1301 119 1304 123 ’
1439 127 1497 170 95

77 243 202 285 faciat
230 241 411 297 speciem
443 237 729 296 quadrupedis
760 236 950 295 alicujus,
981 239 1044 279 vel
1067 236 1283 293 serpentis,
1313 239 1378 279 vel
1399 239 1498 287 avis,

80 331 121 360 et
149 330 300 361 statuat
328 319 444 359 illam
475 317 761 365 adorandam,
799 331 890 357 non
919 315 1108 365 idolum,
1149 316 1223 356 sed
1252 314 1497 357 similitudi-

79 413 177 436 nem
207 396 316 436 fecit.
385 395 464 434 Vel
505 394 628 434 etiam
659 392 692 433 si
721 393 931 448 picturam
964 394 1017 434 ad
1047 394 1131 434 hoe
1160 395 1299 448 ipsum
1332 405 1499 444 statuat,

77 472 353 512 nihilominus
390 470 706 511 similitudinem
748 471 893 512 fecisse
932 471 1133 512 dicendus
1175 482 1245 511 est.
1322 471 1496 514 Idolum

77 565 177 589 vero
208 548 308 588 facit
337 548 428 597 ille,
470 548 541 603 qui
571 550 802 589 secundum
838 548 1093 601 Apostolum
1125 549 1359 599 dicentem,
1399 551 1498 605 quia

78 610 331 679 „id01uin¹)
363 625 469 665 nihil
501 632 594 673 est‚“
625 624 725 665 facit
764 625 881 679 quod
911 641 1001 664 non
1034 636 1104 666 est.
1173 624 1291 679 Quid
1332 639 1390 668 est
1422 645 1497 668 au-

78 714 175 751 tem,
208 704 325 758 quod
356 719 447 743 non
480 700 564 743 est?
610 701 792 756 Species,
824 717 950 756 quam
982 719 1071 742 non
1101 703 1204 744 vidit
1235 702 1394 753 oculus,
1425 704 1499 745 sed

79 778 166 833 ipse
196 778 275 819 sibi
307 779 470 820 animus
500 778 629 831 fingit.
688 779 817 818 Verbi
850 779 1000 829 gratia,
1041 791 1086 820 ut
1118 780 1151 820 si
1181 781 1272 835 quis
1302 780 1502 822 humanis

78 856 277 897 membris
317 868 444 912 caput
490 857 624 904 canis,
665 865 738 895 aut
777 855 914 898 arietis
952 858 1129 905 formet,
1159 859 1222 898 vel
1254 875 1420 899 rursum
1453 858 1500 900 in

81 949 168 973 uno
201 932 384 974 hominis
416 932 562 973 habitu
608 933 710 973 duas
749 932 874 974 saeies
914 935 1065 986 fingat,
1102 932 1173 975 alst
1201 935 1391 976 humano
1423 952 1499 992 pe-

81 1009 189 1050 ctori
217 1022 449 1065 postremas
478 1021 618 1064 partes
650 1008 749 1064 equi
780 1021 852 1050 aut
882 1009 1004 1065 piscis
1035 1009 1249 1067 adjungat.
1280 1011 1427 1053 ¹Haec
1460 1026 1501 1055 et

28 1102 30 1104 “
80 1086 129 1127 iis
160 1086 309 1127 similia
340 1086 412 1142 qui
442 1086 554 1135 facit,
584 1103 672 1126 non
703 1085 1046 1137 similitudinem,
1086 1089 1158 1128 sed
1188 1088 1355 1130 idolum
1385 1089 1500 1132 facit.

80 1163 201 1203 Facit
231 1163 356 1212 enim,
390 1165 506 1219 quod
536 1180 626 1204 non
658 1176 738 1213 est,
779 1180 859 1204 nee
898 1165 1024 1205 habet
1063 1164 1220 1220 aliquid
1253 1165 1390 1207 simile
1422 1167 1500 1208 sui.

81 1239 138 1279 Et
164 1238 322 1280 idcirco
353 1241 456 1281 haec
487 1240 619 1282 sciens
652 1241 905 1295 Apostolus,
936 1242 1058 1282 dicit:
1097 1243 1223 1298 „quia
1243 1244 1287 1299 ²)
1331 1244 1501 1287 idolum

81 1316 187 1357 nihil
219 1328 279 1357 est
308 1316 351 1357 in
381 1319 589 1363 mundof}
645 1318 745 1359 Non
778 1318 890 1359 enim
931 1313 1071 1374 aliqua
1104 1336 1151 1360 ex
1180 1321 1305 1362 rebus
1337 1334 1502 1363 exstan-

80 1393 191 1436 tibus
221 1394 456 1436 adsumitur
484 1395 664 1450 spedes,
709 1396 781 1436 sed
823 1396 939 1450 quod
978 1395 1067 1451 ipsa
1108 1396 1187 1437 sibi
1218 1398 1352 1440 otiosa
1380 1416 1504 1442 mens

84 1482 124 1511 et
154 1471 322 1515 curiosa
347 1472 560 1527 repererit.
618 1471 865 1516 Similitudo
896 1489 996 1513 vero
1029 1484 1101 1522 est,
1132 1491 1229 1515 cum
1259 1476 1422 1532 aliquid
1454 1493 1502 1518 ex

82 1547 169 1597 his,
210 1564 317 1603 quae
355 1561 452 1589 sunt
490 1549 555 1589 vel
596 1549 641 1589 in
683 1550 827 1598 coelo,
858 1549 924 1589 vel
952 1548 997 1589 in
1026 1561 1158 1599 terra,
1197 1553 1262 1592 vel
1293 1553 1335 1593 in
1369 1553 1503 1608 aquis,

83 1626 305 1674 formatur,
336 1624 442 1666 sicut
472 1625 662 1680 superius
693 1625 883 1668 diximus.
950 1627 1243 1669 Veruntamen
1272 1647 1362 1670 non
1393 1629 1503 1672 sicut

29 1728 33 1731 -
84 1702 137 1741 de
165 1701 227 1750 iis,
257 1717 364 1756 quae
392 1701 438 1741 in
466 1713 577 1742 terra
607 1714 726 1751 sunt,
755 1703 822 1743 vel
851 1704 896 1743 in
924 1705 1050 1754 mari5
1082 1704 1427 1749 similitudinibus
1456 1708 1503 1748 in

45 1781 47 1783 ’
83 1789 258 1834 promtu
290 1790 349 1819 est
377 1778 676 1834 pronuntiare,
713 1779 770 1821 ita
803 1779 926 1821 etiam
959 1781 1012 1822 de
1042 1783 1316 1824 coelestibus:
1358 1784 1438 1825 nisi
1468 1785 1504 1826 si

86 1856 176 1911 quis
208 1855 320 1896 dicat
350 1858 402 1897 de
432 1858 544 1906 sole,
586 1868 625 1897 et
661 1857 781 1908 luna,
824 1869 864 1898 et
906 1857 1034 1899 stellis
1072 1859 1157 1900 hoe
1187 1876 1312 1915 posse
1345 1860 1505 1903 sentiri.

82 1931 139 1972 Et
170 1933 327 1973 horum
356 1949 543 1989 namque
572 1936 728 1976 formas
760 1934 994 1990 exprimere
1024 1935 1228 1988 gentilitas
1256 1939 1374 1978 solet.
1414 1939 1503 1980 Sed

87 2008 183 2064 quia
212 2010 355 2051 Moses
385 2010 572 2052 eruditus
603 2023 690 2052 erat
719 2011 762 2071 in
796 2013 915 2053 omni
945 2013 1148 2069 sapientia
1173 2009 1502 2073 Aegyptiorum,

85 2085 209 2127 etiam
241 2103 301 2137 ea,
332 2103 440 2142 quae
463 2088 585 2142 -apud
612 2087 708 2129 illos
740 2101 858 2130 erant
886 2089 930 2131 in
963 2092 1136 2133 occultis
1177 2103 1217 2133 et
1258 2092 1503 2143 reconditis,

82 2163 314 2218 prohibere
344 2163 560 2219 cupiebat:
591 2165 706 2215 sicut,
737 2189 793 2196 —-
821 2167 939 2208 verbi
969 2185 1114 2219 causa,
1143 2180 1190 2209 ut
1217 2184 1296 2210 nos
1329 2181 1504 2225 quoqu'e

83 2239 438 2294 appellationibus
468 2252 639 2282 utamur
668 2241 860 2298 ipsorum
877 2268 945 2295 —,
976 2246 1164 2287 Hecaten
1183 2263 1311 2302 quam
1342 2247 1504 2298 dicunt,

85 2315 269 2371 aliasque
298 2317 558 2358 daemonum
586 2319 757 2369 formas,
788 2337 896 2376 quae
918 2308 1149 2377 Apostolus
1183 2323 1439 2378 „spiritualia
1456 2323 1505 2380 3)

83 2392 297 2447 nequitiae
325 2393 370 2434 in
400 2394 678 2436 coelestibus“
708 2409 840 2438 vocat.
895 2398 965 2439 De
993 2399 1092 2455 ipsis
1115 2400 1300 2441 fortassis
1331 2412 1370 2441 et
1398 2417 1504 2457 pro-

84 2468 211 2524 pheta
242 2470 354 2522 dicit,
385 2471 482 2527 quia
511 2472 768 2521 „inebriatus
783 2473 828 2528 4)
861 2487 919 2515 est
943 2475 1104 2526 gladius
1123 2493 1242 2517 meus
1265 2477 1310 2518 in
1337 2478 1506 2519 coelo.“

86 2542 163 2586 His
203 2548 312 2589 enim
360 2548 531 2598 formis,
579 2561 618 2590 et
654 2548 1000 2592 similitudinibus
1038 2551 1238 2594 invocare
1275 2555 1503 2597 daemonia

87 2623 217 2665 moris
247 2636 306 2666 est
333 2624 394 2675 iis,
428 2625 583 2681 quibus
609 2626 708 2668 talia
740 2643 864 2669 curae
892 2639 1011 2678 sunt,
1051 2630 1116 2670 vel
1160 2632 1214 2672 ad
1244 2633 1504 2688 repellenda,

131 2737 152 2755 Ι

205 2796 249 2852 ι)
280 2797 298 2837 Ι
330 2797 427 2841 Cor.
458 2799 574 2851 VIII,
602 2802 640 2844 4.
761 2802 808 2857 ²)
839 2804 858 2843 I
888 2803 988 2845 Cor.
1017 2803 1132 2856 VIII,
1162 2805 1201 2846 4.

204 2866 249 2919 3)
280 2868 434 2923 Ephes.
466 2869 538 2920 VI,
567 2870 632 2914 12.
753 2874 798 2929 ⁴)
827 2872 951 2916 Jcsai.
981 2874 1183 2925 XXXW,
1214 2875 1253 2918 5,
