1752 3136
208 98 264 141 46
808 97 1030 138 Omssnms

209 211 258 252 In
290 225 376 266 quo
408 209 490 251 tale
520 207 676 264 aliquid
708 207 884 260 intelligi
916 225 1040 264 posse
1071 208 1275 250 arbitror:
1308 206 1460 249 Omnis
1496 209 1636 251 anima

209 304 306 329 cum
339 288 390 329 ad
422 286 768 342 supplementum
801 286 944 327 aetatis
978 285 1216 334 advenerit,
1248 297 1287 326 ct
1318 286 1429 325 velut
1463 297 1636 326 natura-

210 365 259 407 lis
289 363 333 405 in
366 379 413 405 ea
445 364 652 422 quaedam
686 364 750 403 lex
783 362 972 418 coeperit
997 380 1069 404 sua
1088 362 1178 417 jura
1203 363 1444 411 defendere,
1474 361 1638 418 primos

207 444 297 485 sine
328 440 461 482 dubio
493 452 636 480 motus
672 441 909 481 secundum
953 439 1209 480 desiderium
1259 438 1392 480 carnis
1423 438 1636 493 producit,

210 536 317 575 quos
347 535 393 559 ex
425 516 794 572 concupiscentiae
824 517 888 557 vel
920 518 1005 558 irae
1035 515 1186 556 fomite
1205 515 1262 556 vis
1284 515 1493 557 incentiva
1518 532 1636 557 com-

209 595 400 638 moverit.
458 594 589 635 Unde
620 593 737 649 quasi
770 595 1064 650 praecipuum,
1096 605 1135 634 et
1167 593 1283 648 quod
1315 609 1403 633 non
1436 593 1487 633 sit
1518 608 1637 633 com-

207 690 338 715 mune
368 689 464 714 cum
496 672 641 712 ceteris
674 671 941 720 hominibus,
981 671 1034 710 de
1073 670 1166 710 solo
1210 667 1378 710 Christo
1425 669 1636 725 propheta

209 752 330 792 dicit:
370 750 597 806 „butyrum
620 746 662 802 ¹)
699 737 742 788 ct
784 747 868 787 mel
900 744 1202 795 manducabit,
1233 744 1480 800 priusquam
1513 745 1638 785 saciat

209 840 279 869 aut
307 828 496 882 proferat
526 824 720 876 maligna,
754 824 876 876 eliget
892 823 937 878 ²)
969 823 1174 863 bonum.“
1235 821 1469 876 Quoniam,
1501 821 1638 877 prius-

212 921 338 960 quam
370 903 472 944 sciat
500 917 609 957 puer
639 902 802 942 bonum
835 912 907 941 aut
945 899 1130 948 malum,
1174 897 1324 941 resistit
1353 885 1556 948 malitiae,
1593 910 1639 940 ut

210 983 334 1032 eligat
365 980 481 1035 quod
512 980 677 1020 bonum
713 990 782 1020 est.
855 977 970 1019 Alius
1011 988 1150 1018 autem
1191 974 1403 1032 propheta
1434 986 1638 1031 tanquam
1674 1024 1678 1033 Ι

210 1060 263 1100 de
292 1057 532 1112 semetipso
564 1058 758 1111 loquens,
777 1055 967 1097 dicebat:
1000 1052 1482 1109 „delicta³)juventutis
1507 1069 1639 1102 meae,

209 1148 250 1177 et
289 1135 553 1188 ignorantiae
593 1149 713 1174 meae
752 1150 806 1174 ne
844 1131 1127 1173 memineris.“
1211 1128 1322 1184 Quia
1372 1144 1469 1180 ergo
1509 1129 1639 1185 primi

208 1212 272 1255 isti
303 1213 468 1253 animae
499 1223 639 1252 motus
670 1211 905 1251 secundum
939 1225 1109 1249 carnem
1145 1205 1302 1264 prolati
1340 1206 1385 1247 in
1415 1219 1636 1262 peccatum

209 1302 358 1340 ruunt,
398 1289 549 1330 merito
590 1287 634 1328 in
674 1286 828 1328 morali
845 1287 890 1342 ⁴)
931 1286 1030 1327 loco
1073 1283 1380 1342 Aegyptiorum
1425 1283 1637 1339 primitiva

206 1353 451 1423 ponuntur,
489 1382 597 1421 quae
637 1377 805 1405 eatenus
848 1362 1187 1415 exstinguuntur,
1227 1359 1260 1401 si
1301 1360 1489 1416 reliquae
1530 1360 1638 1402 vitae

208 1443 530 1498 conversati05)
563 1441 896 1483 emendatiorem
928 1439 1077 1491 dirigat
1111 1441 1303 1479 'cursum.
1363 1438 1432 1478 Sic
1464 1454 1562 1490 ergo
1592 1438 1638 1479 in

207 1520 372 1569 anima,
415 1536 542 1575 quam
584 1521 650 1561 lex
682 1517 821 1560 divina
853 1519 905 1558 ab
950 1515 1166 1557 erroribus
1197 1525 1434 1570 susceptam
1467 1515 1639 1567 castigat

209 1609 248 1638 et
279 1595 470 1648 corrigit,
511 1596 635 1638 etiam
675 1595 957 1652 primogenita
994 1593 1303 1653 Aegyptiorum
1345 1591 1639 1644 intelliguntur

207 1692 292 1717 esse
324 1675 473 1723 deleta,
503 1673 583 1714 nisi
611 1685 709 1730 post
737 1673 841 1714 haec
873 1671 1017 1712 omnia
1056 1671 1100 1711 in
1142 1667 1391 1710 infidelitate
1421 1670 1637 1724 perduret,

208 1764 248 1793 et
274 1750 385 1792 nolit
415 1748 587 1807 adjungi
618 1747 869 1790 Israeliticae
898 1746 1038 1803 plebi,
1079 1757 1126 1786 ut
1167 1756 1282 1786 exeat
1323 1744 1376 1785 de
1408 1745 1631 1800 profundo

207 1839 246 1870 et
277 1826 485 1879 evadatss)
515 1825 756 1874 incolumis,
785 1826 858 1866 sed
887 1824 932 1865 in
960 1822 1183 1879 iniquitate
1199 1832 1461 1877 permaneat,
1490 1833 1529 1863 et
1563 1823 1636 1863 de-

205 1906 380 1948 scendat
408 1915 612 1959 tanquam
641 1902 871 1958 plumbum
901 1901 945 1943 in
976 1916 1130 1956 aquam
1162 1898 1471 1940 validissimam.
1550 1898 1634 1940 lni-

208 1982 342 2039 quitas
373 1980 483 2022 enim
515 1980 750 2021 secundum
784 1977 1077 2032 Zachariae7)
1118 1977 1355 2033 prophetae
1396 1974 1529 2017 visum
1563 1992 1636 2016 su-

206 2076 284 2115 per
313 2059 520 2099 talentum
549 2055 719 2113 plumbi
749 2057 876 2099 sedet.
934 2055 993 2096 Et
1023 2054 1120 2095 ideo
1141 2054 1451 2110 quipermanet
1480 2052 1524 2093 in
1554 2051 1636 2094 ini-

207 2135 378 2192 quitate,
407 2147 612 2190 tanquam
631 2134 859 2189 plumbum
892 2132 1080 2184 demergi
1110 2130 1264 2172 dicitur
1285 2129 1330 2170 in
1352 2130 1635 2185 profundum.

207 2215 318 2256 Sane
349 2212 467 2269 quod
497 2211 541 2251 in
571 2209 863 2266 superioribus
889 2207 1213 2257 observavimus,
1246 2208 1456 2267 quaedam
1487 2207 1635 2263 prodi—

205 2291 270 2344 gia
302 2307 378 2345 per
408 2292 568 2339 Aaron,
600 2288 809 2344 quaedam
838 2303 915 2343 per
946 2287 1124 2335 Mosen,
1164 2283 1374 2341 quaedam
1413 2300 1513 2324 vero
1558 2299 1636 2339 per

204 2367 346 2423 ipsum
374 2366 617 2407 Dominum
648 2364 894 2413 ministrata,
925 2363 1100 2416 intelligi
1132 2374 1304 2404 eatenus
1345 2370 1546 2415 possunt,
1586 2370 1633 2400 ut

205 2460 483 2496 agnoscamus
521 2442 566 2484 in
607 2442 862 2499 quibusdam
901 2458 980 2498 per
1016 2440 1219 2482 sacrificia
1257 2444 1552 2494 sacerdotum,
1593 2454 1634 2484 et

324 2636 367 2687 ¹)
397 2637 521 2678 Jesai.
555 2638 646 2687 VII,
679 2639 745 2680 15.
863 2634 910 2691 2)
944 2634 1055 2678 Edd.
1084 2636 1283 2679 Men-lini:
1315 2635 1439 2688 eligit.

323 2706 369 2762 ³)
400 2706 553 2748 Psalm.
585 2706 722 2757 XXV,
753 2708 790 2749 7.
911 2705 957 2761 ⁴²)
988 2707 1100 2749 Edd.
1133 2706 1330 2748 Merlini:
1361 2706 1548 2752 mortali,

306 2777 364 2835 ¹⁵)
395 2777 504 2817 Edd.
537 2775 731 2818 Merlini:
766 2774 1097 2818 conversatione.

319 2846 366 2901 6>
395 2846 506 2889 Edd.
535 2846 730 2888 Merlini:
764 2847 897 2888 vadat.
1030 2846 1077 2901 7)
1110 2844 1199 2890 Cfr.
1229 2844 1407 2889 Zachar.
1439 2847 1493 2897 V,
1521 2846 1560 2890 6.
1591 2846 1629 2889 7.
