1752 3136
462 128 509 159 m
538 116 740 160 Exonum
771 115 971 159 HOMmA
1001 116 1092 158 VII.
1431 114 1486 159 77

68 230 275 288 Alioquin
304 228 462 273 indicio
492 229 618 271 nobis
649 240 707 271 est
735 229 822 270 Job
853 228 1120 287 justissimus,
1160 238 1201 269 et
1236 226 1367 269 totius
1394 226 1487 283 pie-

68 295 163 351 tatis
195 305 596 356 observantissimus,
626 304 698 361 qui
717 305 760 360 ¹)
790 322 813 346 a
844 305 981 361 capite
1008 322 1143 362 usque
1176 305 1229 346 ad
1259 305 1389 360 pedes
1418 319 1485 344 re-

68 386 212 443 pletur
239 386 381 425 ulcere
409 382 604 437 pessimo,
669 382 771 423 Non
811 381 874 423 his
905 398 1048 423 carere
1077 381 1276 423 dicuntur
1303 378 1485 421 infirmi-

68 462 234 510 tatibus,
265 459 336 515 qui
365 461 564 501 mandata
594 459 858 507 custodiunt,
899 459 973 499 sed
1016 475 1105 498 non
1144 458 1365 498 habebunt
1394 456 1487 497 illas

67 537 348 585 infirmitates,
399 550 501 589 quas
543 533 733 592 Aegyptii
786 535 957 575 habent.
1044 536 1255 592 Aegyptus
1299 549 1487 589 namque

69 615 252 655 mundus
281 610 510 663 figuraliter
540 611 788 666 appellatur.
842 610 1030 663 Diligere
1062 627 1160 663 ergo
1192 611 1415 659 mundum,
1447 621 1489 651 et

71 707 130 741 ea,
161 706 269 746 quae
297 693 342 731 in
371 688 537 728 mundo
569 698 676 736 sunt,
699 687 925 746 Aegyptius
954 688 1136 740 languor
1163 700 1232 729 est.
1278 687 1382 728 Dies
1405 688 1485 728 ob-

69 783 244 816 servare,
275 776 317 807 et
345 781 521 815 menses,
554 776 594 805 et
621 775 828 820 tempora,
860 765 972 817 signa
1005 765 1240 821 requirere,
1270 765 1487 807 stellarum

72 844 260 886 cursibus
291 844 532 891 adhaerere,
565 841 792 900 Aegyptius
821 842 1002 894 languor
1024 854 1093 883 est.
1141 842 1364 883 Deservire
1394 859 1488 883 car-

70 921 136 962 nis
166 920 367 971 luxuriae,
398 930 438 960 et
466 917 751 973 voluptatibus
783 934 960 973 operam
993 920 1106 968 dare,
1137 906 1286 960 vacare
1317 917 1490 969 deliciis,

73 996 298 1055 Aegyptius
318 997 499 1048 languor
529 1007 596 1036 est.
637 994 762 1035 Caret
778 1009 877 1045 ergo
902 994 965 1035 his
990 994 1308 1037 infirmitatibus
1328 1007 1369 1037 et
1397 996 1491 1036 lan-

75 1074 289 1127 guoribus,
321 1072 394 1129 qui
422 1073 620 1113 mandata
651 1070 845 1112 custodit.

185 1152 226 1194 3.
256 1150 358 1191 Post
377 1150 480 1190 haec
502 1147 614 1198 dicit,
645 1147 743 1203 quia
774 1148 1069 1204 ,‚venerunt²)
1091 1149 1135 1190 in
1153 1148 1279 1199 Elim,
1311 1161 1351 1192 et
1373 1162 1493 1192 erant

72 1226 132 1268 ihi
159 1226 388 1269 duodecim
416 1228 555 1267 fontes
587 1241 805 1281 aquarum,
838 1237 878 1266 et
905 1226 1166 1281 septuaginta
1194 1228 1368 1269 arbores
1397 1229 1491 1284 pal-

73 1309 278 1346 marum.“
349 1304 535 1344 Putasne
564 1303 693 1343 habet
722 1301 882 1358 aliquid
908 1302 1095 1353 rationis,
1126 1305 1245 1360 quod
1274 1321 1364 1346 non
1396 1316 1493 1346 ante

73 1381 118 1423 in
145 1381 261 1422 Elim
291 1379 461 1422 ducitur
490 1381 687 1436 populus,
717 1379 792 1420 ubi
810 1391 929 1420 erant
949 1380 1176 1422 duodecim
1198 1382 1339 1422 fontes
1361 1398 1493 1437 aqua-

73 1476 182 1507 rum,
214 1457 367 1513 quibus
395 1456 504 1498 nihil
535 1455 825 1497 amaritudinis
853 1456 1003 1508 inerat,
1030 1457 1118 1499 imo
1147 1457 1288 1514 potius
1310 1458 1497 1500 abierat

75 1533 305 1575 amoenitas
335 1532 522 1589 plurima
554 1549 600 1574 ex
633 1533 838 1574 densitate
865 1535 1128 1588 palmarum:
1158 1536 1232 1576 sed
1250 1535 1390 1592 primo
1415 1538 1495 1578 du-

80 1623 169 1652 ctus
213 1622 272 1652 est
312 1613 365 1653 ad
406 1627 533 1666 aquas
567 1611 688 1653 falsas
721 1620 761 1651 et
789 1626 974 1661 amaras,
1027 1611 1180 1667 quibus
1218 1629 1296 1668 per
1332 1612 1495 1665 lignum

76 1698 359 1729 monstratum
399 1705 422 1728 a
461 1687 654 1729 Domino
698 1687 892 1728 dulcibus
925 1688 1104 1739 effectis,
1143 1701 1291 1745 postea
1331 1688 1498 1730 venitur

79 1765 133 1806 ad
163 1763 334 1805 fontes?
394 1763 439 1805 Si
469 1763 687 1806 historiam
715 1766 850 1807 solam
888 1782 1137 1822 sequamur,
1182 1782 1274 1807 non
1311 1767 1498 1807 multum

78 1858 158 1883 nos
188 1841 381 1883 aedificat
409 1841 535 1892 scire,
567 1842 622 1883 ad
652 1858 779 1897 quem
809 1842 955 1884 locum
985 1842 1125 1899 primo
1157 1838 1340 1892 venerit,
1372 1853 1412 1883 et
1441 1842 1499 1882 ad

79 1934 204 1975 quem
234 1919 433 1960 secundo.
507 1918 554 1960 Si
592 1935 693 1960 vero
730 1918 938 1961 rimemur
980 1920 1025 1961 in
1065 1918 1129 1960 his
1158 1918 1403 1978 mysterium
1433 1918 1499 1961 la-

78 2007 182 2046 tens,
212 1995 448 2038 invenimus
478 1995 673 2038 ordinem
703 1995 815 2038 fidei.
883 1995 1031 2037 Primo
1076 1999 1187 2038 enim
1217 1996 1386 2037 ducitur
1415 2012 1497 2052 po-

81 2073 206 2128 pulus
236 2074 290 2114 ad
319 2072 485 2113 literam
516 2073 628 2126 legis.
680 2074 747 2114 Ab
771 2074 850 2114 hac
879 2073 997 2114 litera
1025 2073 1137 2126 legis,
1168 2074 1305 2114 donec
1328 2090 1498 2129 perma-

79 2160 154 2190 net
182 2148 226 2190 in
258 2149 537 2191 amaritudine
574 2165 671 2199 sua,
710 2152 909 2192 recedere
937 2166 1027 2191 non
1061 2162 1223 2205 potest3
1262 2167 1358 2191 cum
1395 2167 1497 2192 vero

80 2242 159 2282 per
188 2226 349 2279 lignum
378 2227 486 2268 vitae
517 2227 648 2269 dulcis
678 2227 804 2269 suerit
833 2228 1006 2277 effecta,
1045 2239 1084 2268 et
1113 2227 1290 2279 intelligi
1317 2228 1382 2267 lex
1412 2227 1499 2283 spi-

85 2302 291 2345 ritualiter
320 2305 530 2359 coeperit,
559 2297 661 2344 tu‘nc
693 2305 746 2345 de
775 2304 903 2344 veteri
933 2316 1182 2346 testamento
1214 2303 1415 2344 transitur
1444 2305 1501 2344 ad

85 2396 268 2431 novum,
300 2391 341 2421 et
370 2380 536 2421 venitur
573 2382 626 2422 ad
667 2381 896 2422 duodecim
926 2380 1194 2436 Apostolicos
1225 2381 1376 2421 sontes.
1434 2379 1501 2420 Ibi

89 2459 211 2500 etiam
254 2459 427 2500 arbores
462 2456 728 2513 reperientur
774 2457 1032 2513 septuaginta
1073 2459 1328 2514 palmarum.
1399 2457 1502 2499 Non

91 2534 201 2576 enim
232 2535 313 2577 soli
343 2535 570 2591 duodecim
592 2534 790 2590 Apostoli
808 2534 937 2575 fidem
956 2533 1108 2576 Christi
1136 2534 1502 2590 praedicaverunt,

87 2614 160 2656 sed
190 2623 231 2654 et
261 2611 330 2654 alii
358 2610 618 2669 septuaginta
646 2610 759 2652 missi
787 2612 841 2652 ad
870 2611 1206 2666 praedicandum
1223 2612 1400 2654 verbum
1418 2610 1503 2653 Dei

206 2787 251 2843 ¹)
280 2787 361 2831 Ed.
391 2786 524 2828 Ruaei
554 2787 664 2827 sola:
696 2784 793 2842 quia
824 2802 847 2827 a
879 2785 1013 2842 capite
1044 2798 1119 2828 etc.

207 2856 255 2912 ²)
284 2857 421 2900 Exod.
456 2856 550 2909 XV,
577 2857 645 2901 27.
677 2880 732 2889 —
761 2855 873 2900 Edd.
905 2856 967 2901 Μ.
997 2869 1036 2899 et
1065 2856 1133 2898 R.:
1164 2856 1372 2908 „Helim.“
