1752 3136
249 158 335 202 210
846 155 1070 198 Omessms

258 277 311 318 eti
344 274 525 332 Spiritus
543 273 589 329 ¹)
621 270 748 314 virtus
777 269 1059 326 septemplicis
1089 268 1244 323 gratiae
1273 271 1351 312 sub
1374 273 1574 331 mysterio
1607 276 1679 316 de-

257 354 458 407 signatur.
519 350 723 406 Quatuor
752 364 914 390 cornua
947 346 1109 397 altaris,
1153 363 1261 402 quae
1292 350 1494 402 sanguine
1524 349 1680 393 liniun-

256 442 348 481 tur,
388 428 546 470 Christi
587 427 828 484 passionem
872 423 1020 466 referri
1070 436 1258 480 quatuor
1294 425 1533 477 Evangeliis
1571 427 1680 469 indi-

259 518 368 557 cant,
398 506 472 563 qui
499 521 644 563 penna
674 502 829 562 jecoris
860 503 1053 544 offertur.
1112 501 1160 543 In
1193 501 1335 558 jecore
1364 502 1426 544 ira
1456 503 1682 561 jugulatur.

257 585 308 625 In
338 599 480 640 penna
514 583 657 632 velox,
699 592 738 622 et
779 578 946 622 concita
984 578 1042 620 vis
1072 580 1229 620 suroris
1261 579 1507 622 ostenditur.
1567 579 1686 621 Reli-

259 678 366 717 quus
397 672 539 702 autem
568 656 747 711 sanguis,
777 656 850 711 qui
881 656 935 696 ad
964 655 1086 697 basin
1116 656 1256 698 altaris
1288 656 1535 706 effunditur,
1564 668 1685 713 puto,

258 737 378 793 quod
407 735 518 777 illius
548 734 704 787 gratiae
733 734 918 773 formam
951 730 1159 783 designet,
1198 732 1342 788 qua2)
1372 734 1415 775 in
1447 734 1685 775 novissimis

259 813 408 854 diebus
438 822 719 867 posteaquam
750 806 974 863 plenitudo
998 806 1184 858 gentium
1212 809 1516 859 subintroierit,
1547 811 1685 852 omnis

259 890 332 945 qui
362 889 550 944 reliquus
578 886 708 927 suerit
736 883 878 934 Israel,
927 884 982 924 ad
1011 882 1210 924 ultimum
1243 886 1354 925 velut
1392 886 1445 926 ad
1478 886 1596 928 basin
1624 888 1685 927 al-

258 966 355 1008 taris
384 964 563 1022 positus,
592 961 847 1005 effusionem
884 958 1043 1001 Christi
1070 960 1283 1012 sanguinis
1314 961 1438 1003 etiam
1470 962 1559 1017 ipse
1597 979 1687 1004 sus-

259 1043 402 1100 cipiet.
457 1041 528 1082 De
558 1040 672 1094 agnis
702 1055 818 1088 vero,
849 1049 889 1079 et
919 1036 1091 1088 hoedis,
1123 1039 1432 1080 turturibusaet
1464 1038 1688 1088 columbis,

261 1121 335 1162 sed
379 1130 418 1160 et
457 1117 593 1160 simila
626 1131 850 1172 conspersa
889 1114 934 1155 in
964 1114 1085 1165 oleo,
1126 1126 1200 1156 aut
1238 1115 1281 1156 in
1319 1115 1503 1171 panibus
1534 1115 1688 1175 azymis

261 1209 397 1246 cocta,
431 1206 640 1252 quantum
670 1208 737 1233 res
765 1190 856 1248 pati
883 1191 1037 1247 potuit,
1067 1207 1191 1248 supra
1225 1191 1385 1233 dictum
1419 1204 1487 1234 est.

370 1275 412 1317 6.
441 1271 674 1314 Videamus
703 1284 844 1318 nunc,
891 1283 1000 1324 quae
1037 1269 1102 1309 lex
1131 1267 1394 1324 proponitur
1421 1269 1466 1311 in
1500 1271 1688 1324 offeren-

260 1350 324 1393 ‹lis
354 1348 500 1391 hostiis
528 1363 609 1404 pro
640 1356 829 1402 peccato.
885 1343 1029 1400 ‚,Et3)
1057 1345 1228 1386 locutus
1259 1357 1330 1395 est,
1358 1345 1512 1402 inquit,
1531 1347 1688 1388 Domi—

259 1444 340 1468 nus
373 1427 427 1467 ad
455 1425 625 1473 Mosen,
656 1421 820 1464 dicens:
848 1420 987 1462 anima
1018 1420 1052 1463 si
1083 1437 1165 1476 qua
1196 1421 1386 1472 latuerit,
1417 1434 1457 1463 et
1486 1439 1688 1478 peccave-

260 1503 314 1545 rit
344 1518 436 1543 non
464 1502 610 1542 volens
639 1515 663 1541 a
701 1497 854 1541 sanctis
885 1496 1079 1547 Domini,
1109 1498 1263 1538 offerat
1300 1513 1381 1552 pro
1419 1498 1575 1540 delicto
1610 1515 1688 1540 suo

261 1580 437 1623 arietem
474 1578 797 1619 immaculatum
841 1575 894 1616 de
934 1573 1105 1625 ovibus,
1152 1585 1314 1615 emtum
1351 1576 1490 1632 pretio
1530 1575 1691 1628 argenti

262 1657 366 1699 siclo
398 1666 559 1705 sancto,
587 1654 632 1696 in
665 1670 731 1703 eo,
762 1652 880 1709 quod
911 1651 1103 1707 deliquit,
1135 1663 1175 1692 et
1203 1652 1319 1708 quod
1342 1653 1528 1708 peccavit
1557 1670 1693 1696 asan-

264 1733 352 1783 etis,
377 1732 548 1782 reddet,
590 1741 631 1772 et
660 1730 825 1786 quintas
857 1719 1026 1784 adjiciet
1065 1729 1119 1769 ad
1159 1728 1292 1779 illud,
1334 1741 1373 1769 et
1412 1729 1531 1771 dabit
1567 1731 1689 1772 illum

262 1808 485 1857 sacerdoti,
515 1819 554 1848 et
583 1807 779 1849 sacerdos
811 1803 1002 1847 exorabit
1031 1821 1112 1859 pro
1146 1820 1196 1845 eo
1227 1804 1274 1846 in
1304 1804 1432 1846 ariete
1462 1807 1617 1856 delicti,
1651 1819 1699 1848 et*

262 1884 498 1927 remittetur
527 1883 603 1925 ei.“
661 1883 709 1923 ln
741 1881 1032 1939 superioribus
1062 1879 1245 1933 legibus,
1277 1898 1386 1937 quae
1417 1883 1470 1923 de
1498 1883 1689 1924 immun-

263 1961 390 2002 ditiae
419 1958 632 2002 sacrificiis
662 1960 968 2010 reserebantur,
997 1956 1132 1999 sicubi
1163 1958 1311 2000 dixerit
1325 1958 1369 2016 ⁴²)
1403 1961 1690 2010 offerendum,

263 2038 382 2079 verbi
412 2052 560 2087 causa,
590 2053 726 2086 ovem,
758 2047 828 2077 aut
857 2036 1072 2086 hoedum,
1110 2035 1357 2090 addidit:⁵)
1388 2038 1505 2093 quod
1536 2037 1569 2079 si
1598 2054 1687 2079 non

262 2115 418 2158 sufficit
446 2131 598 2156 manus
628 2113 715 2170 ejus
746 2114 800 2154 ad
831 2113 1034 2162 hoedum,
1066 2125 1137 2154 aut
1158 2114 1208 2154 ad
1231 2129 1398 2166 agnum,
1431 2113 1581 2155 offerat
1610 2131 1689 2170 par

261 2205 489 2242 turturum,
520 2204 591 2233 aut
624 2191 731 2231 duos
761 2189 904 2246 pullos
934 2190 1218 2232 columbinos.
1276 2191 1331 2232 Et
1359 2191 1537 2232 iterum:
1569 2193 1687 2246 quod

262 2269 295 2310 si
323 2285 403 2310 nee
433 2269 487 2309 ad
517 2268 601 2308 hoc
630 2266 822 2317 sufficiet,
854 2267 1007 2307 offerat
1037 2267 1327 2320 similaginem.
1396 2269 1446 2308 ln
1478 2267 1555 2308 hac
1585 2283 1685 2308 vero

261 2346 366 2399 lege,
395 2344 470 2387 ubi
500 2346 554 2387 de
584 2356 774 2401 peccam,
805 2345 923 2400 quod
953 2343 996 2385 in
1021 2345 1170 2385 sanetis
1188 2344 1479 2392 committitur,
1511 2343 1687 2393 disserit,

261 2425 425 2464 nullam
454 2421 794 2464 substitutionem
824 2419 1037 2462 inferioris
1060 2422 1223 2463 hostiae
1256 2421 1477 2470 secundae,
1506 2422 1572 2462 vel
1601 2433 1686 2462 ter·

264 2499 346 2540 tiae
380 2499 646 2551 subrogavit,
691 2501 766 2541 sed
811 2499 952 2539 statuit
990 2499 1129 2539 solum
1171 2499 1341 2540 arietem
1384 2499 1684 2540 offerendum:

261 2592 340 2617 nec
371 2577 491 2617 aliter
521 2575 704 2618 ostendit
732 2575 838 2617 solvi
867 2591 992 2632 posse
1019 2587 1261 2631 peccatum,
1301 2576 1418 2631 quod
1460 2575 1506 2616 in
1543 2588 1685 2618 sancta

380 2699 566 2797 ¹)RCod.
606 2701 881 2754 Sangerman.
922 2702 1072 2744 habet:
1114 2700 1313 2758 „spiritus
1347 2700 1550 2758 simplicis
1590 2717 1685 2754 gra-

257 2757 380 2799 tiae.“
452 2788 460 2797 .

376 2827 424 2882 ²)
451 2826 566 2868 Edd.
595 2825 794 2869 Martini:
824 2826 935 2883 quia.
1054 2827 1101 2884 ³)
1130 2827 1258 2870 Levit.
1292 2830 1344 2877 V,
1375 2828 1442 2870 14.
1473 2827 1539 2872 15.
1570 2828 1635 2870 16.

376 2895 424 2952 ⁴²)
452 2896 563 2939 Edd.
593 2896 790 2940 Merlini:
820 2897 932 2940 dixit.
1054 2897 1099 2953 ⁵)
1129 2897 1240 2940 Edd.
1270 2897 1466 2941 Merlini:
1497 2896 1626 2941 addit.
