1752 3136
488 123 536 153 m
564 111 821 154 LEv1r1c-UM
852 109 1053 152 HoMmA
1070 111 1183 152 VIII.
1462 116 1544 161 331

133 239 205 264 cus
237 233 382 272 tortus,
411 223 598 264 sociatur
632 234 674 263 et
709 223 924 278 hyssopus.
1000 221 1226 277 Coccus¹)
1265 234 1402 266 tortus
1440 227 1547 280 figu-

132 316 223 340 ram
254 299 360 341 sacri
389 299 599 352 sanguinis
630 297 841 349 continet,
881 298 953 354 qui
984 299 1038 339 de
1070 298 1156 355 ejus
1188 300 1317 341 latere
1348 318 1426 357 per
1454 304 1547 344 lan-

131 392 228 418 ceae
268 377 418 417 vulnus
458 387 625 416 exortus
666 386 735 417 est.
795 374 938 431 „Et²)
978 376 1224 434 hyssopus.“
1283 379 1379 419 Hoc
1418 397 1546 433 genus

129 453 287 495 herbae
315 463 508 493 naturam
540 451 696 492 habere
735 451 887 494 medici
925 441 1089 503 ferunt,
1133 464 1181 494 ut
1223 455 1356 496 diluat
1397 469 1437 498 et
1477 475 1545 499 ex-

127 540 290 586 purget,
326 528 360 570 si
401 544 507 583 quae
551 528 650 570 illae
680 528 844 585 pectori
882 529 1109 571 hominum
1139 533 1286 573 sordes
1318 549 1365 573 ex
1397 552 1546 577 corru-

127 605 277 662 ptione
305 604 420 646 noxii
450 605 643 647 humoris
672 605 914 649 insederint.
978 605 1109 648 Unde
1148 617 1188 646 et
1224 611 1459 652 necessario
1501 612 1546 654 in

125 682 426 738 expurgatione
456 695 728 739 peccatorum
760 682 1057 740 hujuscemodi
1087 684 1284 736 graminis
1304 688 1434 741 figura
1457 707 1546 732 sus-

126 770 244 816 cepta
285 771 356 802 est.
426 759 654 816 Coccus3)
691 776 792 801 vero
824 762 943 816 quod
972 778 1098 816 saepe
1126 775 1288 806 sumtus
1318 765 1367 806 sit
1397 767 1450 807 ad
1481 784 1547 808 sa-

122 837 220 879 lutis
249 837 453 888 subsidia,
504 838 549 879 in
590 836 927 880 divinisreferri
969 838 1256 881 voluminibus
1296 841 1546 894 invenimus,

122 914 229 957 sicut
257 914 301 955 in
332 926 457 970 partu
483 913 686 964 Thamar,
719 930 817 955 cum
852 914 1063 968 ‚,unus‚‘²)
1093 914 1253 971 inquit,
1292 918 1412 973 prior
1441 937 1545 975 pro-

124 991 222 1034 tulit
248 1009 434 1034 manum.
493 991 724 1047 Accipiens
756 1003 896 1032 autem
929 992 1128 1033 obstetrix
1159 1009 1358 1043 coccum,
1403 996 1546 1050 alliga..

125 1069 184 1111 vit
211 1070 257 1111 in
287 1085 418 1110 manu
449 1067 548 1126 ejus,
579 1070 741 1110 dicens:
772 1068 841 1109 hic
871 1068 999 1109 exibit
1026 1070 1187 1125 prior.“
1239 1070 1324 1112 Sed
1357 1084 1395 1112 et
1424 1074 1544 1116 Raab

122 1145 333 1196 meretrix,
362 1143 458 1186 cffm
490 1145 777 1201 exploratores
807 1146 1067 1201 suscepisset,
1099 1157 1138 1187 et
1167 1159 1339 1202 pactum
1372 1150 1477 1206 ab⁵)
1498 1151 1546 1193 iis

121 1223 264 1265 salutis
283 1223 503 1280 acciperet,
535 1234 575 1264 et
598 1221 682 1263 illi:
711 1220 928 1279 ‚,p0ne,⁶)
957 1222 1167 1279 inquiunt,
1184 1224 1349 1277 signum
1371 1227 1545 1269 resticu-

124 1301 209 1341 lam
242 1300 500 1350 coccineam,
528 1311 567 1341 et
596 1299 784 1352 alligabis
803 1316 895 1341 eam
924 1300 967 1341 in
989 1303 1172 1342 fenestra
1198 1300 1288 1354 ista,
1318 1320 1396 1359 per
1419 1321 1546 1361 quam

123 1377 356 1444 deposuisti
383 1383 502 1420 nos.“
562 1377 753 1419 Observa
782 1388 924 1418 tamen
956 1389 993 1419 et
1023 1379 1153 1429 illud,
1192 1381 1312 1434 quod
1340 1396 1430 1422 non
1459 1382 1548 1438 ipse

124 1456 321 1497 sacerdos
352 1454 575 1496 immolare
592 1453 788 1505 gallinam
820 1455 995 1496 dicitur:
1024 1456 1223 1497 nondum
1252 1456 1365 1498 enim
1395 1458 1546 1511 dignus

127 1542 186 1573 est
214 1532 294 1582 hic,
327 1530 400 1587 qui
434 1531 513 1573 fuit
541 1531 746 1586 leprosus,
776 1543 822 1573 ut
850 1531 941 1587 ipse
970 1533 1165 1573 sacerdos
1195 1549 1274 1588 pro
1309 1551 1359 1576 eo
1390 1534 1546 1577 immo-

123 1610 206 1661 let„
250 1608 435 1664 Propter
465 1608 583 1663 quod
611 1624 690 1649 nec
720 1608 885 1660 sanguis
905 1608 1085 1661 gallinae
1108 1609 1289 1652 offertur
1315 1613 1370 1653 ad
1401 1614 1545 1665 altare,

122 1685 196 1728 sed
229 1683 343 1737 dicit,
376 1684 472 1742 quia
504 1685 722 1726 occidetur
750 1685 902 1736 gallina
931 1687 976 1727 in
1006 1689 1177 1728 vasculo
1210 1687 1351 1739 fictili,
1380 1689 1425 1730 in
1456 1708 1542 1747 quo

123 1778 216 1823 yase
246 1778 355 1818 aqua
383 1762 473 1803 viva
504 1761 554 1802 sit
583 1760 731 1812 missa,
775 1772 823 1802 ut
851 1772 891 1803 et
922 1777 1030 1817 aqua
1062 1764 1307 1806 adsumatur
1337 1768 1391 1807 ad
1425 1769 1544 1823 puri-

122 1838 379 1892 ficationem,
413 1849 452 1879 et
486 1840 754 1893 compleatur
789 1838 1015 1894 plenitudo
1054 1841 1237 1898 mysterii
1276 1842 1321 1882 in
1361 1860 1469 1900 aqua
1505 1858 1546 1887 et

122 1915 350 1970 sanguine,
391 1917 509 1971 quod
548 1916 762 1971 dicitur-⁷)
811 1916 938 1959 exisse
969 1918 1022 1958 de
1050 1917 1182 1958 latere
1213 1918 1463 1971 Salvatoris,
1504 1934 1545 1963 et

122 1993 231 2034 illud
261 1992 554 2044 nihilominus,
592 1996 710 2050 quod
739 1995 930 2036 Joannes
947 1994 993 2050 ⁸)
1022 1994 1148 2051 ponit
1176 1995 1221 2036 in
1251 1996 1428 2052 epistola
1455 2016 1543 2050 sua,

243 2173 287 2228 1>
317 2173 430 2218 Edd.
465 2174 528 2216 Μ.
560 2188 598 2217 et
626 2177 678 2221 R,
717 2177 800 2218 hoc
831 2177 956 2227 loco,
1000 2178 1075 2219 cfr.
1116 2194 1209 2233 pag.
1249 2177 1345 2221 330.
1385 2190 1475 2220 not.
1505 2180 1544 2223 5.

126 2229 319 2281 „Coccus
347 2237 525 2272 tortus.“

241 2298 286 2354 ²)
317 2299 428 2341 Edd.
459 2301 521 2345 M.
553 2302 635 2344 hoc
674 2320 848 2360 quoque
885 2304 1008 2353 loeo,
1048 2304 1125 2345 cfr.
1166 2320 1208 2359 p.
1248 2305 1343 2348 330.
1385 2318 1473 2347 not.
1505 2309 1543 2350 5.

125 2356 204 2407 „Et
234 2356 510 2414 hyssopum.“

242 2426 288 2482 ³)
319 2426 429 2469 Edd.
460 2428 520 2468 Μ.
550 2429 633 2468 hoc
663 2428 775 2477 loco,
808 2431 880 2470 cfr.
910 2445 1004 2486 pag.
1025 2429 1114 2488 huj.
1144 2443 1233 2473 not.
1256 2434 1292 2476 1.
1324 2408 1544 2483 „Coccum

125 2498 226 2524 vcro
259 2485 378 2539 quod
407 2500 531 2540 saepe
559 2496 744 2526 sumtum
775 2487 850 2526 sit“
872 2498 950 2528 etc.

243 2552 290 2608 4)
323 2552 473 2595 Gencs.
498 2553 746 2605 XXXVIII,
775 2556 842 2599 28.

243 2622 288 2678 ⁵)
318 2623 484 2666 Desunt
515 2626 662 2666 verba:
693 2626 774 2676 „ab
805 2625 879 2668 iis“
910 2626 954 2668 in
985 2627 1049 2668 cd.
1082 2627 1134 2670 R.

242 2692 291 2747 6)
322 2693 410 2735 Jos.
440 2693 493 2744 II,
525 2696 589 2738 18.

246 2762 291 2816 ⁷)
321 2762 397 2803 Ev.
428 2762 586 2807 Joann.
613 2765 734 2814 XIX,
763 2766 831 2808 3-1.

244 2833 292 2888 8>
324 2833 410 2876 Csr.
441 2834 461 2876 I
489 2835 646 2880 Joann.
679 2836 731 2889 V,
761 2836 798 2880 6.
829 2837 871 2881 8.
