1752 3136
487 169 534 199 m
563 156 818 197 LEvrrxctm
848 153 1048 195 HommA
1074 153 1188 194 XIV.
1465 152 1550 195 415

131 272 173 313 in
208 270 429 319 manibus,
475 269 695 325 Scriptura
734 283 825 308 non
865 276 1010 322 aperte
1051 265 1302 318 designavit,
1331 262 1428 319 quia
1460 265 1548 312 iste

131 348 204 403 qui
236 364 283 387 ex
315 348 401 386 Aeo
380 347 519 405 gyptio
551 361 679 397 genus
712 344 838 393 ducit,
868 337 1130 383 maledixeiit
1158 344 1324 391 Deum,
1351 342 1424 383 sed
1459 352 1550 380 tan-

130 437 219 465 tum
249 423 406 480 posuit,
437 422 534 479 quia
564 439 790 463 nomlnans
820 420 1165 469 male‹lixe1it,et
1194 419 1394 474 reliquit
1383 436 1424 459 m
1458 434 1546 457 me-

130 502 226 551 dio,
263 501 328 541 vel
366 502 419 542 de
456 500 576 549 Deo,
626 500 691 540 vel
733 499 786 539 de
815 497 990 538 homine
1017 496 1331 552 suspicandum.
1418 495 1549 535 Unde

128 579 233 619 mihi
263 578 427 619 videtur
455 576 615 617 idcirco
646 575 832 617 noluisse
861 585 1006 629 aperte
1044 575 1097 614 de
1127 574 1223 615 Deo
1255 571 1547 628 pronuntiare,

127 674 182 697 ne
212 657 265 696 de
294 653 540 695 hominibus
571 653 784 693 videretur
823 652 984 693 dedisse
1011 651 1244 700 licentiam,
1285 662 1325 690 et
1355 651 1452 691 ideo
1483 650 1547 689 vel

129 735 181 780 de
213 733 324 782 Deo,
353 733 419 772 vel
450 731 504 771 de
530 730 705 771 homine
735 729 909 778 siluisse,
940 740 988 769 ut
1019 730 1071 768 de
1101 740 1285 784 utroque
1317 739 1547 769 caveretur.

237 811 276 852 3.
308 810 469 849 Verum
502 806 704 862 quoniam
734 806 981 847 sententiam
1015 805 1212 861 Apostoli
1230 803 1547 860 proposuimus,

127 888 199 943 qui
231 887 333 929 dicit
362 884 594 926 maledicos
624 901 645 924 a
677 900 807 936 regno
841 883 921 925 Dei
957 884 1254 931 excludendos,
1286 881 1446 937 aliquid
1477 897 1546 920 ex-

126 964 262 1019 poscit
290 963 367 1004 iste
406 978 545 1003 sermo
576 961 736 1010 solatii,
779 977 834 1002 ne
879 960 1057 1002 omnino
1097 959 1440 1016 desperationem
1483 958 1544 997 vi-

126 1044 304 1082 deamur
342 1040 532 1081 indicere
572 1038 644 1088 iis,
695 1038 768 1094 qui
814 1038 1062 1093 quotidiana
1113 1053 1222 1093 pene
1263 1035 1546 1076 maledicendi

124 1116 432 1158 consuetudine
462 1117 706 1172 rapiuntur,
747 1128 787 1156 et
828 1115 893 1156 ori
931 1131 1008 1156 suo
1051 1113 1253 1154 adhibere
1294 1113 1545 1162 custodiam,

125 1195 187 1234 vel
221 1193 375 1234 ostium
404 1192 631 1245 negligunt.
697 1191 995 1233 promissionis
1036 1193 1204 1231 futurae
1230 1207 1321 1231 non
1343 1208 1452 1231 unus
1487 1202 1545 1230 est

122 1273 290 1321 modus,
319 1286 459 1326 neque
488 1270 665 1325 simplex
696 1269 878 1326 species:
915 1271 989 1310 sed
1018 1269 1125 1310 sieut
1155 1267 1301 1309 docuit
1329 1267 1420 1323 ipse
1448 1267 1544 1308 Do-

122 1349 262 1389 minus
294 1347 340 1388 in
370 1347 613 1400 Evangelio,
635 1346 677 1402 ¹)
710 1364 806 1387 cum
838 1348 984 1387 beatos
1017 1346 1119 1386 dicit
1148 1362 1355 1402 pauperes
1383 1345 1546 1401 spiritu,

123 1439 162 1467 et
191 1425 383 1481 ipsorum
415 1424 517 1465 dicit
547 1441 632 1466 esse
661 1441 838 1477 regnum
878 1425 1112 1465 coelorum.
1179 1424 1236 1464 Et
1264 1423 1364 1463 item
1395 1424 1543 1462 beatos

122 1502 224 1544 dicit
253 1501 386 1551 mites,
413 1518 491 1541 nec
521 1513 663 1542 tamen
695 1501 743 1541 iis
773 1503 993 1542 coelorum
1023 1516 1164 1552 regna,
1195 1501 1268 1541 sed
1289 1512 1425 1540 terrae
1444 1500 1543 1538 liae·

122 1581 343 1620 reditatem
372 1578 593 1634 promittit.
635 1577 751 1618 Dicit
778 1580 924 1620 beatos
955 1591 995 1619 et
1024 1578 1236 1634 pacificos,
1259 1579 1332 1619 scd
1361 1593 1415 1616 ne
1444 1575 1543 1630 ipsis

124 1658 296 1713 quidem
334 1657 556 1697 coelorum
593 1672 770 1708 regnum
813 1656 952 1705 dedit,
998 1655 1106 1697 filios
1156 1667 1297 1696 tamen
1345 1671 1415 1695 eos
1457 1654 1542 1695 Dei

123 1751 210 1777 esse
247 1733 510 1790 pronuntiat.
595 1733 651 1775 Et
700 1751 796 1775 cum
836 1733 1006 1775 diversis
1054 1734 1213 1774 diversa
1261 1731 1540 1788 repromittat,

122 1828 269 1854 omnes
298 1812 445 1853 beatos
477 1810 592 1860 dicit,
625 1811 697 1867 qui
728 1813 781 1852 ad
812 1811 1017 1867 promissa
1047 1810 1328 1865 pervenerint,
1356 1825 1443 1849 non
1476 1820 1540 1849 ta-

120 1906 219 1930 men
259 1888 458 1930 omnibus
499 1890 719 1930 coelorum
761 1905 886 1941 regna
926 1887 1195 1944 promisit.²)
1265 1887 1410 1928 Potest
1440 1903 1538 1938 ergo

119 1965 226 2015 fieri,
254 1977 300 2006 ut
329 1965 480 2021 aliquis
508 1966 553 2007 in
584 1966 741 2008 ceteris.
759 1968 871 2007 forte
894 1962 1103 2021 operibus
1135 1977 1174 2005 et
1204 1965 1365 2005 actibus
1396 1980 1537 2004 emen-

121 2044 242 2083 datus
269 2042 322 2083 sit
352 2054 392 2083 et
420 2044 643 2098 perfectus,
671 2042 933 2098 subripiatur
963 2043 999 2082 ei
1028 2053 1170 2082 tamen
1190 2040 1420 2096 aliquando
1455 2039 1539 2079 oris

119 2118 233 2168 vitio,
262 2119 469 2175 lapsuque
497 2121 724 2161 sermonis:
762 2119 920 2175 huiess)
961 2119 1123 2160 etiamsi
1150 2119 1384 2160 secuudum
1418 2118 1539 2172 Apo-

120 2196 217 2238 stoli
245 2197 492 2238 sententiam
524 2209 730 2249 negantur
758 2212 885 2249 regna
915 2197 1151 2244 coelorum,
1182 2211 1275 2235 non
1305 2206 1446 2234 tamen
1477 2193 1538 2232 al-

118 2273 246 2316 terius
276 2273 547 2317 beatitudinis
577 2274 838 2323 abscinditur
861 2274 994 2316 locus.
1040 2274 1331 2314 Veruntamen
1362 2287 1412 2313 eo
1446 2287 1537 2312 ma-

236 2427 281 2483 ¹)
310 2427 463 2469 Matth.
494 2427 546 2477 V,
575 2428 615 2470 3.
643 2445 758 2483 seqq.

234 2496 280 2552 2>
313 2496 422 2539 Cod.
455 2497 727 2548 Sangerman.
758 2509 998 2548 „concessit
1005 2503 1028 2522 “
1056 2497 1106 2538 R.

233 2565 280 2619 3)
311 2565 421 2607 Edd
453 2566 643 2608 Merlini:
682 2567 781 2608 huic
813 2567 909 2608 licet
946 2583 1035 2607 non
1074 2565 1377 2621 promittantur
1406 2579 1535 2615 re‘na

121 2622 361 2671 coelorum,
403 2639 673 2678 nequaquam
704 2635 872 2674 tamen,
899 2624 933 2664 si
963 2623 1126 2672 doleat,
1157 2620 1428 2663 beatitudinis
1458 2623 1534 2660 ab·

119 2676 324 2718 scinditut
355 2679 495 2728 locus,
547 2696 621 2743 qu}
659 2681 804 2736 utique
832 2681 876 2721 in
906 2696 1036 2732 reguo
1067 2679 1287 2721 coelolum
1320 2689 1390 2718 cst.
1450 2679 1532 2717 Ve-

118 2750 214 2773 rum
247 2745 388 2775 tamen
420 2751 470 2776 eo
501 2752 645 2788 magis,
674 2737 707 2777 si
738 2754 828 2792 quls
864 2738 909 2778 in
949 2736 1095 2777 ceteris
1125 2738 1333 2799 perlectus
1364 2746 1441 2800 ⁸⁵..t’
1466 2750 1534 2774 ca-

118 2805 215 2830 vere
247 2791 391 2838 debet,
425 2808 478 2832 ne
509 2793 544 2832 ei
574 2792 811 2855 subripiens
841 2809 995 2849 pravae
1025 2791 1343 2834 consuetudinis
1372 2790 1531 2838 vitium,

119 2846 221 2886 dum
253 2848 476 2888 emendare
504 2847 692 2902 negligit,
732 2867 753 2890 a
795 2849 1066 2891 beatitudinis
1106 2865 1235 2904 reguo
1266 2847 1432 2905 penitus
1463 2863 1531 2888 cx-

117 2901 322 2944 cludatur
381 2903 609 2948 Possumus
641 2906 779 2948 adhuc
810 2908 966 2949 addere
997 2918 1073 2948 etc.
