1752 3136
455 155 501 185 m
530 142 785 183 Lssvrrmum
816 140 1017 183 nonum
1036 140 1153 183 XVI.
1432 142 1513 185 441

92 258 224 301 videri
266 267 444 313 possunt
483 256 586 297 haec
625 255 679 294 de
718 254 1017 309 corporalibus
1056 253 1197 294 bestiis
1236 252 1348 295 dicta
1389 254 1514 296 etiam

90 335 163 384 iis,
205 334 276 389 qui
318 335 439 374 valde
479 331 602 373 amici
645 342 742 371 sunt
777 330 954 371 literae?
1016 331 1255 385 Quomodo
1286 330 1399 372 enim
1429 332 1514 382 leo,

91 404 131 451 et
161 410 323 453 catulus
353 408 510 459 leonis,
551 408 616 448 vel
663 405 824 462 aspides
856 409 1044 449 volantes
1073 420 1251 464 possunt
1280 426 1408 465 super
1444 427 1515 451 ca·

88 488 225 529 melos
271 499 312 528 et
359 486 497 528 asinos
544 495 720 540 portare
761 483 924 526 divitias
971 484 1098 526 suas?
1169 485 1255 526 Sed
1297 486 1514 529 evidenter

90 565 321 606 contrarias
367 574 594 618 potestates
651 563 910 603 daemonum
969 562 1252 617 pessimorum
1300 565 1512 620 propheta

89 641 250 697 Spiritu
281 652 429 681 sancto
462 641 648 696 repletus
682 651 922 688 enumerat,
966 656 1122 694 eosque
1163 640 1375 682 collocare
1407 641 1512 682 divi-

89 719 165 759 tias
197 717 499 772 deceptionum
532 733 706 757 suarum
736 731 863 769 super
893 715 1054 756 animas
1082 715 1253 763 stolidas
1276 734 1512 773 perversas-

89 813 191 851 que,
235 811 336 850 quas
371 793 538 855 camelis
579 804 619 833 et
651 792 771 834 asinis
802 809 880 847 per
908 792 1086 845 figuram
1122 808 1362 850 comparet,
1402 797 1512 838 desi-

87 874 236 924 gnavit.
294 872 351 913 Et
380 871 429 912 iis
458 869 598 911 bestiis
628 886 682 910 ne
706 871 951 934 traderetur
980 870 1142 920 anima,
1176 872 1319 913 Deum
1358 872 1509 914 timens

86 952 234 990 orabat
265 949 477 1006 propheta
506 946 645 987 David
680 944 842 988 dIcens:
873 946 1050 1002 „non¹)
1079 949 1218 990 tradas
1248 949 1388 991 bestiis
1418 949 1512 992 ani-

85 1043 200 1068 mam
231 1027 505 1068 confitentem
533 1023 649 1068 tibi.“
717 1023 859 1079 „Et²)
891 1023 1202 1075 exterminabo,
1242 1026 1403 1082 inquit,
1432 1028 1508 1068 be-

85 1105 180 1147 stias
212 1104 413 1156 malignas
445 1104 498 1143 de
526 1113 638 1142 terra
668 1111 816 1151 vestra,
849 1112 887 1141 et
915 1116 1058 1156 pugna
1088 1118 1176 1143 non
1208 1103 1401 1145 transibit
1430 1122 1509 1161 per

84 1194 238 1223 terram
279 1184 500 1222 vestram.“
567 1171 732 1220 Multae
771 1188 869 1217 sunt
906 1193 1097 1232 pugnae,
1139 1196 1246 1234 quae
1289 1191 1509 1223 transeunt

82 1275 160 1315 per
179 1271 350 1299 terram
379 1268 594 1305 nostram,
632 1254 666 1295 si
695 1254 830 1306 legem
862 1254 946 1295 Dei
975 1271 1064 1296 non
1098 1256 1380 1308 custodimus,
1426 1275 1508 1299 nec

81 1345 308 1392 praecepta
341 1331 427 1389 ejus
457 1348 682 1374 servamus.
731 1332 894 1372 Redeat
914 1333 1205 1388 unusquisque
1235 1335 1289 1374 ad
1320 1335 1506 1377 animam

83 1427 216 1460 suam,
249 1422 287 1450 et
317 1410 407 1465 ipse
436 1426 480 1451 se
509 1408 675 1450 interna
701 1407 1002 1450 recordatione
1033 1409 1248 1460 discutiat,
1286 1422 1326 1451 et
1355 1410 1506 1463 videat,

83 1489 306 1544 quomodo
333 1498 445 1528 terra
475 1498 642 1536 nostra,
684 1486 730 1528 id
763 1498 843 1536 est,
885 1501 983 1527 caro
1015 1498 1181 1537 nostra,
1210 1505 1326 1530 nunc
1355 1489 1507 1545 spiritu

81 1563 391 1614 fornicationis,
421 1581 538 1605 nune
568 1565 655 1605 irae
687 1575 727 1604 et
755 1563 911 1605 furoris
941 1576 1136 1615 urgetur,
1164 1582 1280 1605 nunc
1311 1566 1508 1607 avaritiae

81 1642 229 1699 jaculis
261 1642 460 1693 agitatur,
490 1659 606 1683 nune
635 1626 726 1683 telis
755 1642 948 1697 pulsatur
983 1640 1189 1690 invidiae,
1218 1658 1334 1682 nunc
1363 1643 1507 1699 spicu-

82 1722 132 1766 lis
171 1719 360 1760 libidinis
400 1721 662 1767 terebratur,
714 1729 754 1758 et
789 1717 832 1758 in
876 1718 1202 1774 quibuscunque
1241 1719 1507 1776 concupiscit

82 1814 181 1838 caro
214 1798 412 1837 adversus
441 1796 649 1852 spiritum,
681 1808 720 1836 et
748 1794 915 1850 spiritus
942 1796 1139 1837 adversus
1161 1813 1343 1847 carnem,
1374 1798 1506 1838 inter-

79 1875 143 1916 nis
173 1873 347 1930 proeliis
375 1890 545 1929 semper
572 1873 760 1926 agitatur.
835 1872 955 1927 Quid
997 1885 1135 1914 autem
1179 1873 1315 1915 dicam
1348 1875 1400 1915 de
1431 1892 1506 1916 co-

81 1952 329 2003 gitationum
359 1952 523 2006 pugnis,
553 1968 656 2006 quas
689 1949 811 1992 cordi
841 1949 978 1991 nostri
1008 1949 1188 2001 suggerit
1217 1951 1426 2002 inimicus,
1457 1963 1504 1992 ut

79 2046 157 2070 nos
189 2040 310 2069 exuat
348 2044 370 2068 a
410 2028 495 2068 fide
536 2016 711 2078 Christi,
753 2039 793 2067 et
833 2028 885 2068 ab
929 2043 1004 2082 spe
1043 2026 1275 2068 vocationis
1306 2027 1504 2069 nostrae?

82 2106 193 2147 Cum
225 2106 339 2147 enim
369 2103 619 2145 afflictiones
649 2103 943 2153 tentationum,
976 2115 1016 2144 et
1045 2103 1318 2160 molestias&
1347 2103 1503 2146 saeculi

79 2183 340 2225 suscitaverit
369 2182 516 2231 nobis,
562 2192 871 2236 consequenter
907 2179 992 2237 jam
1032 2179 1210 2233 suggerit
1242 2180 1501 2232 cogitationi,

77 2261 342 2315 superfluum
393 2272 433 2300 et
472 2259 662 2315 ineptum
703 2276 788 2301 esse
828 2259 932 2299 haec
971 2258 1154 2298 tolerare
1191 2274 1271 2312 pro
1316 2257 1502 2308 Christo,

78 2339 216 2378 multo
249 2354 334 2379 esse
364 2337 514 2378 melius
542 2353 734 2385 securam
775 2348 814 2377 et
854 2336 944 2376 sine
974 2333 1340 2390 persecutionibus
1369 2334 1499 2376 vitam

78 2417 246 2456 ducere.
304 2414 422 2455 Haec
459 2412 591 2455 sciens
631 2424 672 2455 et
708 2412 942 2468 Apostolus
976 2411 1135 2452 Paulus
1166 2410 1356 2453 dicebat:
1398 2428 1498 2462 „co-

78 2491 358 2546 gitationes4)
389 2493 674 2541 destruentes,
713 2501 753 2530 et
794 2505 966 2532 omnem
997 2488 1265 2531 altitudinem
1296 2490 1498 2532 extollen-

198 2617 241 2671 Ι)
271 2617 426 2659 Psalm.
459 2615 695 2667 LXXXIV,
727 2616 792 2659 19.

192 2687 239 2742 ²)
270 2687 399 2728 Levit.
429 2686 589 2737 XXVI,
619 2687 658 2730 6.
688 2688 728 2730 5.

194 2757 240 2811 ³)
271 2757 386 2798 Libri
427 2756 527 2798 editi
564 2758 624 2813 (e.
656 2774 690 2799 c.
724 2757 818 2799 edd.
851 2755 957 2812 M.):
998 2754 1355 2808 „molestiarum.“
1392 2755 1493 2799 Mss.

75 2813 357 2865 „molestias.“
386 2814 437 2855 R.

193 2881 237 2938 4)
268 2883 306 2923 11
340 2882 440 2925 eor.
471 2883 526 2934 X,
556 2884 596 2926 5.
