1752 3136
427 187 475 217 m
504 174 761 216 anntcum
790 169 994 211 Honmm
1018 169 1069 211 ΙΙ.
1379 154 1463 213 195

40 304 147 338 mus,
177 286 393 330 enarravit.
449 286 519 327 De
548 283 700 332 anima,
731 297 859 337 quam
887 280 966 322 sub
1003 290 1182 335 peccato
1211 279 1365 320 factam
1398 280 1463 322 di-

40 364 97 406 cit
128 365 299 416 offerre,
326 363 505 421 qualiter
531 348 798 404 sentiendum
827 355 893 406 sit,
921 355 965 397 in
993 355 1301 412 superioribus,
1329 368 1463 413 prout

39 439 271 497 potuimus,
300 438 631 496 explanavimus:
671 435 789 492 quod
833 450 932 475 vero
963 432 1009 474 in
1037 434 1122 475 hoc
1151 434 1252 475 loco
1285 432 1462 485 addidit,

41 515 208 558 dicens:
254 514 419 568 „anima
439 515 482 570 ¹)
517 513 552 555 si
588 511 826 570 peccaverit
867 528 914 553 ex
950 511 1118 568 populo
1148 515 1333 552 terrae:“
1368 526 1462 552 non

37 592 143 634 mihi
171 592 336 633 videtur
364 591 560 633 otiosum.
622 582 733 645 Quis·
748 589 861 631 enim
882 589 1106 638 dubitaret,
1137 585 1240 643 quin
1265 603 1326 637 ea,
1358 603 1467 643 quae

41 669 142 711 dicit
171 669 259 718 lex,
288 669 341 709 ad
371 667 550 718 animas,
580 667 644 708 vel
676 667 729 708 ad
758 667 997 723 populum,
1036 663 1109 721 qui
1139 675 1238 706 sunt
1265 664 1311 705 in
1339 675 1467 712 terra,

40 744 312 787 dicerentur?
347 744 467 799 Quid
496 760 595 797 ergo
625 743 908 785 necessarium
938 742 1032 792 fuit,
1059 754 1107 783 ut
1137 743 1189 783 ad
1220 742 1318 791 hoc,
1348 742 1469 797 quod

42 820 161 864 dixit:
201 821 368 871 „anima
386 821 432 877 ²)
462 837 548 862 una
577 819 611 862 si
640 820 876 877 peccaverit
891 825 926 862 ;“
966 820 1162 861 adderet:
1196 835 1272 869 „ex
1301 813 1466 874 populo

40 896 230 940 terrae?“
288 898 374 939 Sed
403 898 634 940 videndum
666 908 737 948 est,
767 913 823 938 ne
851 898 963 939 forte
993 896 1047 938 ad
1069 893 1378 937 distinctionem
1412 896 1472 936 al-

41 973 170 1015 terius
200 974 366 1030 populi,
397 975 470 1030 qui
510 992 603 1016 non
641 985 702 1015 est
740 975 794 1015 de
831 985 965 1023 terra,
1011 973 1115 1014 haec
1156 971 1318 1021 anima,
1364 988 1473 1027 quae

41 1051 353 1108 peccaverit‚³)
386 1054 438 1093 de
466 1051 633 1107 populo
664 1061 801 1091 terrae
832 1067 918 1092 esse
948 1049 1126 1091 dicatur.
1175 1049 1328 1104 Neque
1358 1048 1472 1090 enim

45 1128 272 1169 convenire
302 1128 460 1170 dictum
492 1128 576 1168 hoc
603 1138 745 1184 potest
772 1126 854 1178 illi,
896 1125 969 1183 qui
1010 1125 1201 1167 dicebat:
1240 1137 1410 1175 „nostra
1428 1125 1474 1182 ⁴)

44 1216 186 1248 autem
218 1204 478 1246 conversatio
517 1204 563 1246 in
603 1203 731 1245 coelis
762 1215 845 1255 est,
884 1204 1002 1245 unde
1041 1215 1080 1244 et
1111 1202 1378 1244 salvatorem
1409 1219 1479 1243 ex-

43 1293 281 1339 spectamus
310 1281 553 1323 Dominum
581 1280 772 1322 Jesum.“
831 1280 1071 1336 Quomodo
1105 1296 1203 1333 ergo
1234 1279 1355 1322 istam
1386 1279 1477 1320 ani-

47 1374 160 1399 mam
189 1357 342 1400 merito
374 1357 551 1400 dixerim
582 1358 635 1399 de
664 1358 832 1414 populo
862 1369 1018 1408 terrae,
1059 1373 1167 1413 quae
1204 1356 1313 1398 nihil
1351 1357 1482 1399 habet

51 1451 282 1476 commune
314 1452 410 1476 cum
441 1447 577 1484 terra,
619 1436 693 1476 sed
731 1446 822 1476 tota
851 1434 896 1475 in
926 1433 1055 1475 coelis
1088 1446 1170 1483 est,
1215 1445 1256 1475 et
1283 1434 1343 1476 ibi
1373 1450 1480 1474 con-

0 1542 1 1562 ;
51 1522 253 1561 versatur,
281 1512 357 1553 ubi
388 1511 581 1552 Christus
621 1521 682 1551 est
710 1510 755 1551 in
788 1513 956 1552 dextera
992 1509 1077 1553 Dei
1108 1511 1280 1561 sedens,
1324 1527 1411 1566 quo
1443 1522 1484 1552 et

0 1606 3 1657 Ἰ
51 1587 192 1629 redire
223 1586 504 1642 desiderat,⁵)
536 1597 576 1627 et
606 1602 692 1628 esse
722 1604 819 1628 cum
852 1586 1048 1629 Christo:
1078 1588 1215 1628 multo
1248 1585 1360 1628 enim
1391 1604 1482 1628 me-

0 1689 3 1708 ι
52 1665 154 1707 lius:
184 1664 258 1706 sed
286 1679 538 1720 permanere
565 1663 612 1704 in
642 1679 768 1704 carne
794 1665 1077 1706 necessarium
1099 1662 1214 1705 ducit
1228 1662 1273 1718 ⁶)
1304 1675 1485 1719 propter

0 1763 5 1794 ρ
53 1739 165 1783 nos?
225 1740 341 1782 Haec
371 1740 483 1781 enim
516 1738 681 1789 anima,
725 1755 834 1795 quae
863 1752 1025 1797 peccat,
1070 1742 1123 1782 de
1151 1740 1319 1795 populo
1347 1751 1487 1781 terrae

57 1829 136 1869 est,
176 1816 330 1859 faciens
368 1833 505 1859 unum
544 1816 598 1856 ab
638 1815 839 1859 omnibus
871 1816 1080 1858 mandatis
1119 1814 1322 1866 Domini,
1369 1816 1490 1871 quod

55 1910 147 1937 non
178 1894 263 1937 fiet.
321 1893 411 1935 Diu
439 1909 509 1935 me
536 1891 581 1934 in
611 1893 697 1935 hoc
727 1910 925 1935 sermone
955 1893 1129 1950 quidam
1155 1904 1307 1948 stupor
1331 1890 1489 1933 attoni-

58 1982 150 2013 tum
179 1970 326 2013 tenuit.
385 1971 486 2012 Non
516 1968 630 2012 enim
659 1982 969 2027 consequenter
998 1970 1158 2012 dictum
1188 1968 1339 2021 video,
1372 1969 1493 2024 quod

58 2046 296 2105 peccaverit
326 2046 488 2099 anima,
536 2058 577 2088 et
613 2046 761 2088 fecerit
796 2065 930 2090 unum
973 2065 1021 2089 ex
1060 2046 1269 2088 mandatis
1299 2044 1495 2099 Domini,

61 2124 182 2180 quod
211 2140 300 2165 non
332 2125 417 2166 fiet.
476 2122 523 2165 Si
545 2122 659 2165 enim
686 2125 936 2167 mandatum
955 2124 1134 2167 Domini
1166 2134 1237 2173 est,
1269 2123 1495 2179 quomodo

61 2200 155 2243 fieri
193 2217 284 2241 non
327 2200 499 2255 debuit,
554 2217 651 2242 cum
686 2201 834 2257 utique
874 2203 928 2243 ad
980 2201 1065 2242 hoc
1106 2202 1261 2242 dentur
1297 2199 1498 2239 mandata

62 2276 259 2330 Domini,
290 2288 338 2319 ut
367 2276 502 2320 fiant?
558 2276 614 2319 Et
644 2277 866 2333 quomodo
898 2275 967 2318 hic
998 2275 1154 2319 dicitur
1182 2292 1375 2333 peccasse
1405 2274 1494 2316 ani-

183 2437 228 2492 ¹)
257 2435 386 2478 Levit.
417 2436 490 2487 IV,
519 2436 588 2479 27.

181 2506 226 2560 ²)
258 2504 386 2548 Levit.
417 2507 494 2555 IV,
521 2506 589 2548 27.

177 2575 230 2630 ³)
262 2575 370 2617 Cod.
410 2573 804 2629 Sangermanensis:
851 2572 1157 2631 ‚,peccaverit.“
1234 2571 1352 2613 Libri
1399 2572 1500 2614 editi

69 2633 130 2689 (v.
162 2648 197 2674 c.
230 2632 326 2673 edd.
357 2631 467 2688 M.):
497 2630 753 2688 ‚‚peccavit.“
782 2629 836 2676 R.

184 2700 231 2756 ⁴)
260 2699 450 2757 Philipp.
479 2701 554 2753 III,
581 2702 650 2744 20.

188 2770 234 2827 ⁶)
266 2770 355 2813 Csr.
386 2770 576 2827 Philipp.
605 2771 637 2820 I,
665 2771 736 2815 22.
763 2769 831 2813 23.

188 2841 236 2893 ⁶)
268 2840 377 2882 Cod.
408 2840 703 2893 Sangerman.:
734 2837 913 2892 „ducit-‘⁴
952 2836 1070 2881 Libri
1100 2837 1222 2882 editi:
1255 2837 1422 2891 „dicim
1452 2836 1501 2878 R.

71 2918 128 2931 —
155 2896 267 2939 Edd.
299 2896 496 2940 Merlini:
529 2897 714 2950 „ducit.“

1074 2999 1169 3043 13*
