1768 3107
257 91 287 132 2
862 87 1092 131 Omcssms

268 212 459 243 oratores
490 198 616 255 hujus
645 199 810 250 mundi,
842 200 916 256 qui
947 201 1059 241 velut
1088 216 1182 242 aves
1213 201 1323 243 coeli
1343 201 1505 243 levibus
1535 203 1700 258 pennis,

266 280 498 321 verborum
540 278 758 318 dumtaxat
793 293 979 334 pompa,
1020 278 1179 319 excelsa
1222 290 1436 321 sectantur
1475 292 1514 322 et
1553 282 1701 331 ardua,

269 367 310 397 ct
350 354 588 397 rationibus
619 354 732 410 capti
762 354 892 395 velint
923 355 1116 396 habitare
1146 355 1189 396 in
1223 356 1350 397 ramis
1380 356 1484 405 istis,
1529 358 1573 400 in
1605 358 1700 413 qui-

268 434 348 474 bus
392 449 483 474 non
528 432 736 487 loquendi
783 433 916 473 decor
958 444 1038 482 est,
1083 433 1157 475 sed
1197 433 1305 474 ratio
1343 433 1524 474 vivendi.
1582 434 1702 489 Quid

271 526 371 563 ergo
403 509 605 551 faciemus
638 521 677 549 et
706 526 787 550 nos
819 510 871 550 de
905 510 995 560 his,
1039 527 1147 566 quae
1174 512 1280 551 lecta
1311 523 1410 552 sunt
1440 510 1597 552 nobis?
1657 511 1704 553 Si

269 587 375 629 mihi
397 586 615 628 Dominus
641 587 878 627 concedere
901 587 1149 639 dignaretur
1170 587 1400 644 spiritualis
1426 588 1707 640 agriculturae

273 665 557 721 disciplinam,
588 662 621 704 si
651 662 848 718 peritiam
881 664 1052 705 colendi
1083 665 1191 706 ruris
1215 667 1407 715 donaret,
1437 682 1548 705 unus
1564 681 1705 705 sermo

272 760 318 784 ex
350 741 426 792 his,
459 757 568 797 quae
599 741 769 782 recitata
803 752 921 790 sunt,
960 741 1004 781 in
1045 753 1212 782 tantum
1254 753 1396 797 posset
1416 740 1457 797 ¹)
1489 742 1616 793 longe
1646 742 1706 782 la-

269 830 397 875 teque
429 817 636 867 diffundi,
683 818 715 859 si
756 829 896 858 tamen
939 829 978 858 ct
1018 819 1265 859 auditorum
1306 819 1512 875 capacitas
1541 819 1708 868 sineret,

271 909 319 938 ut
348 896 413 945 vix
442 895 567 937 nobis
600 895 652 935 ad
684 895 982 950 explicandum
1013 896 1229 936 sufficeret
1259 894 1360 936 dies.
1428 894 1710 937 Tentabimus

271 986 417 1017 tamen
447 990 528 1029 pro
561 970 718 1012 viribus
751 971 903 1014 nostris
933 972 1073 1027 aliqua
1103 971 1318 1020 disserere,
1351 971 1474 1013 etiam
1506 971 1539 1012 si
1570 988 1710 1027 neque

270 1050 396 1093 nobis
426 1048 619 1090 universa
652 1049 886 1105 explicare,
926 1065 1068 1104 neque
1098 1037 1217 1091 vobis
1248 1062 1398 1090 cuncta
1431 1050 1579 1090 audire
1608 1066 1709 1105 pos-

272 1128 397 1171 sibile
429 1138 501 1169 est.
561 1125 673 1180 Quia
707 1138 747 1168 et
778 1128 860 1168 hoc
890 1126 1030 1183 ipsum
1061 1142 1303 1179 agnoscere,
1336 1128 1455 1182 quod
1486 1144 1614 1183 supra
1648 1126 1706 1167 vi-

272 1223 339 1248 res
370 1216 536 1246 nostras
567 1203 619 1245 sit
648 1205 804 1245 horum
835 1203 1032 1253 scicntia,
1078 1220 1168 1244 non
1207 1220 1361 1260 parvae
1404 1203 1590 1244 arbitror
1621 1219 1707 1245 esse

270 1282 460 1340 peritiae.
519 1281 751 1323 Videamus
783 1298 902 1334 ergo,
937 1283 1039 1338 quid
1069 1267 1206 1322 statim
1237 1280 1281 1321 in
1311 1279 1440 1321 initiis
1474 1280 1615 1321 Exodi
1645 1281 1706 1320 le-

274 1359 357 1402 ctio
391 1360 626 1409 contineat,
667 1371 705 1401 et
744 1375 826 1415 qua
866 1376 1092 1416 possumus
1133 1359 1358 1408 brevitate,
1401 1370 1608 1414 quantum
1653 1359 1707 1398 ad

272 1437 615 1478 aedificationem
647 1436 894 1477 auditorum
923 1436 1093 1485 sufficit,
1122 1453 1452 1491 persequamur:
1491 1436 1524 1476 si
1564 1448 1707 1476 tamen

270 1515 472 1571 precibus
504 1513 647 1555 vestris
678 1511 838 1568 juvetis,
867 1524 914 1554 ut
943 1512 1051 1553 adsit
1080 1513 1206 1554 nobis
1238 1529 1378 1554 sermo
1409 1513 1520 1562 Dei,
1549 1524 1589 1554 et
1618 1512 1709 1569 ipse

273 1593 357 1633 dux
387 1591 524 1633 nostri
555 1590 750 1643 dignetur
781 1607 868 1632 esse
897 1590 1118 1632 sermonis.

384 1671 424 1712 2.
452 1667 661 1723 ‚‚Haec²)
692 1679 810 1717 sunt,
840 1666 991 1723 inquit,
1020 1666 1198 1708 nomina
1229 1666 1419 1708 filiorum
1450 1667 1602 1718 Israel,
1634 1666 1708 1722 qui

270 1745 445 1798 ingressi
483 1757 582 1786 sunt
617 1744 663 1785 in
702 1746 944 1803 Aegyptum
991 1761 1077 1786 una
1119 1762 1215 1785 cum
1265 1746 1400 1787 Jacob
1448 1757 1569 1800 patre
1617 1762 1708 1794 suo,

271 1824 568 1879 unusquisque
601 1839 698 1863 cum
728 1821 923 1862 universa
956 1822 1090 1863 domo
1121 1839 1193 1864 sua
1220 1823 1504 1863 intraverunt:
1537 1821 1707 1871 Ruben,

275 1899 468 1949 Simeon,
500 1899 613 1949 Levi,
643 1899 820 1948 Judas,“
854 1910 894 1939 et
924 1900 1051 1940 ceteri
1080 1899 1359 1954 patriarchae.
1419 1900 1609 1956 „Joseph
1631 1916 1705 1940 au-

271 1989 370 2027 tem,
399 1976 552 2032 inquit,
586 1989 675 2018 erat
711 1977 755 2017 in
796 1979 1002 2035 Aegypto.
1072 1976 1205 2018 Erant
1245 1989 1387 2019 autem
1429 1995 1577 2018 omnes
1615 1977 1707 2018 ani-

273 2070 371 2094 mae
403 2054 456 2094 de
488 2054 624 2095 Jacob
651 2053 914 2109 septuaginta
945 2053 1172 2110 quinque.“
1243 2055 1392 2097 Simile
1421 2056 1520 2096 huic
1551 2067 1706 2114 myste-

273 2130 339 2172 rio
372 2142 413 2172 et
440 2131 549 2172 illud
592 2148 677 2173 esse
718 2143 845 2187 puto,
887 2134 1004 2186 quod
1044 2148 1121 2187 per
1159 2133 1419 2188 prophetam
1460 2132 1636 2181 dicitur,
1673 2130 1707 2172 si

277 2208 368 2264 quis
401 2210 618 2250 advertere
647 2220 808 2264 potest:
839 2209 969 2263 ,‚in3)
1003 2211 1241 2267 Aegyptum
1273 2209 1490 2251 descendit
1516 2208 1704 2264 populus

273 2301 404 2336 meus,
436 2297 483 2326 ut
498 2284 543 2341 4)
573 2285 782 2328 habitaret
812 2285 896 2336 ibi,
929 2299 967 2327 et
997 2286 1040 2327 in
1073 2286 1264 2344 Assyrios
1296 2288 1333 2326 vi
1366 2287 1575 2326 abductus
1607 2289 1704 2325 est.“

273 2361 320 2403 Si
351 2361 441 2418 quis
473 2378 572 2415 ergo
603 2374 745 2418 potest
772 2362 953 2404 invicem
983 2363 1063 2405 sibi
1093 2364 1171 2405 ista
1204 2366 1421 2414 conferre,
1461 2373 1501 2403 et
1541 2378 1588 2402 ex
1628 2360 1705 2411 his,

392 2564 436 2619 ¹)
467 2564 578 2606 Edd.
609 2564 803 2607 Merlini:
828 2568 973 2622 possit.

390 2633 437 2690 ²)
469 2635 609 2676 Exod.
640 2635 671 2685 l,
703 2640 738 2679 1.
768 2638 884 2680 2.-
906 2638 943 2679 5.

383 2702 436 2759 ³)
467 2704 591 2748 Jesai.
625 2705 715 2756 LII,
744 2707 784 2748 4.

389 2770 435 2829 ⁴)
465 2774 644 2830 Aliquot
674 2776 793 2818 Mssa
825 2790 898 2829 „ut
936 2778 1145 2821 habitaret
1175 2777 1255 2829 ibi,
1286 2788 1327 2818 et
1358 2775 1630 2836 Assyriorum
1663 2775 1701 2815 vi

271 2829 481 2873 abductus
511 2837 610 2874 est.“
643 2831 681 2872 R
