1752 3136
271 122 354 166 190
884 123 1105 167 Omonms

267 245 378 286 sunt,
406 233 562 276 idem
549 251 639 292 ipse
666 233 716 278 sit
744 235 910 287 vitulus,
940 236 1013 293 qui
1043 237 1085 278 in
1115 236 1244 279 coelis
1284 238 1457 294 quidem
1487 256 1576 283 non
1607 258 1688 299 pro

265 323 457 368 peccato,
484 312 556 354 sed
588 328 668 367 pro
699 330 877 355 munere
907 315 1075 356 oblatus
1110 327 1180 365 est,
1209 314 1252 356 in
1282 316 1400 358 terris
1431 328 1586 368 autem,
1614 318 1692 360 ubi

1746 0 1752 51 ἓ

1748 56 1752 92 Ι

1749 93 1752 142 ἶ

1750 147 1752 175 1

1748 193 1752 326 ’ξ

267 390 321 430 ab
352 390 489 430 Adam
519 406 653 445 usque
681 391 735 432 ad
765 390 920 431 Mosen
951 392 1137 444 regnavit
1166 403 1406 448 peccatum,
1447 392 1614 434 oblatus
1639 395 1691 436 sit
1750 389 1752 438 Ϊ

266 481 348 521 pro
378 478 568 522 peccato.
627 465 683 508 Et
711 467 794 509 hoe
825 479 884 510 est
912 485 1083 524 passum
1114 486 1198 511 esse
1239 481 1349 511 extra
1382 480 1535 518 castra,
1579 481 1692 511 extra
1751 463 1752 466 Ἴ

266 543 361 593 illa,
391 542 570 599 opinor,
611 556 763 593 castra,
806 561 913 600 quae
953 545 1114 587 viderat
1140 548 1300 597 Jacob,
1329 547 1577 597 angelorum
1611 545 1694 587 Dei
1750 554 1752 570 *

268 631 400 661 castra
431 620 641 672 coelestia,
674 622 726 662 de
757 623 910 677 quibus
937 623 1138 679 scriptum
1180 636 1238 666 est
1276 624 1319 665 in
1354 623 1531 664 Genesi:
1566 622 1693 678 ‚,et¹)

266 696 495 752 suspiciens
525 697 664 738 Jacob
704 697 808 738 vidit
844 710 975 740 castra
1006 700 1090 740 Dei
1119 700 1163 741 in
1201 713 1432 757 apparatu,
1472 713 1512 742 et
1542 716 1694 740 occur-

269 784 415 814 rerunt
443 771 505 812 illi
536 773 674 824 angeli
704 773 810 824 Dei,
853 785 892 815 et
929 774 1032 816 dixit
1067 774 1229 826 Jacob,
1271 795 1367 819 cum
1408 777 1567 818 videret
1598 788 1693 818 eost

269 861 401 890 castra
443 848 525 889 Dei
565 861 665 890 sunt
703 850 848 892 haec.“
915 850 1042 893 Extra
1077 851 1149 894 illa
1189 868 1287 905 ergo
1327 866 1458 896 castra
1499 854 1695 895 coelestia

268 937 329 967 est
360 926 512 977 omnis,
542 926 585 968 in
617 944 703 983 quo
735 927 973 971 habitamus
1001 945 1104 979 nos,
1142 930 1263 972 locus
1291 929 1367 972 iste
1395 941 1608 979 terrenus,
1649 930 1693 970 in
1728 939 1737 943 “

268 1019 356 1059 quo
388 1002 431 1044 in
462 1019 588 1044 carne
617 1021 762 1061 passus
794 1017 854 1046 est
884 1005 1084 1049 Christus.
1145 1005 1279 1062 Quod
1309 1024 1408 1048 vero
1442 1006 1558 1055 dicit,
1593 1006 1693 1062 quia

268 1096 365 1121 cum
394 1091 582 1123 stercore
612 1083 798 1124 exuritur
827 1094 868 1123 et
895 1082 1133 1133 interaneis,
1163 1083 1271 1134 vide,
1301 1101 1355 1126 ne
1374 1086 1483 1126 sorte
1502 1085 1556 1125 ad
1577 1099 1695 1123 com-

264 1158 530 1213 parationem
563 1158 809 1199 coelestium
849 1176 1082 1215 corporum
1122 1177 1278 1217 corpus
1329 1161 1440 1202 istud
1482 1161 1695 1201 humanae

265 1245 456 1285 naturae,
482 1246 639 1276 stercus
668 1235 899 1287 figuraliter
928 1238 1177 1293 appelletur.
1234 1240 1375 1281 Terra
1406 1237 1518 1279 enim
1551 1249 1622 1286 est,
1654 1249 1695 1278 ct

266 1312 321 1353 de
349 1322 459 1353 terra
488 1322 690 1353 sumtum.
747 1312 834 1353 Sed
866 1324 905 1354 et
934 1314 1143 1369 cophinus
1172 1314 1245 1356 ille
1273 1316 1492 1366 stercoris,
1535 1313 1607 1370 qui
1640 1316 1693 1356 ad

266 1388 427 1431 radices
463 1387 746 1429 succidendae
782 1389 991 1432 ficulneae
1029 1391 1229 1440 mittitur,
1268 1390 1371 1446 quid
1410 1390 1523 1431 aliud
1566 1407 1694 1446 quam

267 1464 513 1524 mysterium
552 1476 773 1521 susceptae
810 1466 854 1507 in
898 1483 1083 1523 corpore
1122 1466 1446 1522 dispensationis
1484 1466 1694 1509 ostendit?

265 1543 356 1583 Nec
385 1554 526 1582 tamen
558 1542 595 1583 ei
625 1541 841 1583 interanea
873 1544 1015 1587 deesse
1057 1545 1271 1586 dicuntur.
1345 1543 1549 1598 Quamvis
1580 1543 1693 1586 enim

265 1619 391 1660 vilem
419 1617 526 1660 servi
555 1619 724 1670 gesserit
753 1621 950 1670 formam,
979 1621 1203 1678 plenitudo
1246 1632 1388 1663 tamen
1428 1621 1470 1661 in
1505 1637 1556 1661 eo
1589 1621 1696 1662 divi-

263 1696 404 1738 nitatis
441 1694 671 1737 habitabat.
744 1696 861 1738 Haec
900 1698 1089 1752 quamvis
1136 1701 1338 1741 audacter
1378 1697 1559 1739 discussa
1600 1696 1695 1746 sint,

264 1784 408 1815 tamen
439 1772 535 1828 quia
551 1771 597 1828 ²)
624 1772 816 1813 fidelium
848 1790 1120 1830 quorumque
1149 1774 1300 1816 nutriri
1329 1789 1496 1828 semper
1518 1774 1572 1814 ad
1603 1790 1694 1813 ma-

264 1848 359 1907 jora
389 1849 516 1890 debet
545 1848 794 1904 auditus,³)
833 1852 982 1891 eadem
1013 1867 1187 1906 quoque
1216 1850 1338 1892 etiam
1373 1852 1425 1892 de
1453 1865 1695 1906 synagogae

266 1926 399 1967 vitulo
431 1924 675 1981 accipienda
704 1938 814 1969 sunt.

378 2004 420 2045 4.
449 2003 498 2043 In
528 2002 682 2044 morali
695 2001 742 2060 4)
784 2015 923 2045 autem
964 2004 1063 2045 loco
1100 2015 1241 2061 potest
1276 2003 1466 2060 pontifex
1497 2003 1572 2045 iste
1599 2019 1697 2044 sen-

266 2097 334 2123 sus
362 2079 528 2135 pietatis
560 2091 599 2121 et
628 2080 840 2134 religionis
870 2081 1015 2132 videri,
1046 2081 1118 2137 qui
1146 2081 1191 2122 in
1219 2081 1344 2122 nobis
1374 2097 1452 2137 per
1481 2079 1695 2121 orationes

269 2169 310 2199 et
338 2157 665 2208 obsecrationes,
696 2174 799 2213 quas
829 2158 925 2200 Deo
957 2159 1188 2208 fundimus,
1217 2160 1328 2200 velut
1346 2160 1532 2214 quodam
1557 2173 1695 2199 sacer-

269 2234 390 2276 dotio
418 2235 617 2287 fungitur.
675 2234 757 2277 Hic
785 2223 895 2278 siin
925 2235 1068 2292 aliquo
1102 2235 1349 2292 deliquerit,
1382 2251 1556 2276 omnem
1589 2250 1691 2274 eon-

267 2312 406 2363 tinuo,
438 2313 511 2368 qui
539 2311 650 2354 intra
680 2330 760 2355 nos
797 2325 876 2364 est,
920 2314 1138 2355 bonorum
1182 2323 1352 2354 actuum
1391 2327 1568 2367 peccare
1609 2327 1691 2366 po-

268 2388 422 2443 pulum
458 2389 570 2430 facit.
645 2390 798 2447 Neque
839 2390 950 2433 enim
992 2390 1095 2432 recti
1133 2390 1270 2446 operis
1308 2388 1470 2444 aliquid
1500 2387 1694 2441 gerimus,

389 2542 432 2598 ¹>
466 2543 552 2585 cfr.
586 2542 740 2587 cenes
771 2542 1025 2593 XXX11‚1
1056 2545 1095 2586 2.

386 2610 431 2667 ²)
462 2611 676 2653 Particula
708 2612 862 2667 „quia“
895 2615 1048 2655 deest'
1037 2632 1079 2656 m
1125 2624 1244 2655 antea
1285 2611 1404 2654 editis
1443 2611 1501 2667 (v.
1533 2627 1567 2652 c.
1598 2609 1691 2650 edd.

271 2665 370 2723 M),
398 2669 471 2708 sed
501 2669 732 2710 restituitur
763 2686 785 2710 e
817 2669 925 2711 Cod.
955 2667 1317 2723 Sangermanensi.
1347 2668 1398 2709 R

390 2736 434 2791 3)
463 2736 792 2789 Edd.Me11ini,
823 2742 894 2781 cfr.
928 2757 1019 2796 pag.
1050 2740 1136 2798 huj.
1165 2750 1254 2781 not.
1284 2740 1344 2781 2.;
1376 2736 1580 2788 „auditus
1609 2735 1692 2775 Ea·

273 2793 369 2833 dem
403 2798 599 2847 quoque“
631 2806 706 2835 etc.

388 2861 434 2915 ⁴)
465 2861 572 2903 Edd.
603 2862 778 2905 Merlini
807 2867 936 2907 male:
967 2866 1147 2908 mortali.
