1752 3136
255 97 341 142 3411
880 99 1101 141 Omomus

260 224 385 254 suum
413 211 745 255 sacerdotalibus
776 213 1048 255 ornamentis.
1104 211 1273 253 Etenim
1307 211 1402 267 quia
1436 211 1570 253 omnis
1600 211 1675 251 viri

263 300 389 345 caput
421 288 609 332 Christus
640 301 713 340 est,
743 290 987 347 quicunque
1018 290 1074 331 ita
1105 289 1208 341 agit,
1254 301 1299 330 ut
1328 305 1376 329 ex
1409 287 1567 328 actibus
1596 288 1678 329 suis

263 367 455 408 conferat
483 367 660 418 gloriam
692 366 885 418 Christo,
926 379 1053 424 caput
1090 383 1236 415 suum,
1285 365 1355 420 qui
1389 377 1448 406 est
1479 364 1680 413 Christus,
1742 395 1744 403 .

266 442 439 483 ornavit.
507 442 654 486 Potest
693 445 732 486 et
771 446 853 486 alio
894 445 1027 487 modo
1067 443 1111 484 in
1157 443 1281 485 nobis
1322 441 1496 494 intelligi
1537 440 1679 495 capitis
1731 445 1735 451 '

264 531 449 562 ornatus.
509 519 727 575 Quoniam
770 523 942 578 quidem
983 522 1101 577 quod
1145 532 1205 561 est
1243 520 1287 561 in
1328 519 1452 561 nobis
1492 519 1680 573 primum

263 612 312 637 ac
341 614 578 647 summum,
610 610 650 638 et
680 611 806 653 caput
837 598 1050 646 omnium,
1080 614 1198 640 mens
1231 609 1309 647 cst,
1353 599 1407 638 ad
1439 596 1681 649 dignitatem

263 674 527 729 pontificiam
546 675 589 729 1>
620 674 773 716 excolit
801 687 928 730 caput
956 692 1102 724 suum,
1149 678 1181 717 si
1223 676 1315 729 quis
1345 686 1532 715 mentem
1563 688 1682 713 suam

265 751 537 793 adornaverit
565 750 793 806 sapientiae
824 750 1067 807 disciplinis.
1126 751 1203 792 Ista
1233 752 1358 802 igitur
1389 762 1499 800 sunt,
1530 749 1683 805 quibus

265 826 388 868 indui
416 826 677 883 praecipitur
704 826 919 884 pontifex,
951 840 991 869 et
1020 827 1074 868 ita
1108 829 1280 869 demum
1310 828 1487 868 introire
1515 827 1560 868 in
1591 843 1686 868 san-

269 914 345 954 cta,
376 919 430 943 ne
460 903 566 944 haec
594 894 685 944 no'n
716 904 876 946 habens
906 905 1126 948 moriatur.

379 980 419 1023 3.
449 979 548 1021 Jam
578 997 678 1023 vero
711 983 764 1022 de
795 969 939 1023 hostiis
969 983 1178 1039 quaedam
1210 981 1382 1038 quidem
1407 981 1538 1037 ipsius
1566 996 1690 1021 man-

267 1057 425 1098 dantur
465 1057 622 1098 debere
659 1074 744 1101 esse
781 1058 1017 1114 pontificiS,
1068 1060 1274 1114 quaedam
1317 1076 1417 1100 vero
1459 1076 1480 1100 a
1519 1058 1687 1114 populo
1730 1082 1735 1088 ·

266 1134 571 1190 sumendae.²>
648 1134 782 1190 Ipsius
813 1136 923 1178 enim
964 1135 1118 1177 dicitur
1155 1135 1331 1185 vitulus,
1387 1136 1521 1192 quod<
1547 1134 1689 1182 estjn

269 1211 522 1253 animalibus
554 1210 782 1266 pretiosius
813 1224 853 1253 et
885 1213 1110 1256 robustius.
1180 1213 1236 1254 Et
1265 1215 1500 1254 secundum
1533 1211 1690 1253 animal

271 1288 402 1339 aries,
441 1288 560 1344 quod
604 1287 648 1328 in
681 1287 829 1330 ovibus
857 1291 947 1332 sine
978 1290 1111 1332 dubio
1141 1290 1367 1346 pretiosius
1399 1302 1468 1331 est.
1539 1291 1578 1329 A
1610 1306 1691 1344 po-

268 1368 375 1422 pulo
404 1381 505 1406 vero
538 1381 717 1406 munera
753 1364 958 1422 jubentur
997 1368 1165 1416 offerri,
1212 1367 1318 1408 aries
1349 1385 1372 1408 a
1409 1367 1689 1423 principibus,

272 1454 312 1483 et
342 1441 450 1483 hirci
479 1442 567 1483 duo
599 1458 622 1482 a
652 1444 844 1498 populo:
875 1461 1007 1493 unus,
1040 1443 1110 1500 qui
1145 1444 1381 1485 dimittatur
1409 1444 1453 1485 in
1485 1460 1689 1493 eremum,

271 1518 346 1575 qui
380 1530 420 1560 et
449 1535 771 1575 apopompaeus
811 1521 1084 1571 nominatur,
1130 1534 1169 1563 et
1207 1538 1342 1570 unus,
1386 1520 1457 1576 qui
1494 1520 1691 1562 Domino

273 1597 493 1638 offeratur.
552 1595 598 1638 Si
629 1609 733 1640 esset
764 1597 901 1639 omnis
932 1600 1120 1654 populus
1151 1599 1235 1640 Dei
1263 1609 1442 1647 sanctus,
1476 1609 1515 1638 et
1545 1614 1692 1639 omnes

273 1686 407 1717 essent
435 1673 562 1724 beati,
590 1690 681 1714 non
711 1675 861 1715 fierent
891 1675 1000 1716 duae
1029 1687 1162 1716 sortes
1187 1692 1316 1731 super
1334 1675 1484 1717 hircis:
1517 1687 1558 1716 et
1583 1692 1693 1716 unus

274 1751 448 1809 quidem
478 1762 636 1792 sortem
664 1751 818 1799 ferret,
867 1761 914 1790 ut
945 1750 1225 1791 dimitteretur
1251 1750 1295 1790 in
1328 1768 1542 1804 eremum,
1589 1754 1694 1794 alius

272 1844 387 1877 vero,
417 1840 464 1868 ut
492 1826 687 1868 Domino
721 1827 961 1877 offerretur,
992 1828 1065 1868 sed
1097 1839 1200 1868 esset
1230 1844 1318 1870 sors
1349 1845 1454 1874 una,
1487 1841 1527 1870 et
1556 1829 1695 1870 hostia

273 1921 357 1946 una
388 1905 582 1946 Domino
615 1903 708 1945 soli.
780 1904 907 1944 Nunc
944 1919 1042 1945 vero
1086 1903 1290 1960 quoniam
1335 1905 1378 1946 in
1421 1905 1697 1947 multitudine

272 1999 439 2032 eorum,
468 1981 540 2037 qui
572 1982 779 2023 accedunt
808 1982 862 2021 ad
883 1980 1140 2031 Dominum,
1171 1993 1268 2023 sunt
1299 1981 1475 2036 quidam
1497 1980 1695 2033 Domini,

272 2059 344 2100 alii
374 2070 514 2100 autem
543 2069 651 2109 sunt,
681 2057 753 2113 qui
784 2057 892 2098 mitti
921 2059 972 2099 ad
996 2074 1184 2099 eremum
1208 2058 1402 2108 debeant,
1432 2057 1478 2098 id
1513 2068 1585 2108 est,
1617 2058 1697 2113 qui

272 2134 656 2192 abjicimerentur,
687 2146 727 2176 et
754 2134 939 2191 separari
968 2135 1020 2176 ab
1051 2135 1187 2176 hostia
1219 2134 1424 2176 Domini:
1469 2147 1698 2190 propterea

271 2230 370 2269 pars
401 2212 585 2262 hostiae,
616 2228 724 2268 quae
756 2213 937 2253 offertur
967 2228 991 2254 a
1019 2213 1210 2268 populo,
1249 2212 1295 2252 id
1331 2222 1410 2261 est,
1438 2228 1548 2253 unus
1581 2211 1698 2253 solus

272 2290 414 2332 hircus
443 2289 637 2331 Domino
670 2289 943 2339 immolatur,
990 2287 1095 2331 alius
1138 2301 1278 2330 autem
1321 2286 1542 2345 abjicitur,
1586 2287 1700 2328 etin

275 2381 464 2407 eremum
496 2365 731 2416 dimittitur,
763 2377 803 2407 et
834 2381 1154 2422 apopompaeus
1174 2364 1434 2407 nominatur.
1496 2364 1600 2405 Sors
1630 2375 1695 2404 ta-

274 2457 375 2482 men
407 2442 518 2484 cadit
548 2459 674 2498 super
703 2455 952 2498 utrumque,
997 2455 1036 2484 et
1075 2443 1146 2484 ille
1182 2441 1380 2498 quidem,
1421 2440 1494 2496 qui
1524 2441 1570 2481 in
1603 2456 1698 2481 ere-

274 2535 392 2559 mum
424 2519 670 2571 dimittitur,
702 2519 880 2570 dicitur,
910 2521 1028 2576 quod
1058 2520 1147 2576 ipse
1178 2519 1338 2561 auferat
1368 2533 1497 2573 super
1526 2533 1569 2560 se
1597 2533 1697 2573 pec-

395 2707 438 2760 ι)
467 2706 578 2749 Edd.
609 2708 806 2750 Merlini:
836 2708 1061 2766 pontificis.

394 2776 440 2830 ²)
470 2776 572 2819 Mss.
619 2781 941 2828 ‚,sumendae.“
1011 2778 1129 2821 Libri
1173 2776 1273 2820 editi
1312 2778 1373 2833 (V.
1418 2794 1451 2818 c.
1484 2777 1582 2821 cdd.
1612 2774 1699 2830 M.)

279 2833 554 2881 ,‚sumenda.“
585 2834 636 2876 R.

1488 2938 1506 2956 J
