1752 3136
188 2743 208 2760 p

265 132 349 177 108
863 132 1083 175 Ommzms

265 261 349 301 que
378 243 559 300 implens
596 243 638 285 in
679 244 825 301 spiritu
867 256 1075 286 assecutus
1104 244 1177 294 sit,
1214 253 1254 284 et
1294 259 1364 292 ea,
1406 258 1512 299 quae
1542 243 1584 285 in
1616 244 1678 287 his

264 321 519 371 indicantur,
549 334 768 375 augmenta
801 322 1023 364 virtutum:
1063 321 1132 362 ille
1170 320 1328 376 poterit
1374 332 1680 376 consequenter

265 400 390 440 ctiam
423 400 476 440 ad
506 399 726 450 visionem,
758 411 797 440 ct
826 398 1144 451 intelligentiam
1163 397 1425 439 tabernaculi
1444 398 1677 454 pervenire.

264 477 335 516 De
373 493 459 533 quo
499 477 776 518 tabernaculo
817 476 960 516 multis
1000 476 1171 531 quidem
1213 475 1253 515 in
1296 475 1401 516 locis
1442 485 1680 516 memorant

263 553 497 609 scripturae
528 553 706 602 divinae,
739 564 778 593 et
807 551 996 594 indicare
1027 553 1234 606 quaedam
1253 552 1462 601 videntur,
1493 568 1679 607 quorum

262 631 329 673 vix
360 647 490 687 capax
520 646 607 672 esse
635 630 766 685 possit
794 630 1005 670 humanus
1046 630 1232 670 auditus:
1270 629 1498 684 praecipue
1536 641 1681 669 tamen

265 708 484 765 apostolus
513 707 672 747 Paulus
705 708 756 747 de
786 705 1058 758 intelligentia
1085 705 1346 746 tabernaculi
1371 708 1578 762 quaedam
1599 723 1680 748 no-

264 785 330 826 bis
359 784 505 840 prodit
545 782 743 823 scientiae
783 782 1019 823 excelsioris
1059 782 1236 830 indicia,
1271 783 1367 831 sed,
1407 785 1548 825 nescio
1591 801 1678 839 quo

262 874 414 918 paeto,
452 859 719 913 fragilitatem
761 858 945 900 fortassis
993 857 1160 899 intuens
1209 859 1479 910 auditorum,
1521 860 1681 902 claudit

264 938 594 994 quodammodo
632 936 736 992 ipsa,
766 953 873 992 quae
903 935 1066 992 pandit.
1133 935 1249 976 Dicit
1286 952 1472 991 namque
1510 937 1563 977 ad
1593 937 1683 978 He:

262 1017 418 1058 bracos
446 1014 657 1057 scribens:
698 1013 1109 1067 „tal›ernaculum¹)
1150 1014 1260 1054 enirn
1299 1015 1456 1055 sactum
1500 1026 1559 1055 est
1592 1015 1681 1070 pri-

261 1110 396 1142 mum,
424 1093 466 1134 in
499 1108 585 1148 quo
617 1103 703 1132 crat
734 1091 1064 1140 candelabrum,
1103 1092 1202 1145 ct2)
1237 1108 1404 1141 mensa,
1444 1103 1484 1133 et
1512 1108 1679 1148 propo-

264 1170 360 1211 sitio
393 1186 568 1225 panum,
599 1169 715 1223 quod
748 1169 969 1209 dicebatur
995 1179 1135 1209 sancta
1167 1180 1424 1210 sanctorum.
1486 1169 1587 1210 Post
1615 1187 1678 1211 se-

264 1247 453 1288 cundum
487 1257 624 1286 autem
655 1245 860 1293 velamen,
889 1246 1226 1295 tabernaculum,
1259 1248 1377 1301 quod
1409 1246 1563 1287 dicitur
1584 1265 1682 1288 san·

264 1337 393 1374 ctum,
422 1324 581 1365 habens
612 1339 785 1363 aureum
816 1323 947 1363 altare
975 1321 1162 1371 incensi,
1194 1334 1233 1363 et
1263 1339 1401 1365 arcam
1434 1324 1684 1372 testamenti,

263 1413 304 1443 et
332 1402 439 1442 intra
472 1416 562 1440 eam
596 1401 699 1440 duas
732 1400 917 1447 tabulas,
959 1410 998 1438 ct
1035 1415 1215 1449 manna,
1255 1413 1291 1441 et
1333 1401 1487 1453 vix-gam
1522 1404 1681 1450 Aaron,

264 1495 373 1534 quae
402 1479 692 1519 fronduerat.“
753 1476 838 1516 Sed
870 1476 916 1515 iis
948 1475 1133 1516 addidit:
1165 1477 1305 1531 ,‚(le³)
1329 1479 1482 1532 quibus
1502 1495 1591 1518 non
1624 1491 1683 1520 est

261 1556 396 1596 modo
429 1554 657 1595 dicendum
690 1570 768 1609 per
797 1553 1001 1605 singul-‘if‘
1060 1554 1192 1615 Quod
1232 1571 1330 1607 ergo
1362 1554 1440 1595 ait:
1478 1557 1558 1604 „de
1588 1556 1682 1611 qui—

261 1635 342 1674 bus
371 1649 461 1673 non
494 1642 553 1674 est
582 1632 715 1671 modo
749 1629 975 1670 dicendum
992 1634 1028 1670 :“

261 1711 477 1758 referunt,
516 1725 601 1764 quo
641 1706 847 1747 Hebraeis
884 1706 1095 1748 scribebat
1134 1707 1366 1763 epistolam.
1438 1710 1544 1752 Aliis
1579 1728 1681 1753 vero

261 1787 450 1837 videtur,
490 1786 609 1840 quod
648 1802 728 1840 pro
767 1783 1062 1842 mysteriorum
1095 1784 1385 1836 magnitudine
1417 1804 1544 1828 omne
1574 1800 1682 1830 tem-

263 1882 343 1919 pus
373 1862 602 1919 praesentis
639 1864 745 1903 vitae
786 1861 973 1903 adhaec
1010 1862 1272 1916 explananda
1311 1862 1514 1905 idoneum
1546 1877 1682 1916 neget.

262 1943 423 1982 Verum
453 1958 544 1981 non
582 1955 888 1995 usquequaque
917 1938 1050 1979 tristes
1090 1955 1169 1979 nos
1209 1939 1409 1996 relinquit
1439 1943 1683 1996 Apostolus,

263 2020 351 2068 sed,
382 2029 430 2058 ut
457 2016 534 2058 sibi
574 2017 706 2057 moris
749 2028 826 2064 cst,
868 2014 1002 2071 aperit
1031 2017 1165 2070 pauca
1199 2017 1251 2056 de
1284 2017 1447 2059 multis:
1489 2030 1534 2060 ut
1565 2020 1679 2060 clau-

260 2114 355 2138 sum
386 2097 436 2137 sit
468 2096 638 2151 quidem
670 2092 989 2145 negligentibus,
1019 2092 1254 2134 inveniatur
1285 2106 1425 2135 autem
1457 2112 1476 2135 a
1509 2098 1681 2152 pulsan-

266 2175 389 2223 tibus,
421 2184 460 2214 ct
490 2170 789 2228 quaerentibus
821 2170 1045 2225 aperiatur.
1103 2170 1275 2226 Repetit
1300 2188 1397 2223 ergo
1429 2189 1598 2212 rursum
1630 2174 1683 2213 de

263 2252 565 2298 tabernaculo,
599 2261 639 2289 et
672 2247 796 2293 dicit:
833 2264 947 2296 „non
966 2246 1011 2301 ⁴)
1052 2247 1162 2288 enim
1205 2247 1248 2289 in
1286 2261 1427 2290 sancta
1458 2265 1588 2290 manu
1619 2250 1683 2290 sa-

265 2343 329 2371 cta
360 2330 564 2381 ingressus
595 2337 654 2367 est
683 2325 816 2374 Jesus,
846 2325 1099 2379 exemplaria
1121 2341 1334 2374 verorum,
1364 2327 1436 2366 sed
1466 2324 1509 2365 in
1542 2327 1683 2381 ipsum

263 2409 449 2455 coelum,
477 2416 525 2445 ut
555 2414 755 2459 appareat
792 2419 908 2443 nunc
938 2401 1070 2441 vultui
1102 2402 1183 2442 Dei
1214 2418 1291 2457 per
1309 2402 1350 2455 ⁵)
1393 2402 1609 2450 velamen,
1638 2404 1684 2444 id

264 2497 337 2533 cst,
365 2500 443 2539 per
472 2497 642 2522 carnem
671 2485 832 2521 suam.“
901 2478 989 2532 Qui
1031 2495 1128 2531 ergo
1159 2480 1349 2519 velamen
1378 2477 1592 2520 interioris
1621 2490 1683 2520 ta-

383 2608 429 2661 ¹)
462 2607 547 2647 Cfr.
579 2606 710 2648 Hebr.
741 2606 816 2654 IX,
846 2608 884 2647 2.
914 2606 955 2647 3.
983 2606 1022 2647 4.
1056 2607 1154 2647 coll.
1184 2606 1236 2646 N.
1268 2604 1321 2649 T.
1352 2605 1447 2646 edd.

383 2679 430 2731 ²)
461 2676 577 2717 Alias
625 2677 691 2732 (v.
742 2693 776 2716 c.
827 2676 871 2716 in
922 2677 1017 2716 edd.
1062 2677 1155 2731 M.)
1211 2677 1363 2718 desunt
1410 2677 1557 2718 verba:
1607 2687 1682 2728 „et

265 2740 450 2780 mensa.“
481 2733 530 2774 R.

385 2804 431 2860 ³>
462 2802 590 2843 neb„
625 2801 698 2851 tx,
727 2803 765 2843 5.
887 2802 932 2859 ⁴>
961 2804 1091 2846 nobs.
1121 2802 1196 2852 lx,
1226 2802 1291 2845 24.

385 2874 432 2930 ⁵)
464 2874 549 2915 css.
580 2870 710 2915 near.
742 2873 795 2923 Χ,
825 2875 891 2917 20.

1069 1632 1242 1686 quidam
1284 1633 1337 1672 ad
1376 1633 1482 1674 illud
1514 1645 1710 1689 tempus·

1744 567 1752 591 r-
1746 534 1752 545 .-
1738 307 1752 515 ⁴..-n--0fl.⁷
1739 230 1752 289 fln'
