1752 3136
536 152 583 182 m
611 140 866 182 anrrtctm
894 136 1096 179 HomnA
1116 138 1149 178 Ι.
1481 139 1569 184 179

151 252 212 295 tui
243 251 326 294 Dei
355 267 436 308 pro
465 249 610 300 nobis,
640 264 829 305 semper,
848 246 891 303 ¹)
919 246 1079 303 inquit,
1115 247 1254 289 vivens
1283 248 1339 290 ad
1367 247 1571 307 interpel-

150 329 327 371 landum
356 344 435 384 prp
465 325 539 369 his.
596 325 643 367 Si
673 339 773 377 ergo
795 324 883 365 duo
903 323 1198 376 intelliguntur
1211 325 1432 375 velamina,
1462 342 1571 381 quae

150 406 262 446 velut
290 402 479 460 pontifex
508 401 716 453 ingressus
749 411 809 442 est
837 400 973 450 Jesus,
1005 413 1316 457 consequenter
1346 413 1386 444 et
1413 402 1572 444 sacrifi-

151 480 262 522 cium
292 479 447 534 duplex
477 477 802 530 intelligendum
835 487 908 526 est,
938 492 1016 533 per
1044 479 1164 533 quod
1192 489 1232 519 et
1250 477 1459 520 terrestria
1489 480 1572 520 sal-

149 553 304 597 vaverit
333 566 372 595 et
403 553 611 595 coelestia.
670 553 871 610 Denique
904 564 944 594 et
975 569 1034 604 ea,
1066 570 1175 609 quae
1202 566 1449 609 sequuntur,
1475 556 1572 611 plus

148 631 317 674 coelesti
347 629 568 679 sacrificio,
599 645 727 684 quam
757 631 929 670 terreno
960 629 1159 671 videntur
1188 631 1384 687 aptanda.

258 706 298 749 4.
338 705 481 760 ‚,Et²)
523 705 806 756 decoriantes,
847 705 1008 762 inquit,
1046 707 1343 749 holocaustum
1385 706 1574 748 divident

144 782 253 826 illud
280 781 565 832 membratim,
595 794 636 823 et
664 781 888 838 imponent
916 781 993 823 filii
1012 784 1156 824 Aaron
1177 784 1406 826 sacerdotis
1432 785 1573 836 ignem

144 877 274 916 super
300 860 444 909 altare,
475 870 515 901 et
546 858 845 915 constipabunt
874 858 985 910 ligna
1012 857 1058 899 in
1087 859 1249 912 ignem:
1283 872 1322 902 et
1350 859 1576 917 imponent

146 937 224 979 filii
241 940 389 978 Aaron
418 933 649 979 sacerdotis
668 933 795 976 divisa
816 936 1024 985 membra,
1055 947 1095 977 et
1113 948 1251 992 caput,
1282 948 1323 978 et
1346 936 1503 994 adipes,
1534 949 1575 978 et

147 1013 274 1065 ligna,
304 1030 411 1069 quae
450 1022 549 1053 sunt
588 1027 716 1066 super
757 1012 898 1051 altare.
964 1010 1186 1054 Interanea
1227 1029 1328 1055 vero
1368 1025 1407 1054 et
1444 1015 1575 1069 pedes

149 1091 353 1132 lavabunt
381 1104 514 1144 aqua,
557 1098 598 1128 et
626 1086 820 1142 imponet
846 1088 1043 1129 sacerdos
1084 1088 1227 1130 omnia
1266 1105 1394 1146 super
1422 1090 1575 1131 altare:

148 1166 285 1208 hostia
316 1177 375 1207 est
405 1176 444 1207 et
471 1163 728 1206 sacrificium
769 1164 881 1205 odor
918 1163 1129 1206 suavitatis
1157 1165 1392 1209 Domino.“
1451 1165 1577 1221 Quo-

148 1244 284 1285 modo
317 1240 558 1284 decorietur
588 1256 687 1281 caro
718 1239 838 1281 verbi
867 1239 963 1289 Dei,
995 1242 1117 1296 quod
1152 1243 1222 1285 hic
1250 1243 1402 1286 vitulus
1431 1243 1576 1286 nomi-

147 1331 287 1368 natur,
319 1329 359 1360 et
387 1317 612 1373 quomodo
653 1315 923 1358 membratIm
961 1316 1175 1359 dividatur
1211 1336 1235 1362 a
1273 1320 1577 1371 sacerdotibus,

131 1411 309 1452 ,operae
337 1394 521 1451 pretium
553 1405 612 1435 est
643 1394 871 1434 advertere.
930 1393 1022 1446 Ego
1054 1406 1174 1450 puto,
1207 1398 1326 1453 quod
1351 1397 1423 1438 ille
1440 1414 1578 1439 sacer-

150 1473 232 1513 dos
268 1472 450 1513 detrahit
478 1470 645 1511 corium
674 1469 795 1510 vituli
827 1470 959 1511 oblati
987 1470 1032 1511 in
1061 1470 1383 1522 holocaustum,
1423 1484 1466 1514 et
1504 1473 1579 1513 de-

152 1547 270 1590 ducit
296 1548 466 1603 pellem,
498 1562 581 1602 qua
611 1546 805 1587 membra
835 1544 922 1603 ejus
952 1558 1245 1600 conteguntur,
1277 1549 1425 1605 quide
1446 1552 1576 1591 verbo

155 1624 240 1665 Dei
271 1623 473 1665 abstrahit
501 1624 693 1664 velamen
724 1622 892 1673 literae,
932 1634 970 1663 et
998 1622 1162 1665 interna
1194 1623 1305 1682 ejus,
1344 1643 1454 1682 quae
1482 1638 1580 1668 sunt

149 1699 379 1756 spiritualis
410 1699 710 1752 intelligentiae
742 1700 956 1749 membra,
996 1700 1206 1742 denudat:
1246 1713 1286 1743 et
1315 1703 1417 1743 haec
1445 1719 1581 1744 mem-

151 1777 229 1818 bra
262 1775 378 1816 verbi
408 1774 618 1817 interioris
649 1774 867 1825 scientiae,
903 1791 995 1816 non
1035 1775 1079 1816 in
1120 1777 1272 1818 humili
1302 1779 1446 1834 aliquo
1478 1780 1577 1821 loco

151 1853 287 1909 ponit,
318 1853 393 1895 sed
423 1851 467 1892 in
499 1852 584 1894 alto
618 1864 659 1894 et
684 1864 848 1905 sancto,
879 1852 923 1894 id
957 1864 1028 1903 est,
1058 1870 1186 1909 super
1215 1855 1346 1898 altare
1375 1858 1578 1898 collocat:

153 1946 250 1971 cum
281 1946 373 1970 non
401 1927 583 1981 indignis
613 1928 882 1979 hominibus,
932 1941 972 1971 et
1011 1930 1218 1972 humilem
1259 1932 1463 1974 vitamne
1495 1945 1580 1974 ter-

154 2022 302 2047 renam
332 2004 584 2046 ducentibus
613 2006 766 2062 pandit
794 2005 936 2048 divina
966 2007 1175 2066 mysteria,
1204 2010 1277 2050 sed
1298 2009 1391 2059 illis,
1423 2009 1495 2065 qui
1520 2011 1581 2051 al-

154 2094 244 2124 tare
272 2082 356 2123 Dei
385 2093 506 2132 sunt,
551 2081 596 2122 in
625 2083 778 2138 quibus
816 2099 983 2140 semper
1021 2085 1141 2126 ardet
1181 2084 1345 2127 divinus
1374 2085 1501 2139 ignis,
1542 2098 1583 2127 et

155 2175 324 2214 semper
354 2157 616 2200 consumitur
646 2176 758 2202 caro.
816 2160 958 2216 Super
987 2160 1067 2202 hos
1107 2177 1206 2214 crgo
1237 2161 1338 2203 tales
1369 2164 1584 2203 membra-

156 2235 230 2276 tim
271 2234 423 2277 divisus
471 2234 547 2276 iste
597 2235 836 2279 holocausti
882 2236 1034 2280 vitulus
1084 2238 1335 2280 collocatur.
1422 2239 1586 2280 Dividit

157 2328 347 2368 namque
376 2311 646 2352 membratim
677 2312 876 2363 vitulum,
920 2314 992 2370 qui
1023 2315 1248 2371 explanare
1277 2331 1355 2372 per
1388 2315 1586 2357 ordinem

157 2399 312 2443 potest,
343 2399 381 2429 et
412 2388 671 2444 competenti
713 2390 984 2433 distinctione
1014 2392 1238 2442 disserere,
1283 2391 1355 2448 qui
1393 2391 1445 2433 sit
1474 2409 1582 2449 pro-

159 2466 304 2513 sectus,
335 2462 490 2505 Christi
522 2465 736 2507 fimbriam
771 2468 1016 2520 contigisse:
1062 2468 1135 2523 qui
1166 2484 1293 2519 vero,
1329 2471 1458 2524 pedes
1497 2468 1585 2526 ejus

159 2539 304 2582 lavisse
334 2540 530 2590 lacrimis,
560 2553 599 2582 et
631 2541 791 2597 capillis
823 2543 966 2599 capitis
990 2543 1219 2586 extersisse:
1251 2557 1413 2600 quanto
1445 2559 1584 2587 autem

160 2615 208 2658 iis
236 2616 376 2672 potius
405 2616 456 2659 sit
487 2630 613 2674 caput
643 2617 730 2675 ejus
749 2620 912 2662 unxisse
935 2621 1142 2680 myro:³)
1172 2623 1244 2664 sed
1270 2633 1312 2663 et
1340 2622 1385 2663 in
1412 2634 1587 2679 pectore

284 2742 326 2798 ι)
358 2742 488 2784 Hebr.
519 2745 613 2795 vn,
642 2747 709 2789 25.
828 2746 876 2802 2)
906 2745 1034 2787 Lavit.
1066 2746 1098 2796 Ι,
1128 2747 1168 2791 6.
1201 2747 1239 2790 7.
1269 2748 1307 2791 8.
1336 2749 1377 2792 9.

279 2810 325 2865 3)
358 2811 466 2853 Cod.
507 2813 903 2867 Sangermanensis:
944 2821 1133 2875 „myr0.“
1208 2817 1323 2858 Alias
1367 2819 1422 2872 (v.
1466 2834 1501 2857 c.
1546 2817 1588 2857 in

166 2867 260 2909 edd.
293 2867 400 2923 M.):
434 2871 669 2929 ‚,myrrha.“
700 2874 750 2914 R.

1157 2949 1246 2995 κζ’ι
