1752 3136
228 119 313 163 278
836 119 1058 161 OmGi-:ms

229 234 458 274 advertere.
517 228 635 272 Lavit
664 244 763 283 ergo
795 245 906 281 eum,
941 244 981 273 et
1009 231 1161 273 induit.
1213 229 1344 286 Quali
1373 231 1659 275 indumento?

231 309 411 359 Tunica,
441 307 592 364 inquit,
623 319 663 348 et
691 307 924 363 praecinxit
955 324 1053 350 eum
1087 325 1208 357 zona,
1245 320 1285 349 et
1313 308 1467 350 iterum
1499 311 1659 352 vestivit

231 404 328 429 eum
359 385 546 427 tunicam
586 384 785 436 talarem,
824 386 915 435 vel,
951 397 999 426 ut
1030 385 1130 427 alibi
1162 385 1362 439 legimus,
1401 385 1660 430 interiorem.

230 465 436 513 Duabus,
474 475 523 505 ut
562 460 709 512 video,
748 462 903 504 tunicis
942 478 1020 517 per
1051 461 1205 505 Mosen
1234 462 1428 504 induitur
1457 463 1662 520 pontifex.

231 542 318 582 Sed
351 541 453 597 quid
485 539 699 590 faciemus,
733 540 850 594 quod
881 539 1003 580 Jesus
1033 539 1273 580 sacerdotes
1307 557 1430 590 suos,
1472 543 1661 596 Aposto-

230 619 294 660 los
327 629 507 667 nostros,
538 616 762 672 prohibuit
783 615 824 672 ¹)
856 615 917 656 uti
948 616 1114 657 duabus
1154 616 1336 659 tunicis?
1397 618 1664 668 Dixeramus,

230 698 349 751 quod
381 695 524 736 Moses
556 705 596 734 et
624 693 769 741 Jesus,
807 693 849 734 id
889 703 972 740 est,
1018 692 1081 732 lex
1115 705 1154 734 et
1185 693 1412 747 Evangelia
1443 694 1523 736 sibi
1556 695 1664 736 invi·

231 789 323 814 cem
365 781 664 813 consonarent.
743 769 895 809 Posset
933 769 1107 810 fortasse
1148 771 1288 812 dicere
1331 771 1505 828 aliquis,
1553 772 1663 827 quia,

230 850 351 905 quod
384 847 602 904 praecepit
640 846 763 888 Jesus
807 846 911 886 duas
949 846 1112 887 tunicas
1151 862 1242 887 non
1287 848 1526 898 habendas,
1572 865 1663 889 non

234 938 293 967 est
323 925 589 966 contrarium
621 923 714 975 legi,
745 922 820 964 sed
850 922 1078 978 perfectius
1109 923 1220 975 lege,
1265 922 1372 965 sicut
1402 936 1442 965 et
1473 941 1570 966 cum
1600 926 1665 966 lex

229 1002 512 1045 homicidium
543 1012 677 1051 vetat,
715 999 837 1041 Jesus
869 1010 1009 1040 autem
1030 999 1168 1041 ‘etiam
1198 999 1464 1042 iracundiam
1494 1012 1666 1050 resecat,

232 1094 272 1122 et
303 1097 399 1121 cum
432 1081 498 1120 lex
527 1078 731 1135 prohibet
762 1075 1034 1126 adulterium,
1064 1080 1184 1120 Jesus
1210 1076 1335 1119 etiam
1356 1078 1665 1135 concupiscen-

231 1157 330 1199 tiam
366 1157 505 1197 cordis
538 1155 822 1208 abscindit.²)
875 1154 947 1196 Sic
980 1171 1078 1207 ergo
1110 1155 1322 1197 videbitur
1349 1167 1388 1196 et
1410 1157 1575 1198 duabus
1605 1156 1666 1198 ibi

231 1233 384 1277 tunicis
416 1232 681 1290 pontificem,
713 1244 751 1273 et
781 1231 848 1272 hic
878 1247 964 1272 una
987 1232 1220 1288 Apostolos
1242 1231 1440 1274 induisse.
1483 1233 1547 1274 Sit
1571 1232 1665 1288 qui-

232 1314 328 1354 dem
362 1310 484 1353 etiam
517 1311 594 1352 iste
623 1326 766 1352 sensus
804 1307 1064 1364 probabilis,
1106 1308 1140 1350 si
1169 1308 1362 1360 videtum
1404 1326 1480 1363 ego
1522 1322 1666 1351 tamen

230 1405 320 1430 non
351 1388 461 1429 intra
493 1384 619 1443 hujus
651 1384 953 1437 intelligentiae
983 1385 1216 1437 angustiam
1234 1386 1497 1441 pontificalia
1527 1405 1666 1429 sacra-

232 1477 374 1506 menta
408 1463 642 1518 concludo.
702 1460 898 1517 Amplius
918 1461 1023 1503 mihi
1055 1462 1217 1518 aliquid
1250 1479 1295 1503 ex
1326 1464 1403 1504 ista
1433 1466 1574 1506 forma
1605 1465 1665 1506 vi-

232 1543 357 1584 detur
387 1539 576 1581 ostendi:
607 1537 798 1595 pontifex
831 1549 913 1588 est,
964 1539 1036 1594 qui
1074 1539 1290 1581 scientiam
1322 1540 1421 1593 legis
1451 1552 1586 1591 tenet,
1628 1553 1668 1583 et

233 1615 570 1674 uniuscujusque
600 1615 788 1676 mysterii
828 1614 1026 1667 intelligit
1065 1615 1274 1665 rationes,
1321 1629 1360 1659 et
1399 1630 1446 1660 ut
1484 1619 1669 1660 breviter

235 1695 456 1751 explioeem,
490 1694 562 1750 qui
593 1695 727 1747 legem
760 1704 800 1734 et
829 1694 1065 1734 secundum
1097 1692 1312 1748 spiritum,
1362 1706 1401 1735 et
1429 1698 1666 1737 secundum

231 1774 397 1814 literam
428 1770 560 1813 novit.
621 1770 793 1811 Sciebat
826 1786 923 1822 ergo
956 1769 1148 1825 pontifex
1178 1769 1262 1819 ille,
1294 1786 1420 1825 quem
1452 1784 1552 1813 tunc
1587 1791 1659 1813 or-

235 1849 410 1891 dinabat
442 1848 595 1894 Moses,
628 1846 726 1902 quia
757 1858 861 1888 esset
892 1846 1156 1887 circumcisio
1188 1847 1437 1903 spiritualis,
1474 1851 1667 1892 servabat

233 1939 376 1967 tamen
409 1937 447 1966 et
478 1923 847 1965 circumcisionem
881 1924 1039 1972 carnis,
1080 1923 1179 1979 quia
1208 1924 1525 1968 incircumcisus
1555 1943 1667 1982 pon-

233 2004 332 2044 tifex
365 2019 449 2044 esse
478 2018 567 2042 non
599 2012 779 2057 poterat.
857 2001 1055 2042 Habebat
1096 2017 1194 2052 ergo
1235 2001 1311 2043 iste
1349 2004 1450 2044 duas
1480 2002 1664 2046 tunicas:

233 2098 363 2122 unam
395 2078 615 2120 ministerii
647 2078 836 2137 carnalis,
869 2090 909 2120 et
938 2080 1063 2120 aliam
1095 2077 1398 2131 intelligentiae
1429 2079 1663 2136 spiritualis.

235 2158 424 2207 Sciebat,
464 2155 563 2212 quia
605 2168 642 2197 et
685 2155 889 2197 sacrificia
918 2156 1150 2212 spiritualia
1184 2157 1332 2198 offerri
1364 2158 1522 2198 debent
1549 2160 1665 2209 Deo,

234 2237 444 2277 oflerebat
473 2246 617 2274 tamen
646 2232 925 2275 nihilominus
968 2245 1009 2274 et
1039 2234 1235 2275 carnalia.
1305 2235 1406 2275 Non
1439 2234 1553 2276 enim
1583 2252 1668 2290 po-

231 2325 339 2354 terat
371 2328 456 2354 esse
489 2311 683 2367 pontifex
716 2327 878 2360 eorum,
911 2310 983 2366 qui
1014 2324 1116 2353 tune
1134 2323 1265 2362 erant,
1294 2310 1373 2352 nisi
1398 2311 1554 2352 hostias
1584 2311 1664 2351 im-

232 2393 423 2431 molaret.
484 2390 548 2429 lta
580 2386 1012 2439 ergoconvenienler
1050 2388 1122 2429 ille
1163 2389 1356 2444 pontifex
1401 2388 1566 2429 duabus
1597 2388 1661 2428 iu-

234 2470 360 2508 dutus
392 2465 544 2507 tunicis
577 2465 742 2509 dicitur.
816 2466 1015 2520 Apostoli
1055 2482 1180 2515 vero,
1229 2463 1300 2520 qui
1341 2464 1493 2506 dicturi
1524 2477 1663 2505 erant:

179 2593 186 2597 ,
233 2544 359 2600 „quia
379 2544 422 2598 3)
452 2544 483 2585 si
517 2541 895 2592 circumcidamini,
928 2542 1121 2584 Christus
1145 2541 1264 2583 vobis
1294 2541 1403 2582 nihil
1424 2542 1665 2597 proderit:“

235 2633 275 2662 et
305 2620 377 2677 qui
409 2620 564 2661 dicturi
596 2632 735 2661 erant:
767 2637 924 2671 „nemo
943 2620 989 2675 ⁴¹)
1018 2637 1091 2662 vos
1113 2619 1274 2678 judicet
1302 2618 1348 2660 in
1377 2620 1490 2668 cibo,
1520 2630 1592 2660 aut
1619 2617 1663 2658 in

355 2794 398 2847 ¹)
433 2792 521 2833 Cfr.
550 2793 649 2833 Luc.
681 2793 755 2845 ΙΙΙ,
788 2797 852 2838 11.
972 2793 1020 2848 ²)
1052 2792 1137 2834 Cfr.
1171 2791 1322 2834 Matth.
1353 2794 1407 2847 V,
1436 2794 1502 2837 28.

350 2864 398 2919 ³)
431 2862 568 2905 Galat.
600 2863 648 2912 V,
677 2866 716 2906 2.
836 2863 882 2918 ⁴)
915 2865 1078 2906 Coloss.
1109 2862 1162 2913 ll,
1192 2863 1259 2905 16.
