1752 3136
439 187 486 216 m
518 174 775 217 LEvrricum
793 173 997 216 HommA
1016 174 1132 218 ΧΙΙΙ.

68 299 205 339 neret,
236 284 400 330 addidit
431 286 556 328 etiam
588 287 694 327 hoc:
734 300 858 335 „cum
879 285 922 342 ¹)
952 288 1216 342 splenderet,
1245 288 1397 346 inquit,
1427 291 1495 333 lu-

70 382 195 406 cerna
224 382 353 421 super
383 374 510 418 caput
538 367 724 404 meum.“
783 362 990 418 Splendet
1020 380 1118 416 ergo
1150 365 1381 422 unicuique
1410 384 1493 409 no-

65 453 200 482 strum
231 442 405 482 lucerna
437 440 552 489 haec,
581 439 626 479 in
674 450 878 494 quantum
922 441 1018 481 oleo
1058 441 1279 483 bonorum
1310 460 1493 499 operum

63 518 191 559 fuerit
222 534 410 559 accensa.
468 516 514 558 Si
547 527 691 556 autem
721 517 832 557 male
863 533 1056 569 agamus,
1104 530 1144 558 et
1183 536 1312 575 opera
1344 533 1491 564 nostra

61 595 172 636 mala
203 595 295 643 sint,
325 610 415 634 non
445 593 583 633 solum
624 609 713 633 non
760 594 1052 644 accendimus,
1089 596 1163 636 sed
1195 597 1490 650 exstinguimus

61 670 187 711 nobis
217 671 336 711 istam
367 671 611 710 lucernam:
645 682 683 710 et
715 672 959 726 completur
986 671 1032 711 in
1061 672 1187 713 nobis
1216 673 1338 726 illud,
1372 678 1488 731 quod

63 747 283 802 Scriptura
316 745 439 787 dicit:
487 748 585 801 quia
623 747 784 802 ,‚qui²)
815 748 926 788 male
967 747 1069 800 agit,
1114 748 1159 789 in
1197 751 1380 793 tenebris
1418 766 1488 803 cst,

61 835 100 864 et
131 823 204 878 qui
237 823 328 863 odit
357 824 533 864 fratrem
564 841 701 873 suum,
732 826 777 866 in
808 810 1004 866 tenebris·
1024 826 1256 868 ambulat.“
1319 829 1488 871 Exstin-

58 900 117 941 xit
146 900 258 942 enirn
289 901 510 940 lucernam
543 900 746 949 caritatis,
795 912 835 941 et
865 901 963 942 ideo
994 902 1039 943 in
1070 904 1253 945 tenebris
1285 907 1485 951 ambulat.

58 979 128 1018 An
156 993 248 1017 non
278 976 357 1016 tibi
389 976 554 1016 videtur
587 975 821 1018 exstinxisse
852 978 1094 1028 lucernam,
1138 979 1211 1034 qui
1241 982 1384 1024 lumen
1418 1001 1484 1026 ca-

59 1053 190 1094 ritatis
223 1050 448 1093 exstinxit?
511 1051 598 1106 Qui
629 1065 769 1093 autem
812 1053 945 1105 diligit
983 1056 1178 1106 fratrem,
1219 1058 1264 1098 in
1304 1061 1484 1104 caritatis

57 1131 153 1171 luce
184 1131 409 1185 perdurat,
453 1140 493 1169 et
524 1146 621 1169 cum
652 1130 807 1171 fiducia
837 1141 976 1185 potest
1008 1132 1172 1174 dicere:
1208 1150 1312 1186 „ego
1332 1137 1376 1191 3)
1409 1155 1482 1179 au-

56 1219 142 1248 tem
173 1208 280 1248 sicut
314 1206 422 1247 oliva
452 1206 670 1247 fructifera
699 1205 744 1246 in
777 1208 909 1248 domo
941 1207 1071 1249 Dei:“
1103 1221 1162 1250 et:
1201 1211 1364 1267 „ffliiffl
1395 1214 1482 1271 ejus

54 1284 161 1326 sicut
190 1283 383 1323 novellae
401 1282 445 1337 5)
477 1282 683 1324 olivarum
703 1283 747 1324 in
767 1284 944 1325 circuitu
961 1290 1160 1327 mensae“
1193 1286 1289 1344 ejus.
1323 1290 1481 1333 Oleum

58 1378 156 1414 ergo
192 1360 339 1401 offerri
371 1358 542 1417 jubetur
574 1377 595 1401 a
626 1362 807 1415 popule,
841 1372 880 1401 et
899 1363 1039 1404 oleum
1060 1380 1150 1404 non
1174 1367 1481 1424 qualecunque,

56 1439 129 1479 sed
159 1438 393 1485 mundum,
427 1448 466 1477 et
494 1453 586 1477 non
627 1453 674 1477 ex
706 1437 1030 1496 quibuscunque
1057 1441 1310 1492 seminibus,
1351 1469 1404 1476 —
1434 1458 1481 1488 ut

54 1515 148 1557 fieri
180 1513 349 1556 diversis
390 1513 436 1554 in
466 1514 709 1566 regionibus
739 1531 832 1556 mos
865 1527 922 1557 est
954 1541 1027 1568 —-‚
1070 1519 1144 1558 sed
1175 1519 1227 1559 de
1258 1519 1377 1562 olivis
1410 1538 1478 1563 ex-

54 1609 269 1649 pressum,
320 1592 367 1632 in
407 1591 560 1645 quibus
599 1591 807 1632 indicium
845 1593 960 1648 pacis
993 1593 1239 1636 ostenditur.
1327 1598 1479 1656 Neque

53 1669 167 1710 enirn
200 1679 370 1723 accepta
402 1679 580 1721 possunt
618 1685 703 1709 esse
732 1669 830 1709 Deo
876 1686 1008 1725 opera
1045 1683 1143 1723 tua,
1183 1671 1262 1713 nisi
1299 1672 1344 1714 in
1373 1692 1478 1731 pace

49 1758 327 1803 peragantur:
368 1743 474 1785 sicut
505 1756 544 1785 et
572 1745 760 1786 Jacobus
802 1747 1020 1800 apostolus
1062 1747 1182 1788 dicit:
1225 1749 1475 1806 „fructus⁵)

50 1835 192 1866 autem
220 1821 403 1880 justitiae
432 1820 477 1861 in
508 1837 612 1877 pace
642 1822 915 1863 seminatu‘rf‘
971 1822 1026 1864 Et
1044 1823 1087 1878 ⁷)
1118 1824 1302 1876 idcirco,
1335 1830 1476 1880 credo,

55 1900 181 1941 etiam
211 1897 426 1940 Dominus
457 1897 673 1953 discipulis
705 1898 788 1940 suis
817 1899 1012 1940 tradebat
1051 1900 1178 1942 fidele
1222 1904 1476 1959 depositum,

51 1977 220 2018 dicens:
252 1972 488 2030 „pacem5)
519 1990 659 2016 meam
691 1977 746 2017 do
778 1976 910 2027 vobis,
941 1969 1092 2032 pacem
1112 1995 1250 2020 meam
1274 1981 1472 2038 relinquo

55 2053 219 2095 vobis.“
277 2052 347 2093 De
376 2052 455 2091 hae
487 2067 585 2103 ergo
618 2050 728 2093 oliva
761 2053 904 2094 oleum
934 2070 1163 2109 premanus
1184 2073 1362 2111 operum
1392 2075 1474 2099 no-

59 2141 260 2179 strorum,
293 2145 341 2170 ex
372 2144 458 2184 quo
489 2128 663 2169 lucerna
692 2129 888 2170 Domino
917 2130 1051 2185 possit
1081 2134 1279 2183 accendi,
1306 2146 1354 2175 ut
1384 2152 1476 2176 non

52 2207 100 2248 in
129 2206 316 2248 tenebris
347 2205 624 2246 ambulemus.
669 2204 787 2247 Haec
811 2207 983 2262 quidem
1010 2208 1177 2250 anobis
1198 2211 1306 2252 dicta
1323 2211 1475 2267 sint,⁹)

54 2295 260 2339 quantum
291 2283 345 2324 ad
374 2284 594 2324 lucernam
637 2283 881 2324 candelabri
921 2294 963 2325 et
1002 2284 1146 2326 oleum
1187 2285 1274 2343 ejus
1301 2299 1472 2343 spectat.

169 2434 214 2490 ¹)
245 2436 346 2477 Job.
376 2434 540 2484 XXIX,
573 2436 612 2479 3.

171 2503 219 2561 ²)
254 2505 341 2546 Cfr.
374 2505 392 2545 I
424 2504 581 2545 Joann.
613 2504 666 2554 Π,
699 2505 766 2547 11.
885 2507 932 2561 3)
962 2507 1117 2550 Psalm.
1148 2509 1238 2559 LII,
1266 2508 1307 2551 8.

170 2572 217 2627 ⁴)
245 2573 401 2616 Psalm.
434 2574 673 2624 CXXVIII,
701 2575 740 2617 3.
773 2574 1038 2632 (CXXVII.)

167 2641 213 2694 ⁵)
242 2641 360 2683 Libri
392 2644 492 2684 editi
522 2645 581 2697 (ν.
615 2662 648 2686 c.
682 2645 777 2687 edd.
810 2645 916 2702 M.):
958 2648 1096 2698 „oliva
1124 2647 1333 2690 novella.“
1372 2648 1472 2691 Mss.

51 2698 274 2749 „novellae
307 2697 557 2742 olivarum.“
585 2700 638 2742 R.

174 2766 220 2822 ⁶)
250 2767 402 2809 Jacob.
430 2769 506 2819 ΙΙΙ,
538 2770 618 2814 18..
723 2771 770 2828 ⁷)
802 2771 932 2815 Deest
958 2772 1066 2824 ‚,Et“
1095 2772 1140 2816 in
1171 2775 1267 2817 edd.
1299 2775 1362 2818 M.

167 2836 215 2892 8)
246 2837 322 2879 Ev.
351 2838 508 2880 Joann.
539 2839 654 2890 XIV,
682 2842 750 2884 27.

169 2905 216 2960 ⁹)
245 2905 327 2947 Ed.
359 2907 492 2950 Ruaei
520 2910 632 2951 sola:
659 2923 767 2955 sunt.

20 2990 25 2997 ·
52 2982 278 3026 OmGEMs
311 2983 480 3027 OPERA.
511 2984 630 3032 Tom.
663 2986 737 3030 IX.
1083 2990 1141 3034 26
