1752 3136
521 124 570 155 m
598 111 852 154 LEVITICUM
882 112 1082 155 HommA
1112 114 1185 156 VI.
1484 117 1570 162 283

150 229 205 270 ad
234 226 398 284 majora
435 223 683 268 sacerdotia.
732 222 840 264 -Istis
880 238 1020 278 neque
1056 224 1157 264 bina
1194 226 1445 267 indumenta
1483 239 1569 268 tra-

152 307 336 354 duntur,
363 315 501 356 neque
530 298 779 350 humeralis,
809 315 949 354 neque
978 300 1219 352 rationalis,
1250 318 1392 358 neque
1422 304 1566 359 capitis

153 393 338 429 ornatus,
366 377 446 418 nisi
473 386 637 417 tantum
669 374 832 424 cidaris,
864 386 904 416 et
936 393 1083 426 zonae,
1113 396 1220 434 quae
1236 380 1424 420 tunicam
1443 380 1571 420 strin-

152 469 260 511 gant.
305 455 359 496 Et
387 452 453 495 isti
473 468 570 505 ergo
598 451 813 507 accipiunt
830 454 1054 495 sacerdotii
1085 457 1274 507 gratiam,
1306 468 1346 496 et
1375 457 1442 498 isti
1470 458 1570 496 fun.-

150 544 304 587 guntur
334 529 505 577 officio,
543 529 616 569 sed
646 545 737 570 non
766 541 815 570 ut
844 530 928 579 ille,
961 531 1032 586 qui
1064 543 1105 572 et
1135 533 1344 573 humerali
1375 545 1413 574 et
1442 532 1573 574 ratio-

148 610 234 652 nali
265 617 438 650 ornatus
470 617 541 655 est,
571 605 645 661 qui
673 605 1013 649 manifestatione
1044 620 1083 649 et
1115 610 1288 651 veritate
1318 610 1572 663 resplendet,

149 686 223 742 qui
251 701 404 726 aureae
433 682 615 724 laminae
646 695 898 724 ornamento
933 685 1173 727 decoratur.
1219 686 1346 726 Unde
1373 686 1573 736 arbitror,

147 763 264 804 aliud
296 778 381 804 esse
409 761 453 803 in
483 760 776 803 sacerdotibus
807 760 950 802 officio
991 762 1133 815 fungi,
1172 762 1288 804 aliud
1318 762 1572 804 instructum

147 856 234 882 esse
263 842 307 880 in
340 838 539 879 omnibus
570 848 610 878 et
640 850 851 880 ornatum.
897 838 1045 892 Quivis
1078 840 1191 881 enirn
1221 851 1359 894 potest
1386 839 1573 882 solemni

118 958 120 961 ,
148 917 383 959 ministerio
415 914 533 967 fungi
566 915 618 955 ad
648 915 883 970 populum,
922 917 1048 971 pauci
1075 929 1215 958 autem
1246 928 1364 966 sunt,
1396 918 1468 972 qui
1500 934 1572 958 or-

147 994 236 1035 nati
265 993 471 1040 moribus,
500 992 695 1033 instructi
725 993 935 1042 doctrina,
964 993 1168 1048 sapientia
1201 993 1366 1042 eruditi,
1398 996 1451 1035 ad
1483 988 1574 1035 ma-

149 1072 434 1112 nifestandam
464 1070 680 1109 veritatem
711 1085 853 1110 rerum
885 1069 1132 1125 peridonei,
1174 1083 1213 1111 et
1254 1072 1325 1125 qui
1355 1071 1572 1112 scientiam

151 1148 251 1189 fidei
281 1163 369 1188 non
410 1145 500 1186 sine
540 1157 794 1187 ornamento
835 1162 1034 1188 sensuum
1076 1159 1116 1188 et
1155 1148 1448 1189 adsertionum
1488 1151 1572 1189 ful-

142 1239 252 1276 gore
282 1225 548 1278 depromant,
567 1223 685 1277 quod
717 1240 868 1264 aureae
887 1223 1070 1266 laminae
1103 1224 1230 1280 capiti
1259 1225 1482 1280 impositus
1501 1227 1574 1266 de-

150 1301 285 1353 signat
316 1311 500 1341 ornatus.
568 1299 717 1341 Unum
756 1299 882 1352 igitur
923 1312 982 1342 est
1017 1301 1245 1343 sacerdotii
1279 1318 1462 1351 nomen,
1501 1304 1575 1344 sed

149 1395 241 1420 non
269 1394 378 1426 una,
417 1378 482 1418 vel
518 1394 600 1433 pro
632 1379 738 1419 vitae
768 1378 944 1429 merito,
984 1379 1049 1418 vel
1078 1395 1160 1434 pro
1193 1379 1323 1420 animi
1351 1380 1577 1421 virtutibus

153 1454 345 1506 dignitas.
401 1454 458 1495 Et
486 1453 585 1496 ideo
616 1453 662 1494 in
694 1456 768 1504 his,
801 1471 909 1510 quae
938 1456 1004 1496 lex
1034 1455 1173 1496 divina
1206 1456 1416 1506 describit,
1447 1456 1577 1498 veluti

152 1531 197 1572 in
233 1532 406 1586 speculo
455 1530 663 1585 inspicere
707 1547 761 1572 se
792 1532 918 1572 debet
953 1533 1244 1588 unusquisque
1282 1535 1576 1575 sacerdotum:

156 1621 196 1650 et
226 1610 377 1662 gradus
418 1605 558 1648 meriti
598 1606 661 1647 sui
700 1608 802 1649 inde
843 1610 1062 1662 colligere,
1104 1609 1137 1651 si
1175 1627 1219 1652 se
1256 1611 1396 1652 videat
1431 1610 1476 1651 in
1514 1609 1577 1651 his

156 1687 367 1733 omnibus,
401 1701 508 1739 quae
538 1700 665 1739 supra
700 1689 990 1741 exposuimus,
1020 1687 1228 1743 positum,
1259 1688 1578 1744 pontificalibus

155 1773 355 1812 ornatum
375 1762 416 1817 ¹)
447 1761 728 1812 ornamentis;
766 1762 799 1803 si
829 1764 1020 1804 conscius
1050 1764 1129 1806 sibi
1159 1766 1229 1815 sit,
1272 1766 1391 1820 quod
1430 1765 1493 1805 vel
1532 1764 1579 1805 in

153 1839 338 1888 scientia,
368 1839 433 1880 vel
462 1837 505 1879 in
536 1827 719 1889 actibus,
756 1841 821 1880 vel
850 1841 893 1881 in
926 1841 1117 1883 doctrina
1146 1855 1285 1884 tantus
1314 1859 1362 1883 ac
1391 1841 1484 1884 talis
1514 1841 1579 1891 sit,

154 1917 257 1960 sciat
286 1932 329 1958 se
358 1933 570 1958 summum
601 1916 885 1958 sacerdotium
917 1935 1006 1959 non
1036 1921 1175 1960 solum
1206 1921 1398 1969 nomine,
1435 1921 1509 1961 sed
1540 1931 1580 1959 et

154 1994 314 2036 meritis
347 1993 549 2034 obtinere.
623 1994 828 2050 Alioquin
866 1996 1115 2037 inferiorem
1144 1997 1223 2038 sibi
1254 1998 1431 2048 gradum
1460 1994 1579 2051 posi-

155 2084 246 2113 tum
276 2072 464 2128 noverit,
502 2071 660 2112 etiamsi
702 2072 830 2127 primi
867 2090 1029 2115 nomen
1068 2076 1288 2131 acceperit.
1360 2076 1449 2121 Nos
1478 2089 1580 2115 sane

157 2165 248 2190 non
280 2149 406 2189 debet
435 2147 663 2204 praeterire
693 2149 817 2191 etiam
850 2152 956 2201 hoc,
988 2154 1105 2207 quod
1136 2163 1275 2208 potest
1304 2151 1356 2191 ab
1388 2149 1577 2191 studioso

157 2226 316 2267 lectore
347 2224 552 2281 proferri,
591 2226 633 2266 in
666 2243 751 2282 quo
794 2240 833 2269 et
864 2245 939 2280 ego
971 2245 1096 2285 saepe
1125 2246 1292 2270 mecum
1322 2229 1414 2283 ipse
1443 2226 1578 2267 haesi-

158 2303 253 2344 tavi.
312 2301 361 2342 ln
393 2302 546 2342 Exodo
579 2303 690 2344 enim
720 2306 872 2358 legens,
905 2306 979 2347 ubi
1010 2308 1063 2348 de
1091 2305 1426 2348 sacerdotalibus
1454 2320 1578 2344 man-

161 2381 285 2420 datur
315 2379 585 2429 indumentis,
616 2380 793 2424 invenio
818 2396 914 2425 octo
949 2400 1035 2435 esse
1063 2384 1243 2440 species,
1284 2398 1392 2438 quae
1433 2380 1578 2437 ponti-

158 2456 229 2498 fici
257 2469 576 2512 praeparantur.
645 2454 726 2499 Hic
761 2476 863 2501 vero
902 2473 1065 2517 septem
1094 2461 1396 2502 tantummodo
1426 2471 1580 2499 nume-

160 2545 320 2576 rantur.
378 2534 569 2589 Requiro
603 2551 701 2586 ergo
735 2537 835 2591 quid
866 2538 936 2588 sit,
978 2539 1096 2594 quod
1128 2538 1329 2581 omissum
1360 2548 1431 2578 est.
1492 2536 1581 2577 Oc-

161 2623 253 2661 tava
283 2612 442 2667 species
479 2611 539 2652 ibi
571 2612 746 2666 ponitur
777 2627 1024 2671 campestre,
1052 2615 1150 2666 sive,
1178 2626 1226 2657 ut
1256 2614 1356 2657 alibi
1393 2613 1582 2666 legimus,

281 2799 324 2854 ¹)
354 2802 452 2845 Vox
481 2808 735 2850 „ornatum“
775 2805 892 2846 deest
927 2804 972 2847 in
1011 2818 1132 2849 antea
1164 2807 1284 2850 editis
1324 2807 1385 2862 (v.
1417 2823 1451 2847 c.
1485 2805 1580 2846 edd.

162 2855 261 2912 M.),
290 2859 363 2899 sed
394 2860 602 2914 reperitur
630 2860 673 2902 iu
706 2860 805 2904 Mss.
838 2861 885 2903 R.
