1752 3136
150 85 233 132 182
746 89 974 132 Omenms

149 196 402 240 rationabile
431 198 684 255 obsequium
714 204 938 242 vestrum.“
995 198 1050 241 Et
1080 199 1164 241 hoc
1194 211 1254 242 est
1274 217 1354 258 per
1377 204 1574 245 sacerdo·

150 286 251 327 tem,
280 276 345 317 vel
373 275 484 317 filios
512 276 755 327 sacerdotis,
786 277 944 318 offerre
962 277 1207 329 sanguinem
1225 278 1279 319 ad
1305 279 1447 329 altare,
1478 296 1576 322 cum

155 362 196 392 et
225 368 410 408 corpore
441 363 481 393 et
509 351 656 407 spiritu
693 353 784 409 quis
816 366 950 397 castus
983 353 1178 396 efficitur.
1246 354 1356 396 Sunt
1395 353 1507 396 enim
1539 366 1580 397 et

154 427 237 479 alii,
262 428 336 484 qui
367 430 555 470 offerunt
591 427 764 485 quidem
802 429 1103 473 holocaustum
1141 447 1312 473 carnem
1340 448 1475 482 suam,
1503 433 1579 474 sed

151 521 243 545 non
282 521 360 560 per
395 505 676 549 ministerium
713 507 954 550 sacerdotis.
1036 509 1135 549 Non
1175 508 1286 550 enim
1327 507 1581 560 scienter,¹)

151 596 232 623 nec
262 583 498 624 secundum
529 584 676 635 legem,
708 600 817 639 quae
845 582 890 624 in
923 601 997 626 ore
1017 585 1245 627 sacerdotis
1275 599 1346 635 est,
1379 587 1580 634 offerunt,

150 659 224 700 sed
253 670 351 700 sunt
383 659 554 715 quidem
587 660 686 701 casti
716 676 912 715 corpore,
942 663 1086 703 animo
1108 661 1154 717 ²)
1183 674 1323 703 autem
1353 661 1580 703 inveniun-

152 746 222 776 tur
262 735 421 777 incesti.
498 738 585 776 Aut
625 735 739 777 enim
781 737 941 788 gloriae
984 738 1194 778 humanae
1235 737 1581 795 concupiscentia

151 812 433 861 maculantur,
462 823 533 852 aut
565 811 793 868 cupiditate
834 812 1030 854 avaritiae
1059 814 1334 869 polluuntur,
1372 826 1445 856 aut
1472 815 1580 856 invi-

155 888 250 930 diae
281 905 328 929 ac
358 888 502 929 livoris
532 888 778 930 infelicitate
807 889 1081 938 sordescunt,
1121 890 1184 930 vel
1213 890 1391 932 furentis
1425 891 1514 932 odii
1543 903 1583 932 et

150 965 239 1006 irae
269 964 529 1007 immanitate
559 978 771 1008 vexantur.
841 965 1103 1021 Quicunque
1133 983 1232 1020 ergo
1263 968 1366 1010 tales
1393 979 1504 1017 sunt,
1533 966 1584 1008 li-

154 1052 220 1082 cet
253 1057 438 1098 corpore
469 1042 566 1084 casti
596 1042 689 1093 sint,
720 1055 862 1085 tamen
893 1059 985 1083 non
1018 1043 1207 1083 offerunt
1228 1044 1477 1085 holocausta
1509 1059 1585 1085 sua

151 1134 231 1174 per
259 1135 409 1160 manus
439 1130 478 1160 et
506 1118 849 1175 ministerium-³>
877 1118 1118 1161 sacerdotis.
1176 1120 1278 1160 Non
1309 1132 1368 1162 est
1393 1120 1508 1162 enim
1537 1120 1585 1162 in

151 1194 201 1236 iis
231 1195 471 1246 consilium,
501 1208 541 1237 et
568 1197 810 1252 prudentia,
840 1212 950 1252 quae
977 1196 1217 1237 sacerdotio
1249 1197 1438 1250 fungitur
1468 1198 1585 1253 apud

153 1271 320 1312 Deum:
349 1273 423 1314 sed
452 1283 551 1314 sunt
581 1289 628 1313 ex
657 1272 739 1313 illis
771 1274 961 1329 quinque
990 1271 1220 1326 virginibus
1239 1272 1446 1329 stultis‚⁴)
1478 1289 1586 1329 quae

153 1348 333 1401 virgines
371 1349 545 1404 quidem
582 1351 777 1400 fuerunt,
816 1361 858 1390 et
895 1349 1126 1391 castitatem
1167 1349 1360 1405 corporis
1396 1367 1587 1392 servave-

153 1438 266 1475 runt,
297 1427 440 1467 oleum
472 1437 614 1468 autem
647 1426 854 1477 caritatis,
891 1436 933 1466 et
964 1425 1104 1481 pacis,
1143 1437 1182 1466 et
1211 1427 1475 1482 reliquarum
1504 1428 1588 1468 vir-

152 1513 319 1553 tutum,
356 1503 460 1544 vasis
498 1502 582 1546 suis
614 1504 802 1545 condere.
830 1501 1089 1553 nescierunt,
1135 1502 1365 1544 etidcirco
1398 1503 1588 1544 exclusae

153 1591 251 1621 sunt
279 1595 302 1620 a
331 1579 521 1621 thalamo
558 1580 725 1637 sponsi:
766 1579 974 1636 quoniam
1017 1581 1109 1622 sola
1154 1579 1288 1622 carnis
1327 1579 1589 1622 continentia

153 1657 208 1698 ad
239 1656 370 1698 altare
396 1656 663 1699 dominicum
694 1674 784 1699 non
813 1669 954 1715 potest
983 1656 1220 1713 pervenire,
1250 1655 1284 1698 si
1301 1656 1474 1712 reliquis
1504 1655 1590 1697 vir-

151 1733 312 1776 tutibus
353 1746 393 1775 et
433 1733 768 1776 sacerdotalibus
807 1734 1046 1777 ministeriis
1086 1734 1315 1775 deseratur.
1393 1733 1450 1774 Et
1486 1732 1587 1775 ideo

153 1809 227 1867 qui
256 1811 359 1853 haec
387 1811 589 1865 legimus,
619 1812 683 1852 vel
713 1809 930 1862 audimus,
961 1812 1006 1853 in
1035 1822 1261 1866 utramque
1289 1822 1455 1867 partem
1487 1826 1590 1866 ope-

152 1904 245 1929 ram
276 1888 506 1941 demus,⁵)
552 1887 652 1930 casti
689 1905 774 1931 esse
822 1904 1031 1945 corpore,
1073 1888 1177 1930 recti
1215 1898 1384 1939 mente,
1435 1886 1589 1928 mundi

155 1966 310 2016 corde,
352 1965 548 2008 moribus
579 1965 805 2016 emendati,
833 1965 1045 2021 proficere
1070 1964 1117 2007 in
1147 1964 1374 2021 operibus,
1418 1963 1589 2018 vigilare

152 2041 198 2083 in
229 2041 424 2093 scientia,
463 2042 573 2094 fide,
618 2054 659 2085 et
698 2043 882 2091 actibus,
920 2042 1061 2094 gestis,
1110 2054 1150 2084 et
1177 2041 1461 2083 intellectibus
1502 2057 1589 2083 esse

152 2119 354 2176 perfecti,
394 2131 442 2161 ut
482 2120 537 2161 ad
566 2119 887 2162 similitudinem
926 2120 1092 2163 hostiae
1133 2118 1289 2161 Christi
1323 2117 1588 2161 conformari

154 2213 416 2248 mereamur,
453 2212 532 2253 per
569 2196 710 2252 ipsum
747 2195 990 2240 Dominum
1037 2208 1233 2239 nostrum
1272 2196 1422 2239 Jesum
1462 2195 1588 2237 Chri-

273 2371 317 2426 Ι)
349 2371 459 2413 Cod.
491 2369 867 2424 sangermanensis
883 2362 899 2411 :K
930 2369 1176 2421 „scienter.“
1243 2369 1360 2412 Libri
1391 2369 1492 2412 editi
1522 2368 1584 2425 (v.

156 2443 189 2469 c.
221 2429 316 2470 edd.
349 2428 460 2484 Μ.);
490 2429 737 2479 ‚,scientes,“
767 2426 818 2468 R.

270 2497 316 2552 ²)
347 2497 458 2540 Edd.
487 2497 682 2541 Merlini:
713 2497 867 2540 anima.

270 2565 317 2621 3)
350 2566 459 2609 Cod.
499 2568 908 2622 Sangermanensis.:
948 2564 1295 2618 „ministerium.“
1339 2565 1458 2608 Libri
1488 2564 1587 2608 editi

155 2622 215 2678 (c.
247 2638 281 2664 c.
313 2623 408 2664 edd.
439 2625 543 2678 M.):
575 2623 871 2675 ,‚ministeria.“
901 2623 951 2664 R.

271 2690 317 2746 4)
349 2692 436 2733 Csr.
468 2694 619 2737 Matth.
648 2695 788 2746 XXV,
817 2696 857 2738 1.
886 2710 1003 2751 seqq.

274 2761 318 2818 ⁵)
352 2762 514 2805 Omnes
531 2764 653 2806 Mss.:
686 2765 902 2818 ‚,demus.“
932 2764 1052 2809 Libri
1082 2763 1183 2810 editi
1212 2763 1273 2820 (v.
1304 2760 1586 2822 c.1edd.M.):

156 2819 285 2871 „dare
315 2820 560 2863 debemus.“
591 2819 646 2865 R.
