1752 3136
237 86 322 130 198
833 83 1056 126 Omemus

234 197 363 239 Unde
393 208 433 239 et
471 197 516 239 in
555 196 870 255 superioribus,
909 214 1007 239 cum
1049 198 1102 239 de
1142 197 1357 254 pontificis
1394 198 1664 258 sacrificiis¹)

236 275 492 326 diceremus,
536 274 851 316 observavimus
890 291 979 316 non
1011 290 1098 317 esse
1126 274 1329 332 scriptum
1361 277 1414 318 de
1444 293 1523 328 e0,
1566 277 1666 334 quia

235 351 504 404 ignoraverit.
571 352 659 394 Sed
688 351 721 394 si
754 352 847 408 quis
881 353 991 393 bene
1021 351 1215 394 meminit
1245 369 1418 404 eorum,
1456 370 1566 410 quae
1603 355 1668 396 di-

236 439 302 469 cta
332 441 442 479 sunt,
471 440 613 485 potest
640 429 763 482 nobis
797 429 950 481 dicere,
982 430 1079 486 quia
1108 429 1376 480 sacrificium,
1408 431 1523 486 quod
1556 446 1668 486 pon-

233 504 391 547 tificem
420 523 502 563 pro
532 519 708 564 peccato
741 506 920 549 diximus
952 507 1178 557 obtulisse,
1209 509 1388 560 figuram
1423 505 1578 549 Christi
1606 518 1669 548 te-

234 598 338 624 nere
365 583 600 640 posuimus,
617 584 662 638 ²)
694 595 735 625 et
765 585 1022 626 conveniens
1051 601 1141 625 non
1161 584 1207 639 ³)
1225 584 1449 635 videbitur,
1479 596 1526 625 ut
1545 582 1671 625 Chri-

233 670 345 710 stus,
374 660 447 716 qui
476 672 700 716 peccatum
732 662 886 711 nescit,
928 678 1009 717 pro
1048 673 1224 717 peccato
1265 662 1432 704 dicatur
1469 661 1672 703 obtulisse

234 738 518 787 sacrificium,
557 737 655 777 licet
684 753 762 792 per
790 737 1036 796 mysterium
1075 754 1139 780 res
1170 750 1338 790 agatur,
1369 750 1409 780 et
1437 738 1550 779 idem
1580 738 1672 794 ipse

234 812 440 869 pontifex,
469 813 584 855 idem
614 824 804 869 ponatur
834 824 874 854 et
903 813 1052 854 hostia.
1099 813 1209 855 Vide
1239 830 1352 865 erg0‚
1368 816 1402 857 si
1434 827 1473 857 et
1503 816 1558 857 ad
1587 816 1672 856 hoe

235 905 461 946 possumus
492 890 576 931 hoc
614 890 749 931 modo
793 905 1039 940 occurrere,
1079 889 1176 946 quia
1219 890 1408 932 Christus
1447 904 1671 946 peccatum

239 965 412 1021 quidem
443 984 535 1009 non
565 969 677 1018 fecit,
705 980 928 1023 peccatum
966 980 1108 1009 tamen
1148 985 1230 1024 pro
1268 967 1394 1008 nohis
1424 969 1559 1009 sactus
1590 979 1672 1010 est:

239 1043 368 1093 dum,
407 1043 481 1100 qui
511 1057 600 1087 erat
627 1045 672 1086 in
702 1047 841 1087 forma
871 1043 980 1096 Dei,
1018 1043 1064 1085 in
1102 1046 1243 1086 forma
1273 1043 1380 1086 servi
1412 1059 1497 1086 esse
1528 1043 1674 1096 digna-

236 1118 389 1173 tur24)
422 1123 551 1172 dum,
581 1120 654 1178 qui
685 1120 938 1164 immortalis
970 1133 1052 1173 est,
1087 1121 1293 1172 moritur,
1339 1132 1378 1162 et
1404 1120 1674 1178 impassibilis

237 1196 411 1252 patitur,
442 1210 482 1240 et
509 1197 728 1241 invisibilis
758 1198 946 1249 videtur,
978 1210 1017 1239 et
1046 1197 1145 1255 quia
1175 1197 1300 1241 nobis
1331 1198 1577 1240 hominibus
1608 1199 1674 1240 vel

236 1289 367 1324 mors,
395 1275 459 1316 vel
488 1274 652 1330 reliqua
683 1275 822 1317 omnis
850 1275 1051 1327 fragilitas
1079 1275 1123 1317 in
1155 1291 1282 1317 carne
1309 1291 1355 1316 ex
1375 1274 1540 1331 peccati
1568 1292 1674 1317 con-

239 1349 404 1392 ditione
431 1353 690 1407 superducta
719 1363 798 1393 est:
836 1351 926 1408 ipse
967 1353 1115 1402 etiam,
1157 1351 1231 1407 qui
1269 1351 1315 1392 in
1352 1352 1672 1395 similitudinem

239 1426 468 1469 hominum
489 1428 624 1469 factus
655 1439 728 1478 est,
759 1439 799 1468 et
829 1427 978 1469 habitu
1006 1439 1198 1484 repertus
1228 1440 1275 1469 ut
1295 1428 1444 1478 homo,
1473 1429 1563 1470 sine
1594 1431 1674 1471 du-

238 1502 312 1545 bio
345 1521 427 1560 pro
457 1516 649 1560 peccato,
680 1505 799 1561 quod
831 1521 879 1546 ex
908 1504 1036 1545 nobis
1065 1515 1329 1560 susceperat,
1369 1506 1466 1560 quia
1496 1517 1674 1561 peccata

235 1592 384 1623 nostra
413 1581 617 1638 portavit,
654 1581 835 1624 vitulum
865 1580 1213 1632 immaculatum,
1257 1582 1342 1623 hoc
1374 1593 1454 1633 est,
1501 1598 1674 1625 carnem

235 1656 617 1702 incontaminatam
651 1658 806 1701 obtulit
835 1657 1018 1700 hostiam
1047 1658 1158 1700 Deo.
1218 1658 1305 1700 Sed
1337 1659 1440 1714 quid
1470 1659 1673 1702 faciemus

238 1735 293 1777 de
332 1751 406 1786 eo,
446 1738 566 1792 quod
603 1735 649 1777 in
685 1734 960 1792 sequentibus
997 1733 1214 1792 jungitur?
1270 1735 1361 1777 Ubi
1398 1735 1510 1777 enim
1551 1735 1674 1783 dicit:

237 1812 359 1867 „si⁵)
388 1812 563 1869 quidem
587 1813 792 1870 pontifex,
822 1811 895 1868 qui
924 1824 1076 1854 unctus
1096 1822 1168 1862 est,
1196 1812 1433 1869 peccaverit
1445 1817 1482 1854 :“
1510 1811 1572 1853 ibi
1596 1813 1674 1854 ad-

238 1890 372 1931 ditur:
401 1890 534 1947 „ut5)
565 1890 779 1947 populum
809 1891 968 1931 faceret
996 1906 1188 1946 peccare,
1221 1888 1434 1944 offeret⁷)
1464 1906 1545 1946 pro
1571 1906 1673 1946 pee-

239 1978 333 2008 cato
365 1972 483 2008 suo.“
542 1966 782 2022 Quomodo
814 1982 913 2018 ergo
943 1966 1178 2017 conveniet,
1208 1965 1329 2022 ut,⁸)
1351 1966 1449 2023 quia
1474 1983 1553 2023 per
1583 1983 1674 2008 car-

238 2059 339 2084 nem
367 2060 500 2096 suam,
532 2061 660 2101 quam
689 2042 875 2100 suscepit
912 2060 959 2085 ex
989 2044 1114 2086 nobis
1143 2042 1290 2095 Jesus,
1328 2043 1419 2100 ipse
1447 2056 1672 2100 peecatum

358 2238 403 2292 ι)
435 2238 548 2282 Cod.
582 2240 882 2292 sanger-marm
912 2240 1194 2291 „sacrificiis-‘⁴
1259 2239 1378 2282 Libri
1408 2239 1509 2282 editi
1547 2239 1607 2296 (v.
1641 2255 1675 2281 c,

239 2295 335 2337 edd.
366 2296 479 2348 ῙΜ.);
507 2297 783 2347 „sacrificio.“
814 2296 864 2338 R.

353 2366 400 2422 ²)
429 2366 544 2409 Edd.
576 2367 772 2409 Merlini:
801 2366 1054 2423 posuimus?
1087 2379 1126 2409 et
1155 2366 1412 2410 conveniens
1443 2377 1521 2407 etc.

355 2436 402 2486 ³)
433 2436 551 2479 Libri
580 2449 704 2480 antea
735 2437 837 2479 editi
868 2438 926 2495 (e.
962 2456 995 2480 c.
1028 2439 1125 2480 edd.
1153 2438 1264 2493 M.):
1305 2452 1423 2487 „non
1463 2435 1674 2477 videbitur

237 2509 337 2533 vero
372 2493 555 2545 Christo,
587 2494 659 2550 qui
688 2506 912 2550 peccatum
943 2496 1095 2545 nescit,
1138 2507 1185 2546 ut
1222 2511 1302 2550 pro
1337 2496 1541 2550 peccato“
1581 2503 1674 2542 etc.,

239 2550 312 2590 sed
342 2549 447 2593 Msc.
479 2550 756 2603 Sangerman.
786 2563 833 2592 ut
862 2551 905 2592 in
938 2563 1089 2594 nostro
1121 2562 1244 2593 textu.
1273 2551 1325 2591 R.

356 2617 402 2673 4)
432 2619 543 2662 Edd.
573 2620 773 2663 Merlini:
803 2621 1057 2675 dignaretur.

355 2689 400 2742 ⁵)
431 2689 560 2732 Levit.
590 2691 662 2742 IV,
690 2693 731 2735 3.
849 2692 896 2747 ⁶)
924 2691 1053 2733 Levit.
1083 2691 1158 2743 IV,
1185 2691 1225 2734 3.

357 2760 402 2814 ⁷)
431 2758 541 2800 Edd.
573 2761 748 2803 Merlini
775 2777 1023 2818 perperam:
1056 2763 1243 2806 offerret.

356 2829 402 2883 ει>
433 2829 562 2872 Deest
592 2836 692 2881 „uv‘
721 2831 764 2872 in
797 2834 894 2876 edd.
924 2832 987 2875 M.
1078 2820 1081 2821 ’
