1752 3136
432 143 478 172 m
508 131 762 174 Lmncvm
796 129 994 172 HoMmA
1028 131 1078 171 Π.
1402 137 1484 180 189

63 242 174 285 enim
227 244 280 284 ad
330 242 547 285 Hebraeos
593 243 778 283 scribens
827 241 949 282 dicit:
997 241 1176 291 „omnis
1198 243 1257 297 ¹)¹
1300 261 1483 303 namque

16 357 18 359 ,
59 321 247 377 pontifex
279 322 331 362 ab
363 319 606 360 hominibus
643 321 879 368 adsumam,
917 335 998 372 pro
1039 319 1283 363 horninibus
1327 325 1484 364 consti-

58 398 190 438 tuitur
218 399 272 439 ad
302 396 538 437 offerendas
567 395 722 437 hostias
754 395 893 437 Deo.“
949 399 1004 437 Et
1031 397 1285 452 paulopost:
1314 400 1480 454 ,λε-κβ)

57 475 207 530 inquit,
237 472 428 514 homines
457 472 672 513 constituit
711 472 947 513 sacerdotes
989 473 1276 514 infirmitatem
1319 476 1480 518 haben-

57 556 158 601 tes‚“
185 561 233 591 ut
259 547 421 604 possint
449 547 554 589 sicut
584 565 664 603 pro
697 566 782 598 sua,
814 548 930 603 ita3)
961 549 1084 590 etiam
1116 566 1197 605 pro
1230 554 1381 608 populi
1411 555 1479 595 in-

57 628 254 668 firmitate
284 626 453 666 offerre.
523 624 651 666 Vides
685 640 782 676 ergo
816 626 1175 682 dispensationem
1221 628 1386 670 divinae
1415 648 1481 672 sa-

55 702 250 759 pientiae.
317 701 566 742 Sacerdotes
603 703 766 755 statuit,
814 720 904 744 non
952 719 1043 752 eos,
1081 704 1152 759 qui
1196 706 1478 749 omnimodo

53 795 230 835 peccare
258 795 348 819 non
376 790 569 834 possent,
599 802 654 809 ——
684 779 874 835 alioquin
903 796 994 820 non
1025 793 1157 822 essent
1188 782 1380 825 homines
1409 809 1477 834 --‚

53 859 127 899 sed
159 874 243 905 eos,
275 856 347 911 qui
376 855 531 896 imitari
563 855 733 911 quidem
764 858 944 898 debeant
974 857 1119 905 illurn,
1150 859 1222 913 qui
1253 873 1476 915 peccatum

50 950 140 974 non
170 933 288 983 fecit3
317 932 532 986 offerre4)
564 944 704 974 autem
737 933 890 976 hostias
919 934 1061 989 primo
1092 951 1173 990 pro
1204 937 1300 986 suis,
1329 952 1478 994 postea

51 1028 132 1066 pro
174 1009 326 1066 populi
366 1008 537 1051 delictis.
614 1010 699 1050 Sed
741 1009 843 1064 quid
880 1010 1110 1065 praecipue
1145 1012 1191 1052 in
1230 1013 1478 1069 hujusmodi

52 1088 271 1129 sacerdote
301 1085 544 1129 mirandum
578 1085 671 1127 est?
727 1087 852 1136 Non,
881 1098 928 1127 ut
957 1104 1047 1127 non
1079 1101 1245 1142 peccet,
1275 1115 1328 1122 -
1359 1095 1477 1146 quod

19 1212 23 1213 ⁷
53 1165 145 1206 ficri
173 1180 264 1204 non
294 1173 432 1218 potest
462 1185 528 1211 ——,
557 1163 630 1203 sed
659 1173 707 1204 ut
737 1175 936 1214 agnoscat
965 1176 1003 1204 et
1022 1163 1227 1216 intelligat
1254 1179 1476 1222 peccatum

22 1257 187 1283 duum.
245 1241 477 1294 Nunquam
510 1239 622 1280 enirn
653 1256 696 1280 se
728 1242 944 1291 emendat,
984 1236 1055 1296 qui
1094 1257 1286 1297 peccasse
1313 1262 1356 1286 se
1386 1263 1475 1287 non

49 1329 185 1374 putat.
233 1316 370 1357 Simul
401 1316 497 1371 quia
531 1327 569 1356 et
598 1316 760 1359 facilius
787 1329 929 1372 potest
955 1317 1176 1370 indulgere
1204 1325 1477 1376 peccantibus

50 1394 105 1444 is,
144 1393 216 1450 qui
255 1391 430 1447 alicujus
467 1392 720 1435 infirmitatis
761 1410 861 1435 suae
900 1394 1156 1436 conscientia
1194 1401 1474 1442 remordetur.

49 1472 174 1526 Quae
205 1482 264 1511 est
292 1482 431 1510 autern
463 1469 626 1509 oblatio
657 1471 885 1512 sacerdotis
915 1488 995 1526 pro
1030 1473 1238 1527 peccato?
1295 1476 1475 1527 vitulus,

49 1547 209 1604 inquit,
249 1547 303 1586 ad
346 1545 655 1586 holocaustum.
744 1547 945 1595 Secundo
987 1547 1223 1591 invenimus
1264 1554 1409 1595 offerri
1450 1571 1474 1596 a

49 1624 252 1680 pontifice
280 1623 456 1664 vitulum
487 1622 530 1662 in
569 1624 879 1673 holocaustum,
922 1625 1049 1665 semel
1078 1642 1158 1680 pro
1189 1644 1380 1680 munere,
1409 1631 1473 1672 se'-

48 1704 132 1744 mel
161 1718 242 1757 pro
276 1709 466 1756 peccato.
525 1699 612 1740 Sed
645 1700 736 1750 ille,
782 1700 855 1755 qui
886 1702 1064 1742 offertur
1093 1703 1134 1743 in
1166 1721 1365 1756 munere,
1401 1725 1470 1749 su-

48 1796 127 1837 per
157 1776 394 1821 holocausti
424 1775 554 1816 altare
584 1776 859 1819 consumitur.
920 1776 1009 1831 Qui
1041 1795 1141 1819 vero
1172 1797 1252 1835 pro
1282 1796 1473 1837 peccato,

49 1867 162 1898 extra
194 1866 323 1896 castra
355 1869 451 1894 cum
483 1852 622 1901 cori0,
655 1864 694 1893 et
722 1853 947 1895 interaneis
979 1871 1026 1895 ac
1057 1867 1265 1909 stercore,
1295 1861 1338 1901 in
1369 1862 1470 1903 loco

47 1933 211 1974 mundo
242 1929 414 1987 jubetur
452 1929 588 1979 exuri,
624 1919 820 1985 adipibus
859 1931 957 1972 solis
994 1931 1038 1972 in
1078 1934 1208 1975 altare
1250 1937 1400 1979 oblatis
1431 1950 1471 1979 et

48 2010 231 2051 renibus.
291 2007 414 2061 Quae
441 2005 602 2057 singula
635 2006 821 2048 dividere
851 2024 898 2049 ac
929 2008 1180 2061 discernere,
1212 2014 1398 2067 quamvis
1431 2028 1470 2056 et

45 2103 171 2142 supra
202 2096 365 2126 nostras
395 2081 501 2124 vires
530 2081 600 2131 sit,
643 2094 682 2123 et
714 2101 841 2140 supra
872 2084 1062 2127 auditum
1092 2100 1298 2140 vestrum,
1326 2102 1469 2135 tamen

46 2163 206 2219 aliquas
234 2161 352 2202 vobis
383 2161 434 2200 ad
464 2159 785 2212 intelligendum
817 2161 1059 2205 occasiones
1098 2166 1373 2221 conquirere,
1406 2181 1466 2210 at-

46 2256 128 2295 que
158 2239 202 2280 in
230 2238 417 2279 medium
450 2239 643 2291 proferre
671 2238 934 2280 tentabimus.
995 2239 1103 2282 Vide
1134 2258 1244 2294 erg0,
1274 2261 1328 2285 ne
1358 2247 1468 2288 forte

46 2318 192 2365 Jesus,
239 2332 364 2371 quem
405 2314 562 2355 Paulus
603 2313 760 2370 dicit⁵)
808 2316 1050 2371 pacificasse
1095 2334 1174 2373 per
1221 2321 1466 2373 sanguinem

45 2411 168 2435 suum
199 2410 288 2434 non
327 2394 465 2434 solum
507 2407 614 2447 quae
650 2391 694 2431 in
731 2392 873 2443 terris,
918 2394 990 2436 sed
1029 2405 1068 2434 et
1107 2411 1214 2450 quae
1253 2396 1297 2438 in
1337 2400 1465 2443 coelis

163 2601 207 2656 ¹)
239 2600 326 2642 Cfr.
358 2601 487 2642 Hebr.
520 2600 569 2650 V,
599 2603 638 2644 1.
757 2599 803 2656 ²)
834 2602 965 2644 Hehr.
996 2603 1088 2654 VH,
1119 2605 1187 2649 28.

156 2671 202 2726 3)
235 2671 363 2712 Deest
389 2672 500 2720 „ita“
527 2671 572 2712 in
604 2671 667 2711 ed.
699 2670 844 2712 Ruaei.

159 2740 205 2793 ⁴)
239 2741 346 2782 Cod.
379 2740 769 2793 sangermanensis:
810 2744 1035 2793 „offerref‘
1102 2745 1218 2789 Libri
1260 2747 1359 2791 editi
1398 2751 1456 2805 (x.

26 2813 76 2837 ·c.
109 2798 203 2838 edd.
235 2797 342 2851 M.):
373 2797 579 2846 „Ossert.“
611 2797 660 2838 R.

159 2866 202 2919 ⁵)
235 2865 320 2908 Cfr.
350 2867 506 2922 Ephe&
537 2868 568 2917 I,
599 2867 663 2911 10.
