1752 3136
488 136 535 165 m
565 124 823 165 LEv1'r1cUM
851 122 1051 164 HolvnmA
1072 123 1168 163 XII.
1457 125 1538 169 391

115 237 359 293 accipiebat,
390 235 497 277 sicut
526 236 698 277 inferius
730 236 897 283 dicitur,
927 233 1129 287 virginem
1161 236 1215 275 de
1246 249 1397 286 genere
1427 236 1538 279 suo?

114 315 159 355 Si
193 316 244 354 de
274 312 425 355 sanctis
455 330 543 354 non
576 313 676 360 exit,
725 313 759 354 si
795 327 1004 366 nusquam
1043 311 1262 366 procedit,
1310 314 1534 367 quomodo

110 403 181 431 aut
210 392 264 430 ad
297 407 403 446 quos
433 408 532 431 usus
562 389 754 444 accipere
784 387 957 445 jubetur
985 388 1193 431 uxorem?
1237 390 1388 445 Neque
1420 389 1532 430 enim

106 469 344 522 putandum
378 479 448 515 est,
480 468 595 522 quod
628 483 724 507 cum
753 482 886 506 uxore
924 466 1032 506 intra
1063 478 1205 507 sancta
1245 483 1420 510 manere
1449 484 1531 523 po—

106 545 241 586 tuerit.
301 544 387 584 Sed
417 545 518 583 haec
549 554 700 598 putent
730 542 804 592 illi,
839 542 993 597 quibus
1030 544 1202 597 placent
1230 543 1436 584 Judaicae
1467 546 1531 584 sa-

106 621 242 660 bulae.
302 621 390 660 Nos
422 631 561 660 autem
593 621 797 660 habemus
841 621 1104 661 sacerdotem
1143 635 1345 672 magnum
1377 637 1530 660 secun-

106 698 207 737 dum
242 696 437 738 ordinem
469 694 786 738 Melchisedech
829 696 1046 737 Christum
1085 696 1255 746 Jesum,
1304 713 1527 752 nunquam

104 775 156 813 de
188 772 338 813 sanctis
370 785 611 814 exeuntem:
650 790 818 827 semper
848 773 959 814 enim
998 772 1042 813 in
1073 771 1226 814 sanctis
1258 785 1334 823 est,
1367 785 1408 814 et
1438 791 1527 813 ma-

102 862 175 890 net
204 867 372 906 semper
399 862 565 892 sanctus
594 850 638 891 in
670 849 805 891 verbis
835 851 932 901 suis,
964 862 1132 891 sanctus
1161 850 1207 891 in
1237 850 1398 892 actibus
1428 850 1525 900 suis,

102 939 268 968 sanctus
296 927 340 968 in
371 928 570 968 omnibus
609 928 897 968 voluntatibus
935 927 1044 979 suis,
1090 938 1129 968 et
1167 927 1281 969 solus
1323 939 1422 977 est„
1452 930 1524 984 qui

100 1020 320 1058 nunquam
350 1003 589 1044 inveniatur
621 1016 731 1044 extra
761 1015 915 1045 sancta.
976 1004 1059 1066 Qui
1093 1003 1205 1044 enim
1237 1016 1411 1059 peccat,
1443 1004 1523 1046 exit

101 1081 153 1120 ‹le
184 1080 354 1122 sanctis:
390 1092 431 1120 et
461 1078 797 1135 quotiescunque
829 1081 921 1135 quis
957 1092 1127 1136 peccat,
1172 1080 1295 1121 toties
1340 1081 1523 1122 efficitur

99 1169 210 1198 extra
239 1169 395 1199 sancta.
447 1156 648 1197 Christus
678 1168 818 1197 autem
836 1157 907 1213 qui
932 1174 1154 1213 nunquam
1178 1158 1379 1212 peccavit,
1410 1173 1523 1198 nun-

98 1251 223 1289 quam
258 1234 353 1274 exiit
383 1236 436 1275 de
464 1233 627 1274 sanctis.
689 1234 775 1274 Sed
807 1245 847 1274 et
875 1246 943 1283 tu,
974 1233 1046 1290 qui
1074 1234 1260 1289 sequeris
1292 1233 1518 1282 Christum,

96 1323 134 1352 et
163 1311 351 1352 imitator
381 1308 469 1366 ejus
501 1328 554 1359 es,
583 1310 616 1351 si
647 1327 894 1366 permaneas
924 1311 967 1352 in
1000 1312 1131 1351 verbo
1165 1310 1262 1361 Dei,
1289 1312 1322 1353 si
1353 1312 1398 1352 in
1428 1313 1518 1364 lege

94 1387 181 1445 ejus
212 1388 424 1428 mediteris
457 1388 524 1429 die
555 1405 602 1428 ac
633 1400 785 1438 nocte,
826 1388 859 1429 si
889 1388 931 1428 in
963 1388 1174 1428 mandatis
1204 1386 1291 1444 ejus
1323 1404 1514 1430 exercea-

94 1465 161 1513 ris,
192 1481 359 1520 semper
389 1464 431 1504 in
462 1464 616 1506 sanctis
646 1481 699 1514 es,
731 1482 809 1505 nec
839 1482 1030 1520 unquam
1061 1464 1162 1505 inde
1194 1465 1382 1507 discedis.
1428 1467 1514 1506 Ne-

94 1559 176 1598 que
197 1541 308 1582 enim
340 1541 379 1581 in
413 1542 511 1583 loco
541 1554 684 1584 sancta
716 1541 958 1597 quaerenda
988 1552 1097 1589 sunt,
1119 1543 1192 1583 sed
1212 1542 1254 1583 in
1277 1544 1449 1593 actibus,
1473 1556 1513 1584 et

91 1619 184 1668 vita,
217 1636 265 1660 ac
295 1618 500 1661 moribus.
561 1619 686 1673 Quae
723 1619 757 1661 si
797 1618 1032 1659 secundum
1064 1618 1209 1660 Deum
1238 1620 1338 1668 sint,
1379 1633 1418 1661 et
1447 1637 1511 1662 se-

91 1699 279 1737 cundum
310 1708 585 1751 praeceptum
618 1695 701 1736 Dei
733 1696 983 1744 habeantur,
1015 1695 1175 1736 etiamsi
1204 1696 1248 1737 in
1281 1699 1414 1738 domo
1445 1698 1512 1746 sis,

91 1774 247 1815 etiamsi
277 1773 319 1813 in
350 1775 468 1814 foro:
502 1784 540 1812 et
572 1772 674 1827 quid
710 1773 806 1813 dico
838 1772 881 1812 in
911 1771 1041 1814 foro?
1081 1772 1242 1815 etiamsi
1271 1774 1316 1814 in
1346 1775 1509 1816 theatro

50 1846 52 1848 ¹
89 1851 311 1892 inveniaris
342 1853 474 1891 verbo
506 1848 590 1890 Dei
620 1849 866 1897 deserviens,
895 1849 938 1889 in
969 1850 1121 1890 sanctis
1141 1862 1182 1890 te
1210 1867 1296 1892 esse
1318 1868 1407 1892 non
1430 1853 1508 1892 du-

89 1929 205 1969 bites.
274 1930 359 1967 Aut
397 1943 488 1967 non
524 1925 601 1966 tibi
641 1926 810 1967 videtur
840 1926 1018 1976 Paulus,
1069 1944 1164 1968 cum
1187 1927 1408 1980 ingressus
1450 1941 1508 1970 est

88 2006 310 2052 theatrum,
342 2005 405 2044 vel
437 2020 533 2044 cum
564 2002 771 2054 ingressus
803 2015 862 2044 est
892 2004 1185 2058 Areopagum,
1218 2017 1256 2045 et
1284 2006 1506 2060 praedica—

85 2082 141 2122 vit
184 2079 511 2122 Atheniensibus
556 2080 792 2128 Christum,
842 2080 885 2120 in
935 2079 1085 2121 sanctis
1132 2080 1286 2123 fuisse?
1346 2083 1431 2124 Sed
1466 2095 1507 2123 et

87 2175 182 2199 cum
218 2158 546 2212 perambulasset
575 2175 666 2199 aras
698 2169 737 2197 et
765 2157 881 2198 idola
912 2157 1256 2207 Atheniensium,
1285 2158 1361 2199 ubi
1390 2159 1506 2200 inve-

84 2236 146 2275 nit
175 2234 398 2289 scriptum:
440 2233 675 2289 „ignoto¹)
717 2235 866 2276 De0:“
905 2246 944 2275 et
983 2250 1030 2275 ex
1068 2236 1152 2276 hoc
1188 2236 1319 2276 verbo
1359 2236 1505 2277 sumsit

86 2310 242 2351 Christi
272 2311 599 2366 praedicationis
631 2309 874 2360 exordium,
912 2311 1037 2352 etiam
1077 2311 1138 2352 ibi
1166 2328 1255 2353 aras
1286 2313 1502 2364 gentilium

81 2390 262 2429 lustrans
292 2386 337 2427 in
365 2387 517 2428 sanctis
546 2386 705 2441 positus
737 2402 835 2438 erat,
868 2387 964 2444 quia
981 2399 1122 2430 sancta
1148 2389 1370 2441 cogitabat.
1416 2390 1503 2431 Sed

82 2476 124 2505 et
153 2464 396 2519 quicunque
429 2463 612 2505 custodit
651 2480 694 2505 se
732 2478 830 2519 post
869 2476 1083 2520 acceptam
1122 2466 1296 2518 gratiam
1336 2466 1418 2507 Dei
1448 2484 1503 2508 ne

81 2540 241 2581 incidat
270 2540 313 2581 in
346 2539 648 2589 homicidium,
678 2541 721 2581 in
753 2541 1029 2591 adulterium,
1062 2542 1106 2582 in
1136 2543 1318 2592 furtum,
1347 2541 1391 2583 in
1422 2545 1500 2583 sal-

80 2635 172 2659 sum
204 2617 515 2664 testimonium,
556 2628 594 2657 et
625 2616 704 2658 alia
735 2617 903 2670 similia3
940 2619 1015 2660 sed
1054 2631 1277 2674 permanet
1313 2621 1499 2660 mundus

81 2695 134 2734 ab
168 2693 285 2734 omni
316 2693 568 2746 contagione
606 2694 788 2749 peccati:
828 2713 919 2738 non
964 2694 1086 2738 exivit
1122 2694 1198 2738 iste
1242 2697 1296 2737 de
1335 2694 1497 2744 sanctis,

195 2865 239 2920 ¹)
271 2867 361 2909 Act.
390 2867 527 2919 xva,
556 2870 625 2914 23.
