1752 3136
199 52 284 97 408
799 50 1022 93 OmGEms

197 163 350 219 mul')
382 173 423 205 ct
455 161 599 204 odoris
639 161 812 205 suavitas
851 163 1021 219 impleri
1062 163 1160 205 facit
1201 161 1332 214 illud,
1371 166 1489 220 quod
1522 165 1623 208 scri-

197 253 320 297 ptum
378 250 459 282 est:
503 239 792 296 „dirigatur²)
843 240 980 282 oratio
1023 257 1117 281 mea
1162 239 1272 282 sicut
1319 241 1540 282 incensum
1581 242 1625 283 in

197 329 427 373 conspectu
458 322 572 358 tuo.“
644 317 690 358 Si
729 316 820 372 quis
861 333 958 370 ergo
1003 316 1215 358 orationes
1255 317 1428 372 quidem
1473 320 1628 359 offerat

196 395 311 445 Deo,
340 410 429 434 nou
458 405 600 434 tamen
631 394 783 435 habeat
813 396 1020 435 mundam
1064 393 1365 436 conscientiam
1397 396 1451 435 ab
1485 394 1627 451 operi-

196 473 276 512 bns
310 470 452 512 malis:
484 469 551 511 hic
582 471 677 511 thus
711 472 884 527 quidem
916 472 1083 511 videtur
1114 471 1294 526 panibus
1321 487 1628 528 superponere,

195 549 271 590 sed
301 564 390 589 non
423 547 652 604 penitus-³)
685 549 907 589 mundum.
983 549 1092 588 Nam
1135 547 1168 588 si
1210 564 1338 588 omne
1374 548 1470 590 thus
1501 565 1630 589 mun-

199 626 303 666 dum
334 634 449 674 esset',
480 641 570 665 non
603 624 750 678 utique
780 623 1011 666 addidisset
1031 624 1270 680 Scr5ptura‚
1300 625 1396 665 thus
1415 625 1629 666 mundum

197 718 327 758 super
368 700 855 758 pancs'propositionis
915 701 1171 756 ponendum
1220 713 1318 742 ante
1375 700 1631 742 Dominum.

197 779 289 820 Nec
321 779 432 820 enim
463 789 608 833 putes,
640 778 758 832 quod
791 777 1066 832 omnipotens
1098 778 1217 818 Deus
1258 770 1630 827 hoc'mandabat,

201 867 239 897 ct
269 857 350 896 hoc
382 857 472 907 lege
502 853 738 904 sanciebat,
785 866 832 895 ut
871 854 967 895 thus
1012 854 1048 894 ei
1087 871 1132 894 ex
1174 854 1332 895 Arabia
1377 856 1626 896 deferretur.

199 933 285 973 Sed
316 933 400 973 hoc
431 943 489 972 est
518 932 627 981 thus,
659 931 777 987 quod
809 931 925 971 Deus
959 931 1010 970 ab
1052 931 1299 972 hominibus
1341 930 1421 971 sibi
1463 931 1629 986 quaerit

201 1008 361 1059 offerri,
393 1026 439 1050 ex
471 1025 557 1064 quo
591 1009 704 1064 capit
723 1009 902 1049 odorem
925 1007 1149 1058 suavitatis,
1183 1007 1397 1050 oraiioues
1419 1023 1464 1049 ex
1497 1010 1628 1050 corde

199 1104 326 1143 puro,
358 1098 397 1127 ct
428 1084 687 1127 conscientia
718 1087 858 1135 bona,
903 1084 946 1125 in
989 1085 1142 1140 quibus
1180 1101 1278 1126 vere
1309 1085 1426 1127 Deus
1457 1087 1630 1142 suscipit

198 1164 471 1215 fragrantiam
501 1161 723 1204 suavitatis.
771 1161 917 1216 „Et4)
950 1172 1086 1211 erunt,
1117 1161 1266 1216 inquit,
1293 1179 1423 1218 panes
1442 1163 1487 1204 in
1509 1181 1629 1205 com-

197 1241 556 1282 memorationem
587 1238 796 1294 propositi
827 1250 923 1280 ante
951 1239 1208 1279 Dominum.
1277 1240 1325 1280 ln
1365 1240 1434 1280 die
1474 1241 1629 1281 sabba-

199 1330 342 1358 torum
374 1317 625 1372 proponeiiss
658 1322 745 1357 ca.“
795 1315 838 1356 Si
864 1317 1059 1356 nondum
1081 1315 1158 1355 tibi
1190 1315 1460 1357 manifestum
1493 1317 1628 1372 est‚5)

202 1395 298 1450 quia
331 1411 459 1450 panes
490 1393 553 1433 isti
588 1393 764 1432 verbum
796 1392 881 1432 Dei
913 1404 995 1442 est,
1041 1409 1089 1432 ex
1120 1392 1182 1432 his
1213 1409 1329 1433 nunc
1357 1395 1628 1435 sermonibus

200 1472 467 1512 confirmare.
530 1463 649 1523 Quid
681 1481 739 1509 est
771 1469 908 1520 enim,
941 1470 1061 1525 quod
1091 1469 1217 1511 nobis
1249 1471 1629 1512 commemoratio-

198 1564 297 1589 nem
332 1548 415 1590 Dei
446 1546 601 1589 saciat?
679 1545 798 1600 Quid
831 1557 900 1595 cst,
932 1546 1051 1601 quod
1080 1562 1160 1588 nos
1193 1547 1245 1587 ad
1280 1547 1532 1589 memoriam
1564 1549 1631 1605 ju-

197 1625 332 1666 stitiae
364 1637 403 1665 et
430 1626 560 1665 totius
591 1623 695 1664 honi
726 1635 906 1673 revocet,
937 1623 1017 1663 nisi
1050 1624 1225 1663 verbum
1248 1621 1363 1665 Dei?
1394 1624 1496 1665 Ideo
1529 1641 1628 1677 ergo

199 1702 313 1752 dicit,
345 1703 440 1757 quia
474 1701 670 1743 erunt'in
706 1699 1161 1742 commemorationem
1184 1701 1396 1756 propositi
1417 1714 1512 1743 ante
1532 1701 1627 1743 Do-

199 1778 377 1820 minum.
438 1779 571 1820 Addit
602 1778 712 1819 etin
753 1779 822 1818 die
863 1779 1163 1826 sabbatorum,
1209 1777 1253 1817 id
1286 1789 1365 1827 est,
1405 1778 1449 1818 in
1481 1779 1628 1834 requie

200 1855 450 1898 animarum.
522 1855 577 1895 Et
617 1871 723 1910 quae
754 1854 895 1912 major
923 1853 1040 1894 fideli
1072 1854 1239 1894 animae
1270 1854 1456 1909 requies,
1499 1872 1625 1911 quam

199 1932 409 1974 memoria
441 1931 552 1973 Dei?
583 1949 709 1987 quam
741 1931 785 1972 in
817 1918 1164 1987 conspectu'Dei
1204 1931 1390 1973 versari?
1424 1934 1626 1987 quam'in

200 2010 285 2051 fide
314 2009 443 2065 patris
483 2026 529 2049 ac
568 2010 644 2050 filii
683 2008 966 2064 permanere?
1011 2025 1139 2064 quam
1181 2009 1392 2050 orationes
1431 2010 1626 2051 Domino

198 2099 402 2143 tanquam
435 2089 616 2128 odorem
645 2086 856 2127 suavitatis
882 2085 1071 2126 offerre?
1103 2085 1529 2142 ‚,Testamentum‚⁶)
1558 2087 1626 2128 in-

202 2164 306 2220 quit,
336 2176 554 2205 aeternum
588 2165 664 2204 erit
695 2166 841 2204 Aaron
874 2174 912 2204 et
943 2162 1038 2205 filiis
1071 2162 1179 2220 ejus,
1224 2175 1265 2205 et
1303 2165 1626 2205 manducabunt

316 2338 508 2394 1>Ιίἰηί
541 2338 638 2379 editi
677 2339 735 2393 (c
776 2355 809 2381 c.
851 2339 946 2379 edd.
988 2337 1096 2393 Μ.>;
1135 2337 1367 2388 „Similiter
1408 2350 1446 2378 et
1477 2337 1624 2379 odoris

200 2396 376 2438 suavitas
407 2396 610 2451 impleie“
642 2407 733 2444 etc„
763 2395 836 2436 sed
867 2395 967 2435 Mss.
1000 2406 1048 2434 ut
1077 2394 1120 2434 in
1151 2407 1297 2436 nostro
1330 2406 1454 2435 textu.
1485 2395 1537 2435 R.

315 2465 728 2523 2)Psalxn.CXL1,
759 2468 800 2508 2.

311 2536 357 2590 3)
392 2535 500 2576 Cod.
534 2536 808 2587 Sangernmn.
840 2534 1033 2590 „penitus
1063 2536 1314 2577 mundum.“
1371 2534 1491 2577 Libri
1523 2534 1621 2577 editi

199 2595 258 2649 (v.
291 2610 324 2634 c.
359 2594 452 2633 edd.
485 2591 592 2646 M.):
624 2591 775 2646 „pouit
806 2593 902 2634 thus
933 2592 1182 2633 mundum.“
1214 2591 1265 2633 R.

313 2661 359 2716 4)
390 2661 518 2703 Levit.
551 2661 714 2711 XXIV,
751 2662 787 2703 7.
819 2663 858 2704 8.

316 2731 362 2788 ⁵)
388 2730 506 2771 Libri
538 2730 636 2771 editi
667 2732 725 2786 (v.
758 2747 793 2771 e.
824 2731 917 2771 edd.
950 2730 1058 2787 M.):
1093 2735 1244 2783 ,‚erat.“
1274 2730 1326 2773 R

316 2801 362 2856 ὅ)
392 2800 520 2842 Lex-it.
550 2801 711 2851 XXIV,
740 2802 778 2844 9.
813 2802 909 2843 coll.
939 2800 980 2847 8.
