1752 3136
229 159 314 204 418
859 150 1084 192 Omssssms

233 286 272 315 ct
301 273 370 313 hic
403 282 491 311 crat
521 270 631 311 filins
665 264 884 324 Aegyptii,
919 264 1028 305 inter
1066 262 1177 304 filios
1208 261 1361 310 Israel,
1401 272 1439 301 et
1480 260 1663 313 litIgave-

233 361 333 392 runt
363 349 406 389 in
440 345 596 393 castris,
626 343 710 394 ille,
742 343 815 398 qui
848 342 994 397 erat¹)
1036 357 1083 381 ex
1123 338 1356 380 Israelitidc
1393 338 1594 387 muliere,
1625 349 1667 377 et

234 430 370 469 homo
402 421 600 466 Israelita.
660 420 795 472 Vide,
838 431 995 476 quanta
1028 418 1191 459 cautela
1222 415 1458 471 scripturae
1488 415 1669 464 divinae,

233 506 266 546 si
298 517 441 545 tamen
473 501 690 549 intendas,
730 499 764 541 si
807 498 1028 550 diligenter
1060 494 1280 549 inspicias:
1321 493 1467 541 illum,
1512 492 1584 547 qui
1617 493 1669 532 de

232 580 469 623 Israelitide
499 589 648 626 matre,
681 589 720 617 et
752 577 804 616 de
837 574 1044 632 Aegyptio
1077 584 1198 628 patre
1227 582 1350 612 natus
1382 581 1452 618 est,
1483 586 1572 610 non
1606 569 1670 610 di·-

236 660 292 701 xit
322 657 564 699 hominem:
597 655 719 695 illum
750 668 876 700 vero,
907 649 979 705 qui
1011 666 1057 689 ex
1088 661 1274 703 utroque
1304 665 1457 701 genere
1487 646 1672 689 Israelita

239 749 338 786 erat,
369 734 593 775 hominem
633 729 883 769 nominavit.
954 726 1159 767 Putamus
1204 726 1309 766 haec
1351 725 1529 767 fortuitu
1569 724 1673 765 scri-

237 813 342 871 pta?
376 813 580 852 Putamus
606 823 703 847 casu
730 803 959 861 adjectum,
989 815 1038 845 ut
1067 804 1140 845 ille
1169 820 1259 844 non
1282 803 1493 843 diceretur
1523 803 1672 849 homo,

240 905 280 933 et
312 890 380 931 hic
412 882 653 928 diceretur?
701 883 801 923 Non
830 893 929 922 sunt
957 882 1034 922 ista
1065 879 1254 930 fortuita,
1284 879 1393 920 ratio
1428 891 1497 920 cst.
1556 877 1676 919 Nihil

240 967 352 1010 enim
386 967 429 1006 in
459 961 597 1004 verbis
628 959 713 1000 Dei
747 961 908 1014 absque
940 959 1161 1014 profunda
1187 958 1353 1000 ratione
1384 956 1676 1011 couscriptum

242 1057 312 1087 est.
372 1043 449 1083 Ille
479 1054 680 1094 namque,
713 1037 786 1092 qui
818 1054 864 1077 ex
895 1048 1015 1093 parte
1048 1037 1290 1094 Aegyptius,
1322 1052 1369 1076 ex
1399 1046 1519 1090 parte
1543 1034 1678 1074 Israe-

242 1124 313 1165 lita
347 1132 446 1168 erat,
476 1118 675 1159 nondum
706 1115 955 1155 merebatur
986 1114 1119 1155 homo
1150 1112 1380 1154 nominari.
1452 1111 1535 1153 Iste
1563 1127 1679 1158 vere,

244 1201 316 1257 qui
349 1215 397 1239 ex
427 1197 590 1247 integro
621 1192 809 1233 Israelita
842 1203 941 1241 erat,
974 1192 1058 1232 hoc
1090 1202 1161 1239 est,
1195 1190 1326 1246 qui2)
1359 1201 1503 1230 mente
1533 1188 1679 1229 Deum

246 1277 431 1323 videbat,
460 1273 537 1313 iste
568 1272 701 1311 homo
734 1271 985 1325 appellatur,
1017 1270 1088 1309 ille,
1120 1269 1253 1308 homo
1285 1267 1484 1314 inferior,
1522 1265 1595 1320 qui
1626 1266 1679 1305 ad

245 1353 476 1406 imaginem
506 1347 592 1389 Dei
622 1349 757 1387 sactus
789 1346 922 1401 est,³)
956 1358 996 1386 et
1027 1357 1169 1401 potest
1198 1345 1340 1385 videre
1371 1343 1530 1384 Deun'o.

361 1430 400 1470 4.
432 1428 538 1468 Post
577 1425 680 1464 haec
719 1423 806 1480 jam
849 1439 958 1478 quae
995 1422 1039 1463 in
1083 1421 1394 1478 posterioribus
1425 1422 1683 1470 referuntur,

248 1526 340 1550 non
374 1507 533 1560 absque
565 1502 750 1557 quadam
783 1501 1030 1556 quaestione
1059 1511 1170 1549 sunt,
1201 1501 1254 1540 de
1285 1516 1368 1555 qua
1399 1498 1522 1540 multi
1554 1514 1685 1552 quae-

252 1596 402 1632 rentes,
437 1598 527 1622 non
562 1579 697 1619 multa
728 1578 939 1632 explicare
969 1589 1215 1633 potuerunt.
1267 1577 1354 1618 Sed
1383 1576 1416 1618 si
1443 1577 1586 1618 vestris
1616 1591 1686 1617 me

253 1660 520 1704 orationibus
560 1654 769 1714 juveritis,
815 1656 1071 1696 tentabimus
1111 1654 1236 1695 etiam
1285 1670 1366 1695 nos
1410 1653 1454 1695 in
1492 1655 1685 1695 medium

253 1741 472 1797 proferre,
516 1750 624 1791 quae
654 1733 872 1774 Dominus
916 1733 1092 1775 dederit.
1166 1730 1429 1786 ‚‚Homo,4)
1459 1731 1625 1787 inquit,
1654 1731 1688 1772 si

255 1813 521 1858 maledixerit
551 1813 711 1859 Deum,
743 1821 969 1866 peccatum
1000 1809 1190 1864 accipiet.
1250 1809 1339 1864 Qui
1369 1821 1511 1850 autem
1542 1810 1687 1850 nomi—

255 1906 330 1936 nat
358 1908 519 1933 nomen
560 1887 764 1938 Domini,
808 1900 948 1929 morte
987 1887 1237 1928 moriatur.“
1316 1885 1436 1940 Quid
1476 1898 1534 1927 est
1572 1886 1689 1928 hoc?

259 1971 347 2026 Qui
381 1965 646 2009 maledixerit
676 1966 840 2013 Deum,
887 1981 977 2005 non
1008 1965 1138 2005 habet
1175 1980 1363 2020 poenam
1394 1963 1569 2012 mortis,
1613 1964 1689 2004 sed

258 2049 332 2103 qui
363 2043 653 2086 nominaverit
690 2060 852 2084 nomen
894 2040 1103 2083 Domini?
1161 2042 1319 2082 Nonne
1358 2042 1494 2081 multo
1527 2042 1690 2092 gravius

262 2137 332 2174 est,
363 2123 618 2164 maledicere
636 2120 792 2169 Deum,
825 2137 954 2176 quam
984 2119 1222 2170 nominare,
1254 2119 1441 2174 quamvis
1466 2118 1510 2159 in
1532 2135 1689 2158 vanum

260 2201 506 2243 nominasse
537 2197 730 2241 dicatur?
767 2198 822 2238 Et
853 2199 1079 2253 quomodo
1113 2196 1186 2253 qui
1209 2195 1437 2246 maledicit,
1467 2208 1690 2252 peccatum

262 2279 434 2334 suscipit
463 2287 652 2327 tantum,
697 2275 771 2330 qui
814 2288 953 2317 autem
984 2275 1205 2327 nominat,
1249 2285 1390 2315 morte
1431 2272 1694 2314 mulctatur?

264 2357 381 2398 Haec
412 2370 512 2407 ergo
555 2364 676 2402 sunt,
715 2369 824 2408 quae
868 2351 912 2392 in
956 2352 1040 2393 hoc
1080 2352 1180 2393 loco
1217 2351 1358 2394 solent
1400 2350 1691 2406 quaestionem

264 2449 449 2481 movere,
480 2446 588 2486 quae
616 2429 912 2481 ignorantibus
943 2445 1112 2471 sensum
1133 2427 1465 2485 Scripturarum,
1495 2427 1692 2469 inconse-

266 2551 349 2558 ——f

386 2634 430 2688 ¹)
461 2633 590 2674 Deest
618 2634 762 2682 ,‚erat“
798 2631 843 2672 in
869 2631 987 2673 libris
1019 2643 1141 2672 antea
1172 2631 1316 2682 editis,
1358 2634 1432 2674 sed
1472 2631 1694 2688 suppletur

269 2709 290 2732 e
323 2690 421 2732 Mss.
453 2689 501 2731 R.
535 2714 587 2720 —
618 2689 761 2730 Exstat
789 2695 930 2738 ,‚erat“
957 2690 1002 2729 in
1033 2689 1129 2730 edd.
1161 2688 1224 2729 M.

387 2759 434 2812 2)
463 2758 577 2798 Edd.
610 2759 808 2800 Merlini:
842 2760 912 2814 qui
949 2776 995 2798 ex
1025 2769 1168 2799 mente
1200 2769 1277 2800 etc.

386 2828 434 2882 ³)
464 2827 744 2869 Desideratur
774 2835 887 2879 ‚,est“
917 2829 962 2870 in
1000 2829 1095 2870 edd.
1126 2829 1190 2870 M.

388 2898 433 2953 4)
463 2897 592 2938 Levit.
625 2897 784 2948 XXIV,
815 2900 880 2940 15.
910 2899 975 2941 16.
