1752 3136
237 111 321 155 320
860 109 1080 151 Omenms

239 241 347 276 mm,
378 221 455 265 nisi
488 222 633 263 octav'a
663 222 822 264 venerit
856 223 964 273 dies,
1012 222 1055 263 id
1098 234 1177 272 est,
1220 223 1300 266 nisi
1337 224 1468 266 futuri
1503 226 1660 267 saeculi

240 315 406 357 tempus
438 299 617 342 assuerit.
690 300 737 340 In
781 317 867 355 quo
907 312 1047 342 tamen
1080 299 1147 340 die·
1179 302 1249 356 qui
1280 301 1490 342 masculus
1521 313 1592 351 est,
1621 314 1661 343 et

238 379 411 421 viriliter
443 377 582 430 egerit,
612 375 749 416 statim
783 377 822 417 in
857 376 949 433 ipso
983 378 1165 437 adventu
1206 378 1336 419 futuri
1374 378 1529 419 saeculi
1559 395 1663 434 pur-

240 469 374 510 gatur,
407 467 447 496 et
475 453 609 495 statim
642 454 800 495 munda
834 453 1016 505 efficitur
1045 465 1199 504 mater,
1241 471 1349 509 quae
1377 454 1519 507 genuit
1550 471 1663 506 eum,

240 534 463 585 purgatam
498 548 682 586 namque
714 530 818 572 vitiis
858 547 1026 572 carnem
1059 549 1105 572 ex
1137 531 1443 572 resurrectione
1473 531 1661 586 recipiet·

244 610 289 651 Si
321 625 419 649 vcro
452 607 558 648 nihil
601 608 642 648 in
675 625 716 649 se
751 609 894 649 habuit
923 608 1040 648 virile
1071 610 1292 650 adversum
1322 621 1557 664 peccatum,
1587 608 1659 649 sed

240 687 434 728 remissus
456 696 495 724 et
517 683 778 724 effeminatus
801 685 879 725 suit
898 685 940 725 in
972 686 1132 726 actibus
1162 686 1258 736 suis,
1289 686 1405 743 cujus
1435 696 1658 741 peccatum

242 766 324 806 tale
357 774 425 811 est,
457 762 574 816 quod
606 777 695 800 non
726 760 963 801 remittatur
992 777 1129 816 neque
1159 761 1203 802 in
1234 765 1444 818 praesenti
1474 764 1659 811 saeculo,

240 856 380 896 neque
412 840 455 878 in
485 838 653 877 futuro:
693 835 768 877 iste
806 837 952 877 transit
993 848 1033 877 et
1073 853 1204 878 unam
1236 850 1275 878 et
1305 839 1431 879 aliam
1460 840 1657 894 septima-

238 935 340 960 nam
368 917 413 957 in
444 913 711 956 immunditIa
743 930 830 963 sua,
868 925 908 954 et
937 914 1055 955 tertIa
1089 915 1260 955 demum
1291 914 1519 969 incipiente
1552 916 1660 954 obo-

238 996 313 1038 riri
343 992 597 1050 septimana,
627 1002 831 1046 purgatur
869 991 921 1031 ab
959 991 1251 1042 immunditia,
1294 1008 1420 1048 quam
1460 990 1664 1032 feminam

238 1072 447 1131 pariendo
481 1068 695 1109 contraxit.
764 1066 938 1108 Hostiae
980 1085 1104 1118 vero,
1145 1085 1253 1124 quae
1292 1086 1372 1124 pro
1414 1065 1662 1125 hujusmodi

238 1147 511 1192 immunditia
553 1143 755 1201 jubentur
804 1145 1019 1195 adhiberi,
1067 1145 1293 1200 dupliciter
1333 1145 1660 1196 distinguuntur.

237 1227 387 1270 Primo
428 1222 601 1282 jubetur
649 1238 777 1274 agnos
817 1221 965 1262 offerri
1011 1223 1232 1263 anniculus
1279 1223 1369 1264 sine
1411 1223 1576 1264 macula
1615 1220 1662 1262 in

239 1306 550 1349 holocaustum,
581 1310 619 1339 et
637 1297 679 1355 ¹)
710 1299 853 1354 pullus
884 1287 1169 1349 columbinus,
1194 1310 1265 1340 aut
1294 1310 1432 1340 turtur
1453 1315 1533 1354 pro
1560 1315 1659 1355 pec-

239 1394 346 1425 cato.
407 1377 604 1420 Secunda
619 1374 664 1431 ²)
695 1391 794 1416 vero
826 1377 1055 1417 mandatur
1085 1376 1242 1428 hostia,
1282 1376 1336 1425 si,
1378 1376 1537 1431 inquit,
1569 1392 1658 1416 non

237 1456 446 1502 invenerit
474 1471 625 1495 manus
657 1452 744 1510 ejus
778 1453 896 1508 quod
924 1453 1107 1494 sufficiat
1137 1455 1191 1494 ad
1223 1468 1390 1504 agnum,
1420 1451 1658 1507 accipiat3)

240 1539 349 1579 duos
378 1544 584 1581 turtures,
628 1542 700 1571 aut
738 1531 846 1571 duos
887 1531 1026 1586 pullos
1069 1531 1392 1579 columbarum,
1437 1545 1571 1569 unum
1606 1530 1660 1569 ad

237 1615 552 1660 holocaustum,
587 1619 627 1649 et
656 1607 785 1648 alium
818 1624 897 1662 pro
929 1618 1119 1662 peccato.
1185 1606 1314 1647 Unde
1344 1618 1384 1647 et
1413 1604 1569 1647 mirum
1598 1604 1661 1645 vi-

239 1694 374 1740 detur,
405 1689 525 1744 quod
553 1685 713 1726 oblatio
736 1684 900 1725 Mariae
930 1701 1019 1725 non
1045 1683 1240 1725 habuerit
1255 1682 1437 1724 hostiam
1460 1682 1660 1738 primam,

235 1769 283 1810 id
315 1779 384 1818 est,
414 1781 567 1817 agnum
601 1762 869 1810 anniculum,
899 1763 972 1802 sed
1001 1762 1255 1802 secundam:
1296 1772 1501 1815 tanquam
1542 1758 1659 1815 cujus

238 1862 388 1887 manus
421 1858 509 1883 non
538 1839 752 1882 suffecerit
783 1840 836 1878 ad
866 1837 1060 1893 primam.
1118 1837 1188 1879 Sic
1219 1836 1331 1878 enim
1364 1837 1567 1891 scriptum
1601 1848 1660 1877 est

239 1924 293 1965 de
323 1937 392 1963 ea:
422 1928 640 1966 venerunt,
669 1914 818 1971 inquit,
837 1926 1031 1970 parentes
1061 1912 1162 1971 ejus,
1182 1913 1285 1968 ut4)
1317 1915 1549 1963 „offerrent
1577 1929 1657 1968 pro

238 2017 290 2042 eo
321 1996 516 2045 hostiam,
546 1995 780 2035 secundum
814 1993 931 2047 quod
960 1992 1162 2048 scriptum
1195 2004 1253 2032 est
1282 1990 1324 2032 in
1353 1991 1444 2043 lege
1464 1988 1658 2039 Domini,

237 2094 316 2133 par
343 2086 570 2122 turturum,
602 2082 673 2111 aut
703 2071 810 2111 duos
840 2069 981 2124 pullos
1021 2070 1357 2110 columbarum.“
1425 2067 1512 2108 Sed
1544 2078 1582 2107 et
1611 2066 1657 2106 in

238 2155 322 2195 hoc
354 2150 605 2200 ostenditur,
634 2164 780 2189 verum
812 2163 898 2189 esse
924 2146 1045 2197 illud,
1078 2146 1196 2202 quod
1218 2145 1424 2202 scriptum
1455 2155 1526 2195 est,
1558 2141 1656 2199 quia

357 2361 401 2416 ¹)
431 2358 550 2401 Libri
581 2370 698 2399 antea
732 2357 832 2400 editi
863 2358 922 2413 (v.
954 2372 987 2396 c.
1020 2356 1113 2398 edd.
1144 2355 1251 2410 M.):
1295 2365 1395 2404 „aut
1433 2352 1541 2408 pulli
1581 2368 1653 2393 co-

237 2418 435 2467 lumbini,
465 2428 537 2457 aut
565 2427 747 2456 turtures
776 2431 856 2469 pro
886 2418 1104 2468 peccato,“
1133 2413 1206 2454 sed
1231 2410 1327 2452 Mss.
1356 2422 1402 2450 ut
1430 2411 1475 2450 in
1506 2421 1652 2450 nostro

235 2488 361 2518 textu.
395 2475 443 2514 R.
474 2499 526 2505 -—
561 2472 647 2513 Cfr.
678 2471 804 2512 Levit.
836 2471 933 2520 XII,
963 2469 1001 2512 6.

355 2542 400 2597 ²)
431 2543 549 2584 Libri
581 2554 702 2583 antea
735 2540 834 2583 editi
865 2541 923 2595 (e.
955 2557 987 2580 c.
1022 2539 1115 2580 edd.
1136 2536 1242 2591 Μ.);
1273 2536 1502 2591 „Secundo
1524 2539 1651 2577 vero“

239 2612 328 2651 ete,
357 2600 430 2641 sed
461 2599 557 2640 Mss.
589 2598 754 2654 (itemq.
789 2599 882 2639 edd.
914 2595 1002 2652 M)
1031 2608 1078 2636 ut
1107 2594 1151 2635 in
1180 2604 1325 2634 nostro
1357 2604 1482 2634 textu.
1514 2592 1563 2633 R.

266 2727 276 2737 ο
336 2668 540 2767 ἑῗΙΕὲὶά.
571 2667 764 2712 Merlini:
795 2667 972 2724 accipiet
1002 2667 1104 2709 duas
1134 2674 1327 2707 turtures.
1367 2690 1422 2702 -.
1454 2662 1541 2705 Csr.
1570 2662 1650 2704 Le-

238 2739 307 2771 vit.
423 2756 434 2775 ‚
494 2757 501 2765 .

355 2795 401 2850 ⁴)
416 2795 530 2844 ¹Luc.
561 2793 612 2846 II,
641 2796 706 2838 24,
