1752 3136
461 137 506 167 m
536 125 737 165 Exonum
767 121 967 161 HommA
997 118 1068 158 IV.
1421 118 1475 160 47

60 239 373 281 obsecrationes
392 237 433 292 ι)
463 235 714 292 pontificum
744 249 823 274 nos
854 247 941 272 esse
969 229 1228 286 purgandos,
1257 230 1373 282 quod
1396 231 1480 271 Aa·

59 335 140 359 ron
170 333 352 373 persona
384 315 595 365 designat;
630 311 674 351 in
716 310 969 366 quibusdam
1011 324 1110 347 vero
1153 322 1230 362 per
1260 305 1476 347 scientiam

60 394 226 435 divinae
256 393 355 445 legis
387 390 701 438 emendandos,
739 388 845 440 ut2)
884 384 1018 427 ἼΜοείε
1048 383 1239 435 designat
1270 384 1482 434 officium3

58 471 103 512 in
135 471 224 512 aliis
255 481 417 518 autem,
461 467 551 509 sine
591 465 724 507 dubio
767 480 876 519 quae
917 462 1159 504 difficiliora
1188 475 1307 511 sunt,
1351 459 1481 517 ipsius

60 547 239 588 Domini
273 562 392 599 egere
421 544 584 586 virtute.

171 624 210 667 9.
242 624 329 665 Sed
356 639 411 663 ne
439 621 545 663 illud
581 620 752 677 quidem
784 620 1023 675 putandum
1058 630 1118 659 est
1147 618 1271 661 nobis
1301 618 1483 660 inaniter

63 703 345 749 observatum,
376 700 495 755 quod
537 700 678 754 primo
722 698 894 754 quidem
944 695 1088 737 Moses
1134 712 1223 737 non
1262 697 1389 738 intrat
1427 698 1483 738 ad

60 778 343 832 Pharaonem,
372 778 444 818 sed
478 776 661 817 occurrit
692 775 729 816 ei
757 774 924 816 exeunti
955 775 1008 815 ad
1034 790 1174 829 aquas,
1203 775 1484 828 postmodum

63 872 161 896 vero
183 855 309 896 intrat
333 855 385 895 ad
408 870 518 902 eum,
548 864 644 908 post
676 853 757 892 hoc
782 869 873 893 non
900 853 1040 901 intrat,
1072 852 1144 892 sed
1176 850 1397 892 accersitus
1415 853 1484 892 ac‘-

64 932 186 974 cedit.
246 931 303 971 Et
332 931 374 972 in
408 932 491 971 hoc
521 929 576 972 ita
618 928 805 971 arbitror
840 928 1013 981 intelligi
1051 945 1199 984 posse,
1244 930 1362 984 quod
1402 928 1487 970 sive

66 1008 192 1050 nobis
221 1007 265 1049 in
297 1010 427 1049 verbo
459 1007 555 1058 Dei,
588 1019 627 1048 et
657 1005 870 1059 religionis
900 1005 1143 1047 adsertione
1182 1018 1395 1047 certamen
1428 1019 1488 1048 est

66 1087 286 1128 adversum
315 1085 609 1137 Pharaonem3
651 1085 735 1125 sive
773 1084 898 1124 etiam
939 1084 1128 1124 obsessas
1157 1084 1211 1123 ab
1245 1099 1293 1124 eo
1326 1083 1487 1126 animas

66 1179 89 1202 a
120 1173 325 1218 potestate
357 1159 445 1217 ejus
478 1179 686 1203 conamur
719 1162 901 1217 eripere,
943 1172 982 1201 ct
1021 1171 1080 1200 cst
1110 1160 1233 1202 nobis
1263 1161 1307 1202 in
1339 1161 1486 1217 dispu-

65 1239 225 1280 tatione
256 1241 490 1281 luctamen:
519 1256 611 1280 non
639 1238 777 1281 statim
806 1237 849 1279 in
880 1237 1017 1294 prima
1046 1239 1190 1280 fronte
1218 1239 1383 1292 ingredi
1415 1241 1491 1282 de-

67 1318 216 1358 bemus
248 1317 301 1358 ad
330 1315 477 1365 ultima
511 1315 805 1372 quaestionum
835 1317 945 1365 loca,
974 1316 1045 1356 sed
1067 1316 1381 1357 occurrendum
1407 1332 1490 1357 no-

68 1394 133 1436 bis
165 1405 222 1435 est
253 1393 504 1443 adversario,
543 1405 581 1435 et
611 1395 924 1434 occurrendum
959 1394 1012 1434 ad
1046 1410 1174 1448 aquas
1194 1409 1297 1436 suas.
1340 1396 1490 1450 Aquae

69 1472 183 1513 enim
212 1487 310 1512 suae
347 1483 443 1511 sunt
484 1482 677 1511 auctores
720 1471 939 1521 gentilium
979 1470 1357 1526 philosophorum·
1425 1471 1493 1512 Ibi

71 1563 170 1598 ergo
214 1548 340 1588 nobis
384 1548 572 1603 primum
615 1547 830 1603 disputare
868 1548 1130 1597 volentibus,
1176 1548 1493 1589 occurrendum

72 1636 145 1673 est,
174 1635 221 1665 ut
249 1624 362 1680 ipsos
393 1640 638 1677 arguamus,
684 1636 722 1665 et
753 1624 868 1680 ipsos
899 1640 1055 1666 errasse
1088 1626 1329 1666 doceamus.
1389 1624 1494 1665 Post

71 1702 155 1742 hoc
185 1698 271 1756 jam
301 1701 625 1753 ingrediendum
657 1700 780 1742 nobis
813 1714 871 1743 est
910 1713 951 1742 et
980 1703 1033 1742 ad
1063 1700 1268 1742 interiora
1298 1701 1494 1742 certami-

71 1778 147 1819 nis.
207 1777 325 1818 Dicit
354 1777 466 1818 enim
498 1777 736 1818 Dominus:
778 1776 943 1833 „nisi³)
982 1777 1100 1833 prius
1141 1777 1234 1834 quis
1265 1777 1495 1830 alligaverit

72 1856 244 1904 fortem,
272 1871 365 1895 non
393 1866 532 1910 potest
561 1854 738 1895 introire
769 1854 814 1896 in
845 1856 1022 1896 domum
1056 1854 1167 1912 ejus,
1211 1866 1251 1896 et
1281 1872 1375 1896 vasa
1407 1854 1495 1912 ejus

74 1932 296 1988 diripere.“
380 1931 504 1973 Prius
543 1947 640 1984 ergo
680 1931 805 1974 nobis
820 1931 864 1990 ⁴)
907 1933 1140 1986 alligandus
1180 1943 1239 1974 est
1278 1932 1418 1982 sortis,
1457 1944 1497 1974 et

75 2008 370 2065 quaestionum
419 2009 597 2051 vinculis
643 2009 1018 2063 constringendus,
1075 2022 1114 2052 et
1171 2010 1227 2051 ita
1273 2009 1497 2051 introeun-

76 2088 179 2128 dum
211 2088 265 2128 ad
297 2086 535 2143 diripienda
566 2103 660 2137 vasa
693 2085 801 2144 ejus,
842 2100 882 2129 et
910 2089 1150 2129 liberandas
1180 2087 1364 2136 animas,
1394 2104 1498 2143 quas

77 2163 335 2219 deceptionis
383 2166 535 2206 fraude
573 2166 832 2221 possederat.
920 2164 1053 2219 Quod
1095 2181 1193 2205 cum
1230 2163 1394 2221 saepius
1434 2165 1500 2206 fe-

82 2238 283 2290 cerimus,
343 2253 382 2282 et
436 2240 670 2283 steterimus
720 2254 866 2283 contra
914 2243 1075 2298 ipsum;
1129 2242 1363 2284 steterimus
1422 2260 1499 2284 au-

78 2329 163 2358 tem
206 2333 256 2359 eo
297 2319 452 2368 modo,
492 2335 578 2374 quo
611 2321 845 2374 Apostolus
891 2319 1012 2360 dicit:
1052 2320 1240 2375 „state⁵)
1273 2335 1372 2371 ergo
1402 2335 1500 2360 suc-

81 2394 205 2436 cincti
233 2396 405 2437 lumbos
448 2407 605 2438 vestros
651 2395 696 2437 in
741 2397 960 2439 veritate:“
1005 2408 1046 2439 et
1084 2397 1260 2439 iterum:
1309 2408 1436 2449 „state
1452 2396 1500 2453 ⁶)

201 2528 244 2583 ¹)
274 2528 384 2570 Edd.
418 2528 611 2570 Merlini:
646 2522 985 2573 observationes(

195 2598 242 2654 ²)
273 2598 386 2641 Edd.
416 2599 611 2641 Men-lini:
648 2601 779 2656 quod.

197 2666 244 2722 3)
276 2667 428 2709 Matth.
456 2668 556 2719 XII,
584 2669 652 2712 29.
684 2670 782 2711 coll.
816 2672 911 2713 edd.
941 2671 991 2712 N.
1023 2670 1075 2713 T.

199 2737 246 2792 ⁴)
278 2737 409 2779 Deest
440 2740 616 2788 „nobis“
647 2739 692 2781 in
724 2741 819 2782 edd.
849 2740 910 2781 M.

201 2808 245 2863 ⁵)
274 2808 430 2863 Ephes.
461 2808 533 2858 VI,
565 2809 629 2854 14.

202 2877 248 2933 ⁶>
279 2878 460 2935 Phnipp.
493 2879 566 2931 lv,
595 2880 633 2922 1.
667 2880 760 2922 0011.
794 2880 811 2922 1
846 2880 945 2924 cor.
978 2882 1092 2932 xvi,
1124 2882 1189 2928 13.
