1752 3136
450 106 496 137 m
526 93 779 135 anmcum
808 91 1009 133 HoMmA
1035 89 1148 130 vm.
1421 87 1506 150 3'13

99 206 279 256 medice,
308 208 380 249 scd
412 206 483 262 qui
513 206 622 246 male
650 205 819 244 habent.
861 201 960 242 Non
992 201 1102 241 enim
1134 197 1227 239 veni
1260 213 1409 238 vocare
1438 197 1504 252 ju-

97 297 196 334 stos,
225 285 297 325 sed
325 293 566 338 peccatores
595 281 640 321 in
668 277 1012 334 poenitentiam.“
1072 275 1223 319 Omnis
1246 286 1384 314 autem
1416 290 1506 313 rne-

99 361 215 401 dicus
246 376 292 400 ex
320 359 547 399 herbarum
574 355 709 398 succis
737 356 802 396 vel
833 356 1061 404 arborum,
1101 354 1166 395 vel
1207 351 1329 394 etiam
1361 351 1508 390 metal-

97 437 241 477 lorum
270 434 394 484 venis,
423 434 489 474 vel
518 432 797 473 animantium
827 431 1005 481 naturis,
1057 433 1283 486 profutura
1313 427 1507 483 corpori-

97 514 176 554 bus
202 511 506 552 medicamenta
538 508 769 564 componit.
819 509 904 550 Sed
927 508 1079 548 herbas
1098 507 1196 548 istas
1219 507 1252 546 si
1277 505 1367 560 quis
1388 507 1510 552 forte,

98 600 324 643 antequam
362 604 442 642 pro
481 586 646 628 ratione
686 587 783 627 artis
823 596 1159 642 componantur,
1205 581 1431 638 adspiciat,
1477 580 1510 622 si

98 666 269 719 quidem
298 664 343 704 in
374 663 481 715 agris
513 675 585 705 aut
613 663 846 712 montibus,
875 663 985 703 velut
1015 663 1191 701 foenum
1224 661 1304 700 vile
1334 659 1510 699 concul-

97 752 173 789 cat,
205 753 242 781 et
271 741 479 796 praeterit.
539 739 585 780 Si
615 757 714 781 vero
747 756 814 781 eas
843 739 949 780 intra
971 738 1123 779 medici
1146 738 1335 779 scholam
1366 737 1512 790 dispo·-

95 816 189 858 sitas
218 834 296 873 per
326 817 520 858 ordinem
550 816 712 866 viderit,
742 817 841 859 licet
873 817 1050 857 odorem
1081 813 1312 871 tristem,¹)
1353 815 1510 854 fortem

95 905 137 934 ct
166 907 377 936 austerum
408 894 602 943 reddant,
630 905 772 935 tamen
784 893 1082 949 ,suspicabitur
1112 908 1176 933 eas
1205 907 1329 932 curae
1351 891 1415 930 vel
1444 906 1512 929 re-

94 971 226 1011 medii
255 971 416 1026 aliquid
452 970 682 1020 continere,
713 969 874 1011 etiamsi
903 970 1097 1010 nondum
1131 984 1250 1023 quac,
1281 968 1345 1007 vel
1378 966 1512 1022 qualis

94 1045 146 1089 sit
174 1047 357 1088 sanitatis
388 1064 434 1088 ac
466 1046 641 1087 remedii
671 1046 820 1096 virtus,
850 1046 1078 1098 agnoverit.
1145 1045 1261 1085 Haec
1302 1043 1352 1082 de
1393 1059 1514 1082 com-

95 1123 294 1164 munibus
329 1124 500 1164 medicis
531 1122 721 1165 diximus.
791 1122 900 1162 Veni
935 1139 1051 1162 nunc
1090 1122 1142 1161 ad
1182 1121 1326 1161 Jcsum
1374 1121 1515 1160 coele-⁴

95 1211 198 1240 stem
230 1200 465 1241 medicum:
503 1200 614 1241 intra
656 1201 709 1241 ad
749 1201 858 1241 hanc
896 1199 1120 1240 stationem
1158 1197 1394 1240 medicinae
1426 1194 1513 1252 ejus

97 1275 336 1318 ecclesiam:
366 1277 462 1317 vide
489 1277 549 1318 ibi
578 1278 868 1330 languentium
899 1275 1036 1334 jecere
1055 1274 1384 1316 multitudinem.
1429 1274 1515 1313 Ve-

94 1352 158 1394 nit
185 1354 351 1403 mulier,
383 1371 491 1409 quae
521 1371 568 1396 ex
598 1367 724 1411 partu
753 1356 975 1396 immunda
1008 1355 1154 1394 effecta
1189 1364 1268 1401 est,
1307 1352 1419 1392 venit
1449 1352 1510 1391 lc-

96 1445 261 1484 prosus,
293 1430 365 1486 qui
395 1442 507 1472 extra
540 1443 671 1473 castra
701 1443 915 1488 separatus
954 1442 1012 1472 est
1040 1447 1121 1486 pro
1153 1429 1422 1471 immunditia
1453 1429 1514 1468 lc-

95 1522 213 1562 prae,
243 1520 450 1563 quaerunt
480 1524 503 1548 a
533 1509 701 1549 medico
732 1509 994 1557 remedium,
1040 1509 1263 1563 quomodo
1302 1517 1517 1555 sanentur,

99 1585 323 1639 quomodo
354 1585 634 1625 mundentur:
666 1595 707 1625 et
738 1585 834 1641 quia
865 1586 985 1627 Jesus
1016 1585 1097 1634 hic,
1130 1583 1201 1640 qui
1226 1583 1413 1624 medicus
1444 1594 1516 1632 cst,

95 1660 186 1715 ipse
216 1672 276 1702 est
306 1673 346 1701 et
376 1662 552 1702 verbum
582 1661 678 1711 Dei,
709 1662 839 1715 aegris
870 1661 952 1702 suis
991 1678 1081 1702 non
1111 1661 1339 1701 herbarum
1372 1659 1516 1707 succis,

95 1739 169 1779 sed
200 1739 425 1779 verborum
459 1738 728 1781 sacramentis
756 1738 1063 1780 medicamenta
1103 1736 1330 1791 conquirit.
1392 1735 1515 1789 Quae

96 1815 327 1856 verborum
359 1816 666 1858 medicamenta
695 1816 729 1857 si
774 1816 864 1872 quis
904 1814 1100 1857 incultius
1143 1830 1221 1869 per
1259 1815 1391 1854 libros
1422 1825 1515 1853 tan-

100 1907 225 1947 quam
257 1908 335 1947 per
365 1909 484 1945 agros
513 1892 650 1934 videat
682 1909 766 1935 csse
796 1894 996 1950 dispersa,
1021 1892 1222 1944 ignorans
1249 1890 1515 1943 singulorum

98 1968 311 2009 dictorum
341 1971 548 2021 virtutem,
579 1982 626 2011 ut
654 1970 749 2012 vilia
780 1971 897 2019 haec,
933 1982 972 2010 et
1000 1971 1166 2010 nullum
1186 1967 1392 2010 sermonis
1425 1968 1514 2007 cul-

97 2055 189 2085 tum
221 2045 432 2096 habentia,
461 2048 717 2102 praeteribit.
778 2048 866 2103 Qui
903 2063 1001 2088 vero
1044 2063 1089 2088 ex
1131 2047 1270 2101 aliqua
1300 2057 1420 2101 parte
1451 2045 1516 2085 di-

100 2121 250 2162 dicerit
279 2122 514 2164 animarum
547 2126 661 2180 apud
693 2124 908 2166 Christum
942 2141 1027 2166 esse
1057 2123 1327 2172 medicinam,
1357 2123 1514 2163 intelli-

97 2210 163 2250 get
192 2200 386 2254 profecto
419 2217 465 2240 ex
494 2201 556 2242 his
587 2202 718 2252 libris,
749 2201 821 2258 qui
850 2202 895 2243 in
922 2202 1092 2242 ecclesia
1125 2200 1373 2249 recitantur,
1414 2212 1510 2240 tan-

99 2291 228 2330 quam
261 2292 308 2316 ex
347 2276 452 2328 agris
493 2288 533 2317 et
570 2279 810 2329 montibus,
863 2280 1062 2320 salutares
1101 2280 1252 2319 herbas
1295 2278 1517 2318 adsumere

96 2367 450 2408 unumquemque
481 2355 657 2406 debere,
702 2373 947 2398 sermonum
988 2358 1187 2397 duntaxat
1225 2354 1332 2395 vim:
1375 2367 1444 2404 ut,
1483 2357 1516 2396 si

100 2429 191 2483 quis
221 2429 281 2470 illi
297 2430 342 2484 ²)
374 2441 433 2471 cst
464 2430 516 2486 in⁴
539 2431 675 2472 anima
706 2434 897 2484 languor,
926 2450 1016 2473 non
1045 2444 1133 2473 tam
1157 2432 1373 2473 exterioris
1395 2435 1517 2473 fron-

97 2504 160 2547 dis
193 2518 233 2547 ct
265 2507 444 2558 corticis,
475 2525 601 2564 quam
632 2509 746 2551 succi
775 2509 983 2552 interioris
1023 2511 1169 2551 hausta
1211 2509 1362 2551 virtute
1393 2525 1515 2551 sanc-

214 2702 257 2757 ¹)
289 2702 399 2745 Edd.
432 2703 628 2746 Merlini:
661 2705 819 2748 tristem
852 2709 976 2756 forte,
1008 2720 1048 2749 ct
1079 2720 1289 2750 austerum
1327 2717 1402 2747 etc.

211 2772 259 2827 ²)
292 2773 402 2813 Cod.
445 2775 741 2829 Sangermam:
783 2779 912 2829 „illi.“
971 2779 1088 2822 Libri
1129 2777 1229 2821 editi
1258 2779 1319 2833 (v.
1351 2793 1386 2819 c,
1418 2775 1514 2816 edd.

97 2827 183 2882 M.)
197 2845 205 2870 :
236 2829 373 2880 „ille.“
402 2829 451 2872 R.
