1752 3136
268 164 325 208 5⁰
869 160 1090 203 Omenms

275 275 397 319 dicit:
437 284 601 330 „patres
621 272 666 329 1)
709 273 829 316 vestri
859 290 1017 315 manna
1052 274 1417 315 manducaverunt
1446 273 1489 315 in
1522 275 1705 324 deserto,

275 365 316 395 et
343 352 503 394 mortui
533 362 642 392 sunt.
689 350 777 404 Qui
809 363 950 392 autem
983 351 1304 392 manducaverit
1335 352 1388 391 de
1418 367 1540 406 pane,
1573 368 1700 407 quem

274 448 349 483 ego
383 431 438 471 do
474 428 526 480 ei,
558 444 646 468 non
677 427 887 469 morietur
915 428 959 469 in
992 433 1253 469 aeternum.“
1310 428 1364 468 Et
1396 440 1490 484 post
1521 428 1604 469 hoc
1638 429 1702 470 di-

273 506 348 548 cit:
389 507 507 558 „Ego
527 505 572 559 ²)
614 521 707 546 sum
746 504 868 559 panis
909 504 1043 554 vivus,
1087 506 1159 560 qui
1199 506 1252 546 de
1294 507 1416 545 coelo
1461 506 1702 546 descendi.“

271 584 385 625 Tum
417 583 570 623 deinde
601 583 653 623 de
683 582 873 636 sequenti
911 593 1031 636 petra
1080 595 1222 637 aperte
1253 582 1503 638 pronuntiat
1533 582 1706 638 Paulus,

272 674 312 702 et
343 661 466 702 dicit:
497 658 706 714 ‚,petra³)
736 675 835 698 vero
870 670 958 699 erat
991 657 1220 699 Christus.“
1281 658 1398 712 Quid
1418 660 1544 712 igitur
1576 677 1700 711 agen-

272 740 374 780 dum
405 736 530 778 nobis
561 747 631 784 est,
665 734 737 790 qui
769 734 1018 791 hujusmodi
1049 751 1070 775 a
1101 735 1238 775 Paulo
1273 736 1472 777 ecclesiae
1502 737 1701 789 magistro

269 814 567 864 intelligentiae
596 811 783 852 instituta
814 810 1103 866 suscepimus?
1146 814 1304 854 Nonne
1335 813 1500 854 videtur
1530 813 1703 869 justum,

271 903 317 932 ut
343 890 541 931 traditam
571 888 698 929 nobis
730 886 975 944 hujusmodi
1005 889 1193 941 regulam
1224 888 1349 930 simili
1378 891 1422 930 in
1444 891 1590 931 ceteris
1611 908 1697 930 sei·-

271 984 416 1009 vemus
447 964 672 1022 exemplo}>
700 967 783 1014 An,
803 991 859 995 ——
882 977 928 1006 ut
959 965 1131 1021 quidam
1164 966 1314 1006 volunt
1341 988 1410 1014 ·—,
1442 965 1558 1016 haec,
1591 981 1701 1020 quae
1750 963 1752 966 ⁴

271 1057 408 1086 tantus
440 1061 488 1085 ac
520 1042 611 1084 talis
632 1044 867 1098 Apostolus
897 1042 1084 1093 tradidit,
1116 1042 1414 1098 relinquentes,
1445 1059 1610 1083 rursum
1645 1043 1698 1082 ad

268 1121 469 1163 Judaicas
509 1121 674 1162 fabulas
715 1118 1107 1175 convertamur?‘²)
1152 1119 1264 1160 Mihi
1305 1119 1478 1175 quidem
1518 1120 1551 1160 si
1594 1120 1698 1160 haec

272 1200 405 1248 aliter,
439 1214 567 1254 quam
599 1197 736 1238 Paulo
769 1196 950 1245 videtur,
981 1213 1204 1252 exponam,
1235 1196 1319 1237 hoc
1350 1208 1457 1251 puto
1491 1213 1576 1238 esse
1606 1213 1696 1237 ma-

269 1291 348 1319 nus
379 1277 481 1317 dare
511 1273 692 1317 inimicis
724 1273 891 1323 Christi,
925 1286 963 1314 et
993 1274 1075 1315 hoc
1109 1290 1207 1323 esse,
1240 1274 1358 1329 quod
1389 1274 1597 1329 propheta
1631 1274 1694 1313 ‹li-
1740 1283 1743 1286 ”

271 1355 347 1396 cit:
377 1353 553 1407 ‚‚vac‚⁵)
585 1352 657 1407 qui
688 1363 808 1406 potat
835 1351 1077 1407 proximum
1108 1367 1230 1392 suum
1256 1349 1530 1391 subversione
1549 1352 1699 1391 turbu-

269 1429 429 1472 lenta!“
459 1433 645 1484 Accepta
677 1444 775 1479 ergo
809 1445 830 1469 a
862 1430 988 1469 beato
1023 1428 1158 1469 Paulo
1190 1427 1404 1482 Apostolo
1423 1428 1581 1469 semina
1611 1427 1697 1482 spi·—

268 1507 428 1550 ritualis
458 1504 778 1557 intelligentiae,
818 1505 862 1545 in
909 1516 1113 1560 quantum
1144 1520 1224 1546 nos
1254 1502 1471 1545 Dominus
1501 1504 1698 1560 precibus
1735 1507 1738 1513 '

269 1584 409 1626 vestris
437 1581 680 1623 illuminare
711 1580 969 1632 dignabitur,
1000 1582 1252 1622 excolamus.

380 1663 421 1703 2.
452 1660 536 1711 „Et
555 1657 600 1714 5)
631 1660 827 1707 levantes,
856 1658 1006 1714 inquit,
1038 1658 1114 1700 filii
1146 1659 1273 1699 Israel
1304 1659 1357 1698 de
1387 1656 1597 1707 Ramesse‚
1626 1675 1697 1698 ve-

268 1749 424 1780 nerunt
453 1736 498 1776 in
531 1734 750 1783 Sochoth,
796 1746 836 1774 et
867 1733 1047 1790 profecti
1079 1736 1131 1776 de
1162 1735 1380 1784 Sochoth‚
1419 1747 1625 1776 venerunt
1654 1734 1699 1775 in

271 1814 467 1855 Othon.“
528 1812 573 1853 Si
606 1812 698 1866 quis
728 1822 806 1860 est,
848 1811 919 1866 qui
949 1810 1163 1867 proficisci
1193 1813 1246 1852 de
1277 1813 1468 1868 Aegypto
1500 1823 1633 1867 parat,
1663 1811 1698 1854 si

271 1891 361 1948 quis
393 1903 464 1940 est,
496 1889 568 1945 qui
599 1887 717 1944 eupit
749 1889 953 1930 obscuros
982 1889 1135 1929 mundi
1164 1886 1289 1946 hujus
1319 1900 1456 1937 actm,
1495 1900 1533 1929 et
1574 1905 1692 1931 erro-

268 1984 365 2010 rum
395 1968 592 2008 tenebras
631 1965 948 2021 derelinquere,
990 1964 1130 2022 primo
1173 1966 1364 2007 omnium
1407 1982 1454 2006 ex
1493 1966 1694 2009 Ramesse

269 2045 307 2086 ei
336 2044 695 2101 proficiscendum
729 2055 800 2084 est.
876 2042 1073 2084 Ramesse
1111 2059 1211 2084 vero
1242 2042 1544 2098 interpretatur
1573 2060 1695 2086 com-

267 2122 403 2163 motio
433 2121 586 2162 tineae.
655 2120 701 2161 Si
744 2136 842 2173 ergo
880 2120 938 2162 vis
968 2120 1109 2161 venire
1146 2120 1192 2161 in
1224 2120 1430 2170 Soehoth‚
1461 2132 1506 2161 ut
1535 2121 1693 2163 Domi-
1722 2169 1724 2173 y

266 2217 346 2241 nus
374 2198 453 2240 tibi
483 2199 566 2239 dux
595 2197 658 2250 sit,
690 2209 730 2238 et
759 2198 804 2239 in
835 2198 1035 2239 columna
1065 2197 1189 2238 nubis
1221 2209 1261 2238 te
1287 2199 1527 2253 praecedat,
1559 2210 1599 2239 et
1628 2215 1692 2240 se-

269 2287 422 2331 quatur
450 2287 491 2316 te
520 2286 652 2331 petra,
685 2290 793 2330 quae
821 2274 898 2315 tibi
929 2291 1063 2316 escam
1081 2275 1357 2331 spiritualem,
1388 2287 1428 2315 et
1445 2287 1597 2331 potum
1623 2275 1690 2316 ni-

267 2351 498 2394 hilominus
529 2353 732 2408 praebeat
760 2351 1033 2407 spiritualem,
1064 2351 1347 2407 proficiscere,
1380 2363 1419 2393 et
1444 2351 1507 2392 exi
1538 2368 1583 2393 ex
1604 2352 1690 2394 Ra-

266 2445 412 2480 messe,
441 2445 520 2470 nec
549 2429 800 2471 thesaurizes
821 2429 866 2485 7)
895 2429 978 2481 ibi,
1008 2429 1084 2471 ubi
1113 2428 1224 2471 tinea
1256 2429 1514 2479 exterminat,
1545 2441 1585 2470 et
1614 2428 1689 2471 ubi

385 2623 428 2677 ι)
462 2623 550 2664 Cfr.
581 2640 641 2664 ev.
667 2623 824 2666 Joann.
852 2624 925 2674 VI,
954 2624 1022 2666 49.
1052 2625 1118 2667 50.
1149 2625 1246 2665 coll.
1277 2625 1373 2666 edd.
1402 2624 1455 2666 N.
1487 2624 1540 2666 T.

381 2692 428 2747 2)
457 2692 530 2734 Ev.
560 2692 716 2735 Joann.
746 2695 820 2744 VI,
850 2695 917 2739 51.
1035 2694 1082 2749 3)
1112 2694 1131 2733 I
1163 2692 1264 2734 Cor.
1293 2694 1349 2743 X,
1378 2695 1419 2736 4.

380 2760 427 2817 4)
456 2761 566 2803 Edd.
599 2763 791 2805 Merlini:
822 2776 1127 2805 convertamus.
1243 2762 1288 2818 5)
1319 2763 1478 2808 Habac.
1507 2764 1559 2816 II,
1591 2765 1660 2808 15.

378 2831 427 2886 ες)
457 2831 594 2872 Exod.
624 2831 720 2881 XII,
748 2834 816 2876 37.
848 2844 887 2874 et
915 2833 1036 2884 XIII,
1062 2835 1129 2877 20.
1679 2852 1685 2853 ff

381 2901 425 2957 ⁷)
458 2900 543 2944 Cfr.
573 2901 723 2944 Matth.
758 2903 831 2953 VI,
858 2903 927 2947 20.
