1752 3136
510 149 563 179 m
593 126 797 177 Exonmn
827 134 1029 176 HomuA
1061 134 1114 176 ΙΙ,
1473 137 1535 180 19

101 260 141 290 et
169 264 260 290 non
291 259 353 291 est
379 246 651 290 substantia.“
718 245 806 287 Sed
834 257 1065 302 propterea
1098 244 1288 288 Christus
1316 249 1528 303 superavit

100 338 140 367 et
169 325 279 376 vicit,
308 337 355 366 ut
381 325 459 367 tibi
486 323 685 365 vincendi
714 323 795 365 iter
825 324 1019 379 aperiret.
1069 319 1304 379 Propterea
1331 322 1526 381 jejunans

98 403 214 453 vicit,
251 413 297 443 ut
336 412 376 442 et
412 413 458 442 tu
493 400 599 443 scias
638 400 890 457 hujusmodi
929 416 1059 453 genus
1100 399 1431 442 daemoniorum
1464 400 1527 457 je-

94 479 222 538 juniis
262 489 302 519 ct
337 476 603 519 orationibus
640 478 946 533 superandum.
1024 476 1260 534 Propterea
1302 489 1342 518 et
1381 479 1526 521 oblata

93 555 174 598 sibi
205 554 350 596 omnia
380 570 508 606 regna
538 553 703 604 mundi,
734 565 774 594 et
802 553 978 606 gloriam
1012 571 1164 595 eorum
1195 555 1442 604 contemnit,
1473 566 1522 596 ut

94 642 136 673 et
163 642 209 672 tu
240 643 518 673 contemnens
548 630 726 682 gloriam
758 632 910 674 mundi
949 631 1083 686 possis
1123 646 1325 686 superare
1358 643 1527 673 tentan-

91 719 191 750 tem.
261 707 454 767 Aegyptii
492 706 678 764 vero‚¹)
729 707 882 763 quibus
918 708 1089 749 Pharao
1131 709 1248 750 dedit
1284 721 1527 765 praecepta,

90 784 268 827 feminas
297 796 462 826 tantum
481 784 705 834 vivificant,
737 787 922 827 oderunt
936 785 1171 827 masculos:
1202 787 1389 828 oderunt
1402 804 1525 828 nam-

90 879 174 918 que
202 862 386 911 virtutes,
416 862 515 902 vitia
541 873 705 903 tantum
736 873 775 903 et
807 861 1042 918 voluptates
1071 861 1276 904 nutriunt.
1336 863 1391 905 Et
1408 881 1525 906 nunc

94 938 222 991 igitur
248 938 503 981 insidiantur
532 937 750 996 Aegyptii,
778 938 812 980 si
841 940 952 979 forte
982 938 1190 981 Hebraeis
1219 953 1418 984 nascatur
1447 943 1524 983 ali-

94 1015 185 1072 quis
215 1015 448 1065 masculus,
488 1026 535 1056 ut
563 1015 699 1056 statim
730 1027 1038 1072 persequantur
1069 1028 1108 1058 et
1135 1016 1413 1067 interficiant,
1444 1019 1523 1061 nisi

92 1105 277 1142 caveant,
306 1092 388 1134 nisi
418 1093 664 1141 observent,
706 1104 746 1133 et
776 1093 991 1133 occultent
1021 1109 1193 1146 germen
1221 1096 1520 1138 masculinum.

91 1169 294 1226 Denique
323 1171 452 1211 refert
490 1169 735 1225 Scriptura,
782 1170 901 1224 quod
940 1171 993 1211 de
1030 1171 1146 1213 tribu
1174 1171 1274 1213 Levi
1312 1175 1522 1228 quaedam

92 1248 236 1300 genuit
264 1246 584 1302 masculum‚²)
635 1257 676 1288 et
717 1246 862 1287 videns
901 1245 1108 1289 infantem
1150 1265 1237 1292 esse
1274 1250 1522 1302 elegantem,

92 1323 319 1365 occultavit
349 1339 445 1364 eum
476 1324 692 1365 mensibus
721 1323 867 1366 tribus.
928 1324 1056 1375 Vide,
1096 1326 1129 1368 si
1168 1343 1258 1368 non
1288 1339 1520 1384 propterea

90 1401 216 1442 nobis
246 1401 519 1456 praecipitur,
548 1417 603 1442 ne
632 1402 774 1442 bonos
804 1384 918 1444 actus
946 1402 991 1444 in
1021 1404 1198 1459 publico
1231 1419 1438 1456 geramus,
1467 1423 1523 1448 ne

90 1476 289 1534 justitiam
319 1489 510 1519 nostram
542 1494 688 1519 coram
709 1479 958 1522 hominibus
978 1481 1194 1531 faciamus,
1223 1482 1298 1523 sed
1314 1495 1359 1523 ut
1377 1484 1520 1525 clauso
1580 1514 1583 1517 ·

93 1555 198 1595 ostio
231 1570 400 1596 oremus
429 1566 593 1610 patrem
622 1555 667 1596 in
699 1555 884 1604 occulto,
915 1567 956 1597 et
974 1558 1091 1612 quod
1117 1557 1219 1599 facit
1243 1559 1410 1601 dextera
1440 1578 1523 1603 no-

91 1642 188 1683 stra,
220 1630 327 1685 id3)
357 1632 515 1672 nesciat
546 1631 723 1673 sinistra.
795 1631 885 1673 Nisi
927 1633 1040 1673 enim
1081 1633 1124 1675 in
1168 1636 1340 1677 occulto
1382 1637 1523 1689 suerit,

91 1707 316 1763 diripietur
345 1708 398 1749 ab
439 1708 677 1767 Aegyptiis,
713 1707 958 1759 invadetur,
1000 1709 1045 1751 in
1086 1711 1249 1752 flumen
1280 1711 1522 1768 jactabitur,

90 1784 215 1825 undis
248 1796 287 1825 et
315 1784 851 1837 fluctibus'submergetur.
916 1786 1032 1839 Ergo
1070 1790 1104 1829 si
1143 1789 1258 1830 facio
1290 1790 1522 1852 eleemosy-

90 1877 214 1912 nam,
255 1861 354 1917 quia
394 1878 502 1917 opus
535 1861 617 1902 Dei
649 1873 728 1911 est,
765 1862 1003 1905 masculum
1044 1880 1212 1916 genero.
1281 1867 1370 1909 Sed
1398 1870 1432 1911 si
1462 1869 1521 1912 ita

89 1938 256 1988 faciam,
286 1949 332 1979 ut
361 1939 608 1980 hominibus
637 1938 888 1990 innotescat,
921 1951 961 1981 et
991 1943 1043 1982 ab
1072 1941 1318 1985 hominibus
1348 1945 1520 1988 laudem

92 2031 307 2070 quaeram,
340 2029 379 2057 et
407 2032 497 2056 non
530 2032 624 2057 eam
656 2017 951 2068 occultavero,
982 2029 1101 2074 rapta
1134 2031 1191 2061 est
1221 2021 1274 2061 ab
1306 2022 1522 2081 Aegyptiis

91 2092 358 2149 eleemosyna
388 2109 502 2155 mpa,
543 2105 583 2134 et
621 2092 665 2134 in
696 2094 855 2135 flumen
889 2095 1079 2136 demersa
1110 2108 1195 2146 est,
1235 2109 1275 2138 et
1309 2110 1427 2140 tanto
1459 2101 1522 2142 la-

90 2168 222 2218 bore,
263 2179 469 2224 tantoque
510 2170 650 2211 studio
692 2171 906 2228 Aegyptiis
944 2174 1181 2215 masculum
1217 2176 1352 2227 genui.
1415 2176 1524 2219 Pro-

89 2255 234 2300 pterea
270 2261 296 2286 ο
327 2262 399 2287 vos
429 2248 618 2302 populus
650 2246 747 2298 Dei,
784 2247 857 2303 qui
876 2249 978 2289 haec
998 2250 1162 2301 auditis,
1191 2251 1327 2292 nolite
1356 2265 1521 2308 putare,

90 2332 139 2361 ut
168 2337 292 2377 saepe
321 2320 408 2378 jam
442 2324 634 2374 diximus,
663 2336 852 2366 veterum
891 2325 1010 2367 vobis
1040 2327 1206 2369 fabulas
1237 2328 1418 2380 recitari,
1448 2334 1523 2373 sed

38 2418 48 2423 Χ
92 2399 240 2440 doceri
270 2416 344 2441 vos
375 2416 455 2455 per
485 2400 602 2451 haec,
630 2412 676 2442 ut
707 2402 936 2455 agnoscatis
970 2403 1166 2446 ordinem
1184 2403 1304 2455 vitae,
1335 2405 1524 2451 instituta

91 2491 278 2526 morum,
307 2478 421 2527 fidei,
451 2476 698 2533 virtutisque
729 2471 971 2522 certamina.

205 2554 245 2594 4.
275 2553 591 2610 „Videntes“4)
634 2570 732 2608 ergo
774 2555 840 2598 isti
880 2557 932 2598 de
968 2555 1083 2597 tribu
1123 2556 1224 2599 Levi
1262 2560 1523 2614 „elegantem

210 2677 254 2734 ¹)
286 2677 398 2720 Edd.
428 2677 628 2721 Merlini:
658 2695 771 2731 ergo·

210 2747 258 2800 2)
289 2747 403 2788 Alias
444 2747 503 2804 (e.
547 2765 580 2789 c.
622 2748 665 2790 in
707 2750 803 2791 edd.
843 2748 951 2804 MA)
991 2751 1342 2800 „masculinum-‘⁴
1378 2755 1430 2797 R.
1471 2780 1525 2788 --

95 2800 181 2844 Cfr.
216 2803 354 2845 Exod.
386 2803 440 2854 II,
472 2805 510 2846 1.
539 2806 580 2848 2.

211 2871 258 2927 3)
287 2873 421 2917 Deest
454 2873 551 2924 ,‚id⁴‘
581 2873 625 2916 in
658 2876 753 2917 edd.
783 2875 846 2918 M.
967 2876 1014 2931 ⁴)
1047 2875 1184 2920 Exod.
1212 2879 1267 2928 II,
1297 2880 1439 2924 2-6.

1070 2955 1138 2997 2*
