1752 3136
474 131 520 161 m
549 118 750 160 Exonum
780 115 980 158 HommA
1009 117 1100 160 VII.
1438 119 1492 163 81

78 230 181 288 quit,
209 229 425 272 Dominus
456 231 510 272 ad
538 230 715 271 Mosen:
747 244 866 278 ecce,
906 243 983 280 ego
1020 227 1167 283 pluam
1203 227 1325 271 vobis
1361 246 1492 286 panes

61 308 132 349 'de
163 308 298 358 coelo,
329 319 368 349 et
397 305 524 357 exibit
551 306 752 361 populus,
783 316 822 346 et
841 303 1009 356 colliget
1033 305 1159 346 unius
1179 304 1263 346 diei
1290 306 1337 347 in
1368 306 1493 359 diem,

23 397 33 407 ¹
75 396 123 425 ut
153 396 310 425 tentem
342 384 459 432 illos,
505 383 538 424 si
588 381 807 422 ambulant
835 382 878 423 in
910 382 1000 432 lege
1029 397 1144 431 mea,
1190 398 1246 422 an
1273 399 1376 424 non.
1434 384 1493 425 Et

77 461 156 501 erit
183 462 227 502 in
258 461 324 501 die
352 471 493 508 sexto,
538 460 750 514 parabunt
781 457 1130 514 quodcunque')
1164 458 1411 501 ‘intulerinn
1452 473 1492 502 et

77 538 155 578 erit
194 538 373 592 duplum
413 536 700 591 quodcunque
728 533 1276 589 intulerintrquotidianum
1307 536 1351 577 in
1384 538 1489 579 die.“

73 614 164 665 Ego
198 614 369 669 quidem
400 629 528 668 super
558 613 636 653 hac
665 612 869 667 scriptura
900 610 1025 651 velim
1043 611 1184 666 primo
1205 628 1300 652 cum
1316 615 1492 657 Judaeis

73 689 230 730 ‘habere
261 706 513 738 sermonem,
546 690 698 745 quibus
730 688 887 729 credita
919 687 1117 728 dicuntur
1133 689 1177 742 ²)
1209 690 1376 745 eloquia
1394 692 1491 742 Dei,

75 767 176 822 quid
194 766 273 807 illis
303 768 492 808 videatur
522 769 573 807 de
605 782 668 816 eo,
700 767 817 821 quod
849 764 971 806 dicit:
1010 765 1165 820 ‚‚sex3)
1208 766 1355 809 diebus
1386 785 1490 810 con-

72 842 196 884 tinuis
238 843 495 894 colligetis:“
544 842 612 883 die
661 854 799 883 autem
839 853 952 883 sexto
994 841 1174 896 duplum
1214 843 1488 900 colligetis.4)

72 921 262 975 Apparet
293 931 433 959 autem
473 932 628 960 sextam
672 919 782 960 diem
819 917 1034 958 nominari
1072 918 1213 968 illam,
1252 936 1361 975 quae
1393 934 1489 966 ante

72 997 294 1037 sabbatum
323 996 520 1051 ponitur,
560 1012 667 1051 quae
707 997 823 1050 apud
859 1011 937 1035 nos
981 1010 1205 1049 parasceve
1235 993 1485 1053 appellatur.

73 1074 308 1116 Sabbatum
331 1084 483 1121 autem,
509 1072 685 1127 septima
718 1072 805 1113 dies
837 1083 905 1113 est.
957 1071 1132 1125 Quaero
1164 1088 1274 1124 ergo,
1307 1089 1389 1128 qua
1421 1075 1489 1116 die

73 1151 263 1206 coeperit
293 1165 447 1189 manna
480 1148 653 1189 coelitus
686 1148 788 1198 dari,
822 1161 859 1189 et
889 1149 987 1189 volo
1019 1165 1270 1204 comparare
1300 1150 1486 1192 domini-

73 1243 164 1268 cam
193 1237 385 1267 nostram
415 1210 511 1266 cum
540 1227 716 1266 sabbato
745 1225 1023 1267 Judaeorum.
1084 1225 1146 1265 Ex
1187 1225 1334 1291 divfinis
1362 1245 1486 1270 nam-

76 1319 160 1359 que
186 1302 404 1358 scripturis
436 1314 629 1358 apparet,
667 1304 787 1358 quod
822 1301 863 1343 in
912 1302 979 1343 die
1018 1301 1233 1344 dominica
1254 1288 1411 1359 ¹primo
1442 1304 1488 1347 in

70 1380 364 1421 terris⁴datum
396 1361 652 1420 est'manna.
713 1379 758 1420 Si
789 1379 914 1428 enim,
943 1391 990 1420 ut
1021 1379 1240 1434 Scriptura
1273 1381 1388 1437 dicit,
1417 1399 1487 1424 sex

72 1456 219 1497 dlebus
250 1455 459 1497 continuis
493 1457 719 1497 collectum
751 1467 822 1505 est,
850 1456 1025 1512 septima
1064 1467 1205 1498 autem
1247 1458 1336 1508 die,
1379 1475 1488 1515 quae

72 1545 132 1575 est
161 1532 345 1582 sabbati,
394 1544 596 1575 cessatum
627 1544 707 1582 est,
749 1533 839 1573 sine
885 1533 1018 1574 dubio
1047 1532 1215 1575 initium
1247 1534 1334 1592 ejus
1366 1552 1390 1576 a
1420 1536 1490 1577 die

70 1610 221 1666 prima,
253 1626 361 1665 quae
391 1621 449 1650 est
479 1609 566 1649 dies
598 1608 826 1658 dominica,
859 1610 948 1651 suit.
1020 1608 1154 1664 Quod
1193 1611 1227 1652 si
1258 1628 1304 1652 ex
1335 1612 1484 1654 divinis

71 1687 285 1742 scripturis
324 1687 408 1727 hoc
449 1697 632 1735 constat,
685 1687 804 1741 quod
853 1685 921 1726 die
959 1686 1174 1728 dominica
1219 1687 1337 1730 Deus
1376 1689 1486 1745 pluit

69 1778 226 1804 manna
257 1763 309 1803 de
339 1764 475 1812 coelo,
506 1773 546 1802 et
573 1761 619 1803 in
647 1763 825 1804 sabbato
857 1779 948 1804 non
975 1763 1107 1819 pluit,
1145 1762 1379 1816 intelligant
1408 1766 1487 1806 Ju-

72 1840 164 1882 daei
192 1838 277 1896 jam
304 1851 405 1880 tune
435 1840 667 1895 praelatam
699 1855 784 1881 esse
815 1839 1073 1880 dominicam
1094 1852 1283 1882 nostram
1300 1842 1484 1884 Judaico

69 1918 260 1967 sabbato,
289 1914 374 1973 jam
405 1921 505 1958 t'unc
533 1916 791 1966 indicatum,
835 1918 954 1972 quod
990 1917 1036 1958 in
1075 1918 1251 1959 sabbato
1289 1919 1484 1974 ipsorum

68 1994 198 2047 gratia
229 1994 312 2034 Dei
341 1994 394 2033 ad
426 2010 496 2036 eos
528 1995 580 2035 de
615 1995 736 2035 coelo
765 1994 885 2035 nulla
916 1994 1200 2045 descenderit,
1234 1995 1355 2050 panis
1387 2014 1485 2038 coe-

50 2061 191 2120 ,le-qis,
222 2070 295 2126 qui
324 2081 383 2111 est
420 2087 558 2122 sermo
589 2069 691 2121 Dei,
730 2072 784 2112 ad
825 2088 897 2113 eos
940 2072 1082 2112 nullus
1124 2072 1295 2114 venerit.
1370 2073 1486 2116 Dicit

71 2147 184 2190 enim
216 2159 255 2189 et
294 2146 394 2188 alibi
429 2149 659 2204 propheta:
700 2148 936 2204 „diebus⁵)
977 2149 1121 2190 multis
1158 2150 1368 2191 sedebunt
1407 2150 1485 2192 filii

68 2225 198 2266 Israel
226 2225 315 2266 sine
344 2241 462 2277 rege,
492 2224 581 2265 sine
609 2223 817 2280 principe,
845 2224 933 2267 sine
961 2227 1185 2282 propheta,
1216 2225 1306 2268 sine
1335 2227 1486 2278 hostia,

69 2301 158 2345 sine
186 2301 407 2351 sacrificio,
437 2301 526 2343 sine
554 2304 812 2343 sacerdote.“
869 2302 918 2342 In
948 2314 1092 2344 nostra
1124 2301 1236 2343 enim
1270 2302 1486 2345 dominica

71 2379 139 2420 die
167 2395 335 2435 semper
364 2378 579 2420 Dominus
608 2377 720 2434 pluit
751 2394 908 2420 manna
936 2379 989 2420 de
1020 2380 1156 2420 coelo.
1215 2379 1302 2421 Sed
1333 2391 1372 2421 et
1405 2380 1488 2421 ho-

187 2585 231 2642 ¹)
262 2585 376 2627 Alias
430 2586 488 2641 (e.
531 2603 563 2628 c.
606 2587 652 2627 in
701 2588 793 2630 edd.
838 2588 945 2641 Μ.>;
1010 2587 1286 2645 „quicunque
1331 2590 1486 2633 intule-

3 2645 5 2683 j
70 2641 200 2696 rint;“
229 2643 303 2684 sed
332 2642 453 2683 Mss.:
484 2644 802 2700 „quodcunque
830 2645 1090 2686 intulerint.“
1106 2644 1155 2688 R.

186 2702 233 2768 ff)
267 2711 355 2752 cfr.
386 2711 512 2753 Rom.
543 2712 616 2762 ΠΙ,
645 2716 684 2756 2.
802 2713 849 2770 ³)
878 2714 1015 2756 Exod.
1045 2715 1162 2765 XVI,
1191 2716 1258 2760 26.

187 2781 234 2837 ⁴)
267 2781 356 2824 cfr.
388 2781 525 2826 Exod.
555 2783 673 2834 XVI,
702 2785 771 2827 22.
803 2785 901 2828 c01L
932 2787 972 2829 5.

189 2850 234 2906 ⁵)
265 2850 368 2893 Hos.
396 2851 471 2902 III,
499 2854 537 2895 4.

19 2949 23 2955 -
75 2924 296 2971 OmGEms
325 2926 499 2973 OPERA.
532 2929 654 2973 Tom.
685 2930 759 2974 IX.
919 2965 926 2970 -
1132 2932 1163 2976 6
