1752 3136
434 143 487 174 m
518 131 774 173 Lizvmcum
804 130 1004 171 HommA
1034 128 1148 171 XIV.
1418 130 1501 174 421

83 243 194 283 enim
230 241 390 294 gravius
422 258 492 284 cos
523 241 667 297 puniri
710 242 882 292 volunt,
930 241 983 281 de
1025 256 1209 296 quorum
1241 241 1502 295 potentia'et

80 318 373 374 iniquitatibus
408 318 709 371 ingemiscunt,
753 328 871 357 tanto
914 318 1198 358 necessarium
1237 330 1298 359 est
1338 318 1502 360 differri

78 411 250 449 poenas,
281 410 389 449 quae
419 396 452 436 si
482 411 571 436 non
590 394 876 443 differrentur,
906 396 1163 449 temporales
1191 394 1351 450 utique,
1382 406 1421 436 et
1439 396 1499 435 le-

77 471 214 512 viores
255 483 408 520 essent,
459 470 555 526 quia
593 470 724 510 finem
765 487 861 511 cum
903 482 1041 512 morte
1079 472 1338 527 reciperent:
1382 488 1499 512 nunc

76 563 176 587 vero
211 547 307 602 quia
342 546 663 601 differentur,¹)
697 559 856 587 certum
891 559 960 597 est,
994 550 1110 603 quod
1136 561 1331 590 aeternae
1362 561 1498 598 erunt,

77 635 116 665 ct
148 641 242 664 cum
282 623 457 665 saeculis
498 624 785 665 extendentur.
859 625 894 664 E
939 638 1087 668 contra
1129 625 1254 678 igitur
1293 625 1327 666 si
1368 625 1498 665 velint

72 700 189 757 justis
222 713 260 741 ct
290 701 591 742 innocentibus
620 702 662 742 in
696 701 904 757 praesenti
934 705 1100 744 saeculo
1133 704 1249 744 bona
1267 703 1401 750 reddi,
1434 719 1495 742 es—

69 790 162 819 sent
193 777 315 818 etiam
347 778 436 832 ipsa
469 780 584 818 bona
614 777 890 833 temporalia,
931 791 972 819 et
1010 780 1135 821 celeri
1174 781 1357 822 termino
1391 795 1495 820 con-

72 856 299 896 cludenda.
368 853 544 908 Quanto
586 867 725 896 autem
766 856 894 907 magis
926 858 1183 898 differuntur
1212 856 1257 897 in
1287 859 1494 905 futurum,

68 942 187 972 tanto
218 931 349 983 magis
381 943 504 972 erunt
533 944 762 987 perpetua,
795 945 834 973 et
863 933 1051 975 nescient
1086 935 1229 977 finem.
1306 934 1404 974 Hoc
1435 944 1494 973 est

69 1024 182 1060 ergo,
215 1010 330 1063 quod
362 1025 443 1050 nos
483 1009 730 1064 Scripturas:
773 1008 898 1066 hujus
938 1011 1059 1052 locus
1096 1011 1243 1066 paucis
1281 1009 1490 1051 sermoni-

65 1085 146 1125 bus
176 1086 508 1140 comprehensus
539 1086 723 1136 edocuit,
751 1098 799 1127 ut
828 1088 1020 1137 sciamus,
1050 1089 1188 1129 multo
1213 1104 1298 1129 esse
1329 1085 1490 1138 gravius

66 1163 258 1217 accipere
286 1174 532 1217 peccatum,
573 1174 611 1202 et
642 1164 820 1213 habere,
861 1180 908 1204 ac
950 1181 1094 1205 secum
1136 1166 1190 1205 ad
1220 1163 1384 1204 inferna
1417 1163 1490 1202 de·

63 1240 187 1287 ferre,
219 1254 345 1293 qnam
377 1238 420 1278 in
450 1240 662 1294 praesenti
692 1256 879 1295 poenam
912 1242 1013 1282 dare
1034 1240 1256 1282 commissi.
1304 1240 1362 1280 Et
1392 1240 1487 1280 ideo

63 1317 167 1357 haec
196 1316 330 1358 sclens
367 1316 564 1372 expedire
596 1317 794 1359 fidelibus
832 1318 1065 1373 Apostolus
1102 1318 1262 1359 Paulus
1304 1316 1404 1357 dicit
1436 1318 1488 1356 de

65 1411 130 1442 eo,
161 1392 233 1448 qui
262 1405 527 1448 peccaverat:
571 1409 697 1447 quern
737 1393 917 1442 tradidi,
953 1394 1106 1450 inquit,
1139 1393 1382 1448 Satanae2)
1416 1393 1487 1441 „in

62 1471 279 1511 interitum
312 1471 498 1520 carnis,“
542 1471 625 1510 hoe
667 1482 724 1511 est
753 1483 894 1512 morte
927 1473 1160 1512 mulctasse.
1223 1471 1311 1525 Qui
1344 1482 1485 1511 autem

63 1547 116 1589 sit
139 1550 298 1588 fruetus
331 1548 479 1588 mortis
510 1545 658 1602 hujus,
700 1549 882 1588 ostendit
911 1548 955 1588 in
984 1547 1279 1604 sequentibus,
1319 1546 1484 1588 dicens:

62 1625 196 1680 „ut3)
225 1623 394 1680 spiritus
421 1624 557 1665 salvus
588 1624 658 1664 fiat
689 1623 731 1665 in
765 1624 832 1665 die
862 1624 1043 1665 Domini
1072 1626 1207 1667 nostri
1236 1625 1336 1665 Jesn
1361 1623 1486 1663 Chri-

59 1701 150 1743 sti.“
207 1703 335 1743 Vides
367 1717 488 1752 ergo,
539 1703 762 1756 quomodo
801 1714 945 1756 aperte
985 1703 1219 1758 Apostolus
1261 1700 1483 1741 utilitatem

59 1778 207 1820 mortis
239 1777 362 1833 hujus
393 1777 600 1829 exposuit.
660 1778 793 1831 Quod
828 1778 938 1818 enim
972 1780 1085 1828 dicit,
1114 1778 1269 1820 tradidi
1300 1777 1343 1818 in
1374 1777 1481 1817 inte-

58 1857 186 1897 ritum
224 1855 373 1905 earnis,
403 1855 485 1893 hoc
517 1866 587 1902 est,
617 1853 661 1894 in
694 1855 967 1896 afflictionem
1003 1855 1207 1911 corporis,
1238 1871 1346 1910 quae
1375 1855 1482 1895 solet

60 1951 82 1974 a
114 1933 428 1989 poenitentibus
461 1932 664 1986 expendi,
704 1948 887 1987 eumque
927 1933 1062 1974 carnis
1091 1933 1308 1974 interitum
1340 1930 1482 1971 nomi-

58 2010 185 2058 navit,
215 2008 285 2064 qui
319 2020 457 2048 tamen
499 2007 635 2049 carnis
674 2007 868 2049 interitus
906 2009 1029 2050 vitam
1067 2009 1233 2065 spiritui
1276 2011 1480 2049 conserat.

58 2086 188 2127 Unde
221 2097 258 2125 et
286 2102 401 2125 nunc
431 2085 464 2126 si
496 2084 586 2139 quis
618 2086 729 2125 forte
758 2097 954 2126 nostrum
996 2088 1246 2127 recordatur
1276 2087 1319 2126 in
1349 2095 1480 2126 semet

57 2165 150 2221 ipso
183 2160 359 2218 alicujus
389 2161 549 2217 peccati
581 2162 906 2211 conscientiam,
954 2161 987 2203 si
1030 2165 1121 2218 quis
1159 2179 1203 2204 se
1243 2160 1478 2203 obnoxium

57 2239 176 2281 novit
207 2255 293 2282 esse
322 2238 503 2288 delicto,
534 2239 748 2291 confugiat
780 2241 832 2280 ad
863 2239 1192 2295 poenitentiam,
1234 2252 1273 2280 et
1301 2250 1476 2294 sponta-

57 2334 186 2357 neum
217 2315 413 2370 suscipiat
455 2314 589 2356 carnis
619 2314 860 2365 interitum,
900 2328 947 2358 ut
986 2329 1232 2372 expurgatus
1270 2318 1315 2358 in
1353 2332 1478 2372 prae-

56 2393 164 2434 senti
195 2393 275 2433 vita
315 2391 482 2446 spiritus
522 2404 689 2441 noster,
734 2394 942 2443 mundus,
990 2405 1030 2434 ct
1068 2411 1200 2450 purus
1239 2405 1383 2449 pergat
1422 2394 1476 2434 ad

60 2469 275 2510 Christum
305 2469 545 2509 Dominum
578 2479 793 2509 nostrum:
828 2469 895 2510 cui
927 2483 984 2511 est
1015 2471 1147 2524 gloria
1179 2482 1216 2512 et
1246 2468 1473 2526 imperium

56 2547 100 2587 in
131 2546 296 2587 saecula
324 2545 607 2586 saeculorum.
670 2544 827 2587 Amen!

176 2690 220 2745 ¹)
251 2691 362 2731 Edd.
393 2689 585 2731 Moruni:
623 2691 890 2734 differuntur.

172 2760 219 2815 ²)
249 2760 267 2800 I
299 2758 400 2803 Cor.
432 2760 482 2811 V,
511 2762 550 2804 5.
668 2762 713 2816 ³)
745 2762 760 2801 I
795 2761 896 2807 Cor.
927 2764 978 2816 V,
1006 2765 1044 2807 5.
