1752 3136
186 113 271 156 2422
788 109 1010 151 Omessms

189 225 289 281 ipsis
330 221 630 279 spirituales¹)
674 222 831 262 offerre
873 221 1028 261 debeas
1069 219 1239 260 hostias.
1325 218 1411 260 Sed
1442 220 1494 260 de
1521 220 1616 269 illis,

190 313 323 360 prout
352 301 584 358 potuimus,
613 297 657 338 in
690 298 981 354 superioribus
1014 295 1341 351 explanavimus.

307 379 346 421 3.
378 378 506 419 Nunc
534 392 634 416 vero
667 375 774 418 illud
805 374 1014 423 addimus,
1047 375 1163 429 quod
1183 372 1297 422 dicit,
1330 372 1426 428 quia
1449 373 1493 413 in
1508 372 1622 422 loco,

194 458 239 497 in
274 472 359 510 quo
391 452 637 508 jugulantur
668 452 934 499 holocausta,
966 451 1023 490 ibi
1056 450 1177 490 etiam
1220 449 1379 490 hostiae
1409 466 1489 505 pro
1522 465 1623 503 pec-

200 545 308 574 catO.
366 531 500 579 Vide,
539 546 664 584 quani
705 530 836 568 multa
870 528 1166 568 misericordia
1207 539 1243 567 et
1275 526 1511 575 benignitas
1541 524 1624 564 Dei

199 622 270 659 est,
298 620 345 648 ut
377 607 451 648 ubi
483 607 779 647 liolocaustmn
811 603 1026 658 jugulatur
1055 605 1174 653 illud,
1207 605 1323 659 qnod
1348 603 1424 643 soli
1445 602 1525 642 Dei
1559 602 1626 642 of-

196 690 345 735 fertur,
376 684 435 726 ibi
467 682 589 723 etiam
625 682 781 728 hostia,
829 697 938 735 quae
968 696 1048 735 pro
1079 694 1254 734 peccato
1288 692 1368 729 cst,
1409 678 1627 719 immolari

198 764 417 821 jubeatur:
450 775 535 813 quo
569 755 727 796 scilicet
757 755 961 806 intelligat
994 773 1048 804 sc,
1080 756 1151 811 qui
1182 757 1381 811 peccavit,
1413 769 1450 797 et
1476 754 1630 810 poeni-

199 853 280 889 tet,
324 849 362 878 et
403 850 628 875 conversus
667 833 719 872 ad
752 832 990 872 Dominum
1036 832 1311 872 contribulati
1351 832 1518 887 spiritus
1549 832 1628 872 lio-

203 918 324 959 stiam
353 912 530 970 jugulat,
561 908 604 948 in
636 908 735 948 loco
754 906 837 964 jam
860 920 1007 949 sancto
1027 920 1146 957 stare,
1179 920 1218 948 et
1246 909 1398 949 sociari
1418 909 1493 956 his,
1525 924 1632 962 quae

204 992 419 1050 pertinent
449 988 502 1028 ad
533 984 690 1026 Deum.
748 984 813 1024 lbi
845 1000 943 1038 ergo
975 985 1226 1026 immolatur
1256 984 1390 1026 hostia
1421 1000 1501 1039 pro
1533 1000 1633 1038 pec-

205 1081 314 1119 cato,
344 1066 420 1107 ubi
450 1076 491 1105 et
520 1063 841 1103 holocaustum:
884 1063 928 1102 in
962 1074 1216 1117 conspectu,
1246 1062 1407 1117 inquit,
1441 1059 1633 1103 Domini.

202 1149 280 1190 Est
307 1141 492 1186 fortassis
522 1140 568 1181 in
600 1151 829 1194 conspectu
861 1138 1044 1181 Domini
1078 1141 1234 1180 offerre
1275 1138 1549 1188 sacrificium,
1596 1148 1636 1177 et

204 1239 294 1264 non
328 1220 485 1262 offerre
514 1217 558 1258 in
590 1227 821 1271 conspectu
854 1215 1047 1257 Domini.
1096 1215 1202 1269 Quis
1236 1230 1333 1266 ergo
1362 1226 1434 1262 est,
1465 1215 1537 1269 qui
1570 1215 1636 1253 of-

204 1298 347 1353 sert2)
376 1296 422 1337 in
454 1305 685 1349 conspectu
716 1292 927 1333 Domini?
984 1292 1135 1348 Ille,3)
1166 1304 1213 1332 ut
1240 1291 1410 1347 opinor,
1442 1291 1515 1346 qui
1546 1306 1636 1330 non

207 1377 305 1418 exiit
335 1391 358 1415 a
389 1382 622 1426 conspectu
650 1369 846 1418 Domini,
879 1370 987 1410 sient
1019 1368 1139 1417 Cain,
1155 1367 1198 1422 ⁴)
1230 1380 1269 1408 et
1289 1370 1464 1408 effectus
1496 1379 1554 1407 cst
1584 1368 1637 1407 ti-

206 1469 326 1494 mens
358 1462 397 1491 et
423 1438 619 1489 trernens.
690 1445 735 1486 Si
778 1445 870 1500 quis
914 1460 1012 1496 ergo
1047 1456 1128 1493 est,
1174 1444 1246 1498 qui
1278 1445 1404 1484 habet
1435 1443 1637 1483 fiduciam

209 1532 374 1572 adstare
402 1526 448 1566 in
478 1533 711 1579 conspectu
742 1521 944 1570 Domini,
991 1533 1030 1562 et
1071 1537 1162 1561 non
1202 1521 1309 1572 fugit
1350 1536 1372 1560 a
1403 1520 1508 1559 facie
1538 1517 1640 1575 ejus,

210 1624 290 1649 nec
314 1606 571 1660 >adspectum
612 1599 698 1656 ejus
737 1598 902 1655 peccati
942 1598 1196 1640 conscientia
1235 1597 1443 1646 declinat,
1486 1596 1564 1637 iste
1595 1596 1640 1637 in

212 1693 445 1738 conspectu
474 1676 656 1719 Domini
689 1678 816 1717 offert
844 1675 1114 1719 sacrificium.
1159 1675 1282 1716 Hanc
1313 1690 1411 1726 ergo
1444 1672 1641 1722 hostiam,

214 1776 322 1817 quae
353 1759 534 1798 offertur
558 1771 644 1810 pre
684 1752 888 1807 peccatis,
931 1751 1033 1794 dicit
1074 1768 1160 1793 esse
1199 1763 1340 1792 saneta
1380 1762 1639 1791 sanctorum.

212 1836 354 1892 Maius
385 1831 546 1887 aliquid
577 1831 734 1871 audere
759 1829 849 1870 vult
877 1845 1037 1878 sermo,
1079 1829 1112 1869 si
1151 1840 1295 1868 tamen
1337 1839 1376 1868 et
1415 1838 1547 1868 vester
1577 1844 1640 1866 se-

215 1925 369 1971 quatur
399 1908 578 1951 auditus.
639 1905 763 1960 Quae
794 1917 852 1947 est
882 1905 1038 1954 hostia,
1080 1921 1187 1960 quae
1225 1920 1306 1959 pro
1347 1903 1529 1959 peccatis
1573 1904 1641 1943 of-

214 1995 363 2039 fertur,
394 1999 434 2028 et
464 1996 525 2027 est
553 1995 695 2025 sancta
723 1994 989 2032 sanctorum,
1028 1981 1108 2022 nisi
1138 1979 1376 2033 unigenitus
1405 1980 1515 2021 filius
1546 1978 1646 2030 Dei,

215 2065 433 2109 Dominus
462 2078 582 2104 meus
609 2060 729 2101 Jesus
762 2058 980 2101 Christus?
1032 2059 1126 2114 Ipse
1157 2058 1271 2099 solus
1302 2068 1360 2099 est
1391 2057 1527 2098 hostia
1559 2073 1640 2111 pro

217 2142 415 2201 peccatis,
446 2151 485 2181 et
513 2139 602 2194 ipse
620 2149 691 2199 ¹est
720 2135 858 2177 hostia
886 2147 1026 2178 sancta
1046 2147 1303 2178 sanctorum.
1349 2135 1434 2176 Sed
1452 2134 1495 2187 ⁵)
1525 2135 1643 2188 quod

219 2219 356 2261 addit:
392 2212 690 2268 „sacerdos,f’)
728 2212 885 2269 inquit,
926 2211 999 2269 qui
1030 2214 1156 2253 offert
1187 2212 1315 2261 illud,
1363 2212 1458 2251 edet
1484 2210 1643 2251 illud;“

335 2337 378 2387 ¹)
411 2335 518 2377 Cod.
550 2334 823 2384 Sangerman.
856 2329 1158 2387 „spirituales.“
1215 2329 1336 2371 Libri
1374 2328 1473 2369 editi
1514 2327 1572 2383 (v.
1605 2343 1640 2368 c.

220 2395 315 2436 edd.
346 2393 456 2446 M.):
485 2390 821 2446 „spiritualiter.“
851 2390 902 2430 Ρι.

334 2464 381 2517 ’3)
414 2462 522 2503 Cod.
556 2461 830 2512 Sangerman.
863 2459 1087 2509 „0sferet.“
1117 2457 1167 2498 R.

334 2531 380 2586 ³)
413 2531 522 2573 Cod.
555 2531 829 2582 Sangerman.
861 2528 975 2578 „llle,
1008 2526 1185 2583 opinor,
1219 2525 1291 2581 qui
1319 2539 1411 2565 non
1443 2523 1560 2564 exit.“
1590 2524 1642 2564 R.

333 2603 380 2657 4)
412 2600 501 2641 Cfr.
536 2600 690 2645 Genes,
721 2599 794 2639 IV.

332 2671 378 2726 5)
409 2670 518 2710 Edd.
550 2668 745 2710 Merlini:
779 2668 865 2710 Sed
897 2668 999 2724 quid
1018 2665 1163 2708 addit?
1196 2666 1416 2715 Sacerdos,
1448 2689 1514 2714 -,
1546 2664 1641 2704 edet

215 2730 334 2772 illud.
393 2727 574 2767 Videtur
609 2738 685 2766 etc.

327 2797 375 2850 ὃ)
404 2795 531 2837 Levit.
563 2795 643 2844 VI,
686 2795 753 2837 26.
793 2817 848 2825 —
890 2794 1001 2838 Edd.
1032 2794 1093 2837 M.
1126 2803 1166 2835 et
1194 2791 1244 2832 R.
1279 2791 1362 2834 hoc
1391 2791 1514 2841 loco,
1561 2789 1637 2830 cfr.

211 2871 305 2913 pag.
334 2853 431 2900 238.
459 2862 548 2896 not.
579 2852 618 2896 1.
649 2852 845 2905 „offert.“
