1752 3136
259 80 345 125 368
874 76 1095 120 Omessms

259 195 370 238 lestis
401 191 617 251 apparuit:
657 191 700 232 in
732 191 892 247 templo
930 192 1005 232 illo
1037 207 1127 232 non
1169 189 1369 232 remansit
1405 189 1511 246 lapis
1553 207 1680 248 super

260 273 460 330 lapidem,
490 289 536 311 ex
570 286 654 325 qno
687 286 834 310 verum
864 270 1070 325 templum
1097 268 1179 309 Dei
1203 269 1309 309 sacta
1335 280 1392 309 est
1422 284 1520 308 caro
1555 268 1680 309 Chri-

257 353 320 394 sti.
381 351 483 390 Erat
511 347 628 404 prius
658 347 846 403 pontifex
887 346 1090 399 sanguine
1121 358 1344 387 taurorum
1376 357 1416 386 et
1457 345 1679 386 hircorum

257 427 487 485 purificans
518 423 753 482 populum:
784 425 858 465 sed
890 440 935 464 ex
973 440 1058 479 quo
1093 424 1205 464 venit
1234 439 1354 465 verus
1372 422 1573 479 pontifex,
1606 423 1681 478 qui

255 503 457 557 sanguine
485 520 562 545 suo
591 501 872 544 sanctificaret
902 503 1132 550 credentes,
1162 517 1373 556 nusquam
1402 511 1462 542 est
1479 501 1550 542 ille
1566 516 1678 556 pon-

255 583 352 624 tifex
383 581 524 637 prior,
570 596 649 620 nec
679 579 790 620 ullus
831 577 867 618 ei
906 577 1074 619 relictus
1116 590 1174 619 est
1213 579 1346 620 locus.
1421 578 1569 619 Altare
1598 576 1679 617 suit

253 660 383 716 prius,
415 671 454 699 et
481 656 686 698 sacrificia
717 655 1060 695 celebrabantur:
1092 656 1165 695 sed
1193 666 1240 695 ut
1261 654 1372 695 venit
1391 671 1513 696 verus
1534 671 1677 707 agnus,

256 736 328 793 qui
358 752 400 776 se
430 734 568 789 ipsum
600 732 779 773 hostiam
813 730 968 772 obtulit
997 722 1118 780 Deo}
1160 744 1310 773 cuncta
1349 731 1422 773 illa
1452 733 1564 772 velut
1593 747 1675 786 pro

252 827 448 867 tempore
477 810 613 865 posita
646 819 920 850 cessaverunt.
980 807 1079 848 Non
1111 808 1190 849 tibi
1221 823 1320 859 ergo
1347 808 1527 859 videtur,
1556 807 1675 863 quod

251 889 485 931 secundum
514 886 708 937 figuram,
740 902 867 942 quam
898 901 1026 941 supra
1063 885 1306 941 posuimus,
1355 884 1482 925 veluti
1512 887 1676 925 formae

250 966 409 1008 fuerint
440 965 649 1020 quaedam
684 978 705 1003 e
736 964 826 1004 luto
858 964 995 1012 fictae,
1025 978 1103 1017 per
1133 978 1235 1017 quas
1251 961 1431 1003 veritatis
1463 961 1673 1017 exprime-

249 1056 397 1086 rentur
436 1039 666 1093 imagines?
732 1039 967 1095 Propterea
1008 1038 1194 1094 denique
1236 1039 1376 1080 divina
1419 1037 1672 1094 dispensatio

247 1119 512 1179 procuravit,
555 1129 602 1158 ut
634 1128 674 1157 et
705 1116 843 1159 civitas
874 1116 982 1172 ipsa,
1016 1128 1055 1157 et·
1094 1118 1325 1172 templum,
1357 1128 1396 1157 et
1427 1115 1570 1157 omnia
1600 1116 1675 1157 illa

246 1197 405 1256 pariter
431 1198 798 1238 subverterentur:
836 1210 892 1235 ne
935 1194 1007 1250 qui
1047 1196 1157 1235 sorte
1198 1194 1339 1235 adhuc
1378 1195 1604 1249 parvulus,
1635 1204 1675 1235 et

246 1277 406 1318 lactens
434 1274 479 1314 in
510 1273 607 1321 fide,
639 1270 672 1312 si
702 1270 861 1311 videret
890 1270 960 1312 illa
989 1283 1196 1322 constare,
1229 1272 1331 1311 dum
1365 1270 1672 1312 sacrificiorum

246 1353 399 1402 ritum,
444 1352 548 1391 dum
587 1347 919 1389 ministeriorum
971 1348 1166 1390 ordinem
1223 1348 1423 1389 attonitus
1471 1359 1671 1402 stuperet,

244 1431 338 1487 ipso
371 1428 630 1469 diversarum
659 1425 900 1467 formarum
932 1436 1152 1481 raperetur
1181 1424 1350 1465 intuitu.
1406 1425 1494 1468 Sed
1524 1424 1671 1479 provi-

247 1509 350 1549 dens
384 1505 508 1546 Deus
538 1502 777 1544 infirmitati
806 1513 1000 1555 nostrae,
1037 1514 1076 1543 et
1104 1503 1249 1544 volens
1287 1500 1562 1557 multiplicari
1602 1516 1670 1542 ec-

246 1584 414 1625 clesiam
443 1597 577 1629 suam,
609 1580 753 1622 omnia
784 1581 857 1622 illa
887 1579 1073 1622 subverti
1106 1579 1206 1621 fecit
1236 1592 1275 1622 et
1302 1579 1471 1636 penitus
1501 1578 1671 1630 auferri,

243 1672 290 1702 ut
319 1660 408 1702 sine
438 1660 524 1700 ulla
556 1657 830 1700 cunctatione
867 1657 948 1699 illis
991 1658 1247 1699 cessantibus
1288 1658 1394 1699 haec
1433 1673 1530 1698 vera
1570 1673 1669 1707 esse,

242 1755 323 1794 pro
358 1736 512 1793 quibus
540 1735 585 1775 in
614 1733 696 1776 illis
725 1747 848 1793 typus
878 1746 1176 1790 praecesserat,
1208 1736 1491 1776 crederemus.

354 1816 394 1857 2.
428 1813 557 1853 Unde
588 1822 628 1852 et
657 1827 773 1852 nunc
805 1812 987 1853 dicenda
1017 1811 1142 1854 nobis
1173 1823 1270 1852 sunt
1299 1812 1440 1867 aliqua
1464 1811 1590 1853 etiam
1613 1813 1667 1853 ad

243 1908 328 1941 eos,
361 1890 434 1946 qui
463 1900 616 1945 putant
644 1904 724 1944 pro
757 1891 960 1930 mandato
1002 1887 1102 1940 legis
1140 1888 1220 1929 sibi
1263 1905 1436 1945 quoque
1476 1889 1668 1930 Judaeo-

239 1984 336 2009 rum
366 1965 576 2024 jejunium
605 1964 899 2021 jejunandum,
935 1978 974 2007 et
1002 1967 1143 2023 primo
1173 1967 1369 2008 omnium
1395 1965 1666 2008 sermonibus

241 2057 337 2086 utar
365 2042 489 2100 Pauli
519 2042 714 2083 dicentis:
747 2043 869 2098 quia,
907 2042 940 2084 si
980 2043 1070 2099 quis
1108 2045 1198 2085 vult
1237 2060 1372 2084 unum
1404 2042 1566 2099 aliquid
1593 2060 1667 2084 cu-

241 2121 400 2164 stodire
433 2121 486 2161 de
518 2120 884 2161 observationibus
915 2120 1037 2173 legis,
1084 2121 1350 2176 obnoxius¹)
1383 2131 1468 2170 „est
1498 2120 1666 2161 univer-

239 2216 308 2241 sae
337 2198 438 2252 legis
467 2197 728 2238 faciendae.“
788 2196 877 2252 Qui
908 2213 1005 2250 ergo
1049 2198 1244 2239 observat
1271 2197 1348 2239 ista
1377 2194 1556 2253 jejunia,
1587 2199 1666 2238 ad-

241 2278 413 2318 scendat
443 2285 483 2316 et
511 2286 576 2315 ter
614 2272 657 2315 in
697 2289 811 2315 anno
851 2274 896 2314 in
935 2274 1198 2324 Jerusalem,
1243 2286 1291 2315 ut
1329 2286 1530 2330 appareat
1569 2286 1664 2315 ante

241 2355 450 2409 templum
483 2350 678 2404 Domini,
711 2362 760 2392 ut
791 2352 944 2392 offerat
972 2368 1015 2393 se
1043 2351 1275 2395 sacerdoti:
1305 2351 1493 2406 requirat
1522 2352 1663 2400 altare,

243 2432 359 2486 quod
389 2430 433 2471 in
463 2429 682 2485 pulverem
719 2446 885 2471 versum
925 2440 1007 2478 est,
1056 2430 1208 2470 offerat
1245 2427 1401 2470 hostias
1431 2429 1551 2468 nullo
1584 2428 1663 2468 ad·-

241 2519 374 2550 stante
403 2508 617 2562 pontifice.
687 2506 906 2561 Scriptum
945 2517 1005 2547 est
1023 2504 1068 2561 ²)
1110 2505 1243 2556 enim,
1285 2517 1332 2546 ut
1371 2507 1477 2546 duos
1520 2505 1661 2547 hircos

239 2582 432 2641 jejunans
464 2584 651 2639 populus
683 2585 837 2625 offerat
866 2583 912 2624 in
942 2582 1208 2632 sacrificium,
1237 2598 1364 2638 super
1394 2599 1501 2638 quos
1529 2593 1660 2624 sortes

239 2660 348 2702 mitti
379 2661 583 2711 debeant,
614 2671 661 2700 ut
690 2677 799 2702 unus
832 2676 878 2702 ex
908 2660 971 2701 his
1002 2662 1073 2702 fiat
1102 2658 1283 2700 Domini
1312 2676 1424 2711 sors,
1454 2671 1494 2701 et
1523 2658 1660 2701 hostia

358 2833 400 2890 ι)
434 2832 569 2876 Galat.
602 2835 651 2886 V,
681 2836 720 2879 3.
842 2835 888 2891 ²)
922 2835 1009 2878 Csr.
1041 2834 1168 2879 Levit.
1199 2833 1315 2880 XVI.
