1752 3136
490 155 539 184 m
569 136 769 184 Exomm
798 140 999 183 Homms
1031 141 1080 181 V.
1442 143 1498 187 53

74 269 244 309 angusta
279 257 341 297 via
368 266 439 304 est,
469 270 579 309 quae
608 253 724 295 ducit
754 254 808 294 ad
836 253 1002 295 vitam.“
1060 252 1168 294 Vide
1200 268 1320 306 ergo,
1356 270 1489 310 quan-

73 348 163 375 tum
197 342 402 374 consonat
433 328 693 381 evangelium
733 347 829 371 cum
868 332 970 382 lege.
1039 331 1088 371 In
1129 331 1218 383 lege
1253 331 1490 372 ostenditur

72 410 235 451 virtutis
275 409 351 448 vitr
379 406 594 448 adscensio
635 407 931 448 tortuosaffin
980 407 1198 458 evangeliis
1238 406 1393 449 dicitur
1422 425 1488 448 ar-

75 500 139 537 cta
172 499 209 527 et
238 495 405 536 angusta
436 482 512 531 via,
544 499 653 538 quae
683 482 799 524 ducit
817 486 867 524 ad
895 483 1030 525 vitam.
1079 485 1236 525 Nonne
1259 485 1327 526 hic
1346 496 1491 539 aperte

73 566 198 606 etiam
231 562 343 603 caeci
371 561 511 601 videre
540 571 728 615 possunt,
759 562 878 615 quod
908 562 1039 612 legem
1072 572 1110 601 et
1140 561 1352 613 evangelia
1380 579 1491 604 unus

70 655 193 697 atque
222 639 335 680 idem
366 636 535 693 spiritus
565 636 758 691 scripsit?
786 636 859 678 Est
889 652 987 688 ergo
1009 637 1100 686 iter,
1131 640 1250 693 quod
1272 639 1491 687 incedunt,

71 716 284 760 adscensio
315 726 519 762 tortuosa,
550 725 589 754 et
618 713 836 755 adscensio
866 715 1082 770 speculae,
1108 716 1177 755 ves
1206 715 1365 756 habens
1394 730 1488 770 spe-

7 826 13 829 *
70 796 220 837 culam.
305 790 535 832 Adscensio
576 792 629 831 ad
672 802 787 831 actus
826 791 1033 846 pertinet,
1062 792 1232 846 specula
1263 793 1315 832 ad
1346 791 1489 833 fidem.

70 870 266 914 Ostendit
296 883 410 921 ergo,
446 866 541 922 quia
571 878 610 907 et
638 866 684 907 in
713 868 885 916 actibus,
918 879 956 908 et
984 868 1028 908 in
1047 868 1133 908 fide
1154 869 1286 909 multa
1318 879 1376 910 est
1407 868 1490 909 dif-

67 949 245 995 ficultas,
277 957 316 986 et
344 944 501 985 multus
531 944 668 985 labor.
736 944 899 984 BIultae
941 944 1052 984 enim
1082 944 1335 986 tentationes
1363 945 1489 987 nobis

71 1034 321 1071 occurrunt,
361 1021 494 1061 multa
534 1020 579 1060 in
616 1021 703 1061 fide
745 1019 1036 1080 offendicula,
1092 1020 1332 1063 volentibus
1370 1037 1492 1073 agere

71 1117 179 1157 quae
209 1098 292 1139 Dei
323 1108 430 1139 sunt.
491 1096 605 1136 Tum
648 1095 802 1137 deinde
833 1097 874 1136 in
907 1097 992 1137 fide
1022 1098 1153 1138 multa
1183 1097 1370 1139 invenies
1398 1110 1489 1139 tor-

67 1190 203 1226 tuosa,
226 1174 430 1232 plurimas
462 1172 750 1228 quaestiones,
781 1175 933 1214 multas
964 1172 1226 1230 objectiones
1257 1174 1490 1217 haeretico-

68 1271 185 1302 rum,
224 1251 376 1293 multas
417 1249 772 1291 contradictiones
810 1249 1064 1291 infidelium.
1134 1251 1231 1292 Hoc
1271 1266 1370 1303 ergo
1410 1251 1492 1293 iter

67 1331 276 1383 agendum
308 1339 366 1369 est
394 1326 666 1382 sequentihus
696 1327 853 1368 Deum.
901 1329 994 1369 Sec}
1020 1340 1078 1368 est
1110 1340 1153 1368 et·
1177 1329 1302 1369 turris
1330 1328 1373 1369 in
1405 1329 1491 1369 hoc

64 1409 226 1449 itinere.
286 1404 409 1459 Quae
442 1415 500 1445 est
525 1405 604 1445 ista
634 1403 790 1445 turris?
822 1405 898 1445 Illa
932 1405 1150 1456 nimirum,
1182 1421 1311 1460 quam
1334 1404 1491 1446 Domi—

65 1501 146 1526 nus
177 1483 221 1523 in
254 1479 466 1532 evangelio
499 1479 625 1520 dicit:
656 1479 774 1535 „quis
794 1480 837 1535 ¹)
867 1493 1047 1522 vestrum
1076 1482 1222 1524 volens
1241 1481 1390 1523 turrim
1420 1498 1490 1523 ae·—

69 1560 261 1607 dificare,
298 1573 446 1599 nonne
486 1557 603 1612 prius
634 1556 818 1605 sedebit,
858 1568 897 1597 et
939 1558 1203 1614 computabit
1232 1570 1412 1608 sumtus,
1455 1558 1490 1600 si

67 1638 196 1677 habet
223 1637 339 1677 unde
369 1631 615 1688 perficiat?“
675 1632 756 1674 Ista
788 1646 847 1673 est
879 1649 974 1685 ergo
1017 1634 1164 1685 turris,
1206 1637 1322 1677 sedes
1357 1637 1491 1677 ardua

69 1725 107 1754 et
139 1713 296 1753 excelsa
329 1711 543 1751 virtutum.
602 1710 687 1751 Sed
717 1709 863 1750 videns
900 1711 1003 1751 haec
1034 1710 1226 1761 Pharao,
1257 1712 1356 1752 audi
1387 1711 1493 1766 quid

67 1788 191 1830 dicit:
224 1799 386 1836 errant,
416 1785 574 1842 inquit,
604 1785 681 1827 isti.
741 1787 871 1842 Apud
910 1787 1200 1836 Pharaonem,
1245 1787 1317 1843 qui
1346 1788 1490 1829 Deum

66 1865 265 1921 sequitur,
297 1879 437 1904 errare
468 1862 640 1904 dicitur:
680 1863 799 1918 quia,
829 1875 876 1903 ut
908 1864 1108 1914 diximus,
1153 1864 1384 1920 sapientiae
1412 1865 1491 1905 iter

64 1954 306 1983 tortuosum
338 1952 423 1991 est,
454 1941 611 1981 multos
643 1940 802 1980 habens
834 1940 986 1990 flexus,
1026 1942 1180 1982 multas
1211 1939 1491 1991 difficultates,

64 2018 274 2076 plurimos
306 2019 529 2058 anfractus.
573 2016 772 2072 Denique
796 2034 890 2058 curn
911 2018 1150 2059 confitearis
1176 2034 1311 2058 unum
1335 2017 1492 2066 Deum,

67 2097 300 2149 eademque
333 2094 598 2136 confessione
627 2095 812 2143 Patrem,
844 2106 881 2134 et
896 2093 1070 2144 Filium,
1098 2106 1137 2135 et
1159 2095 1367 2150 Spiritum
1395 2110 1492 2135 san—

69 2185 184 2213 ctum
214 2171 430 2226 asseras2)
463 2188 596 2211 unum
628 2170 784 2219 Deum,
817 2187 942 2225 quam
964 2181 1219 2220 tortuosum,
1250 2188 1376 2226 quarn
1409 2171 1490 2212 dis-

66 2249 201 2299 ficile,
244 2264 372 2303 quam
412 2233 702 2288 inextricabile
744 2246 911 2288 videtur
950 2246 1032 2287 hoc
1079 2263 1165 2287 esse
1218 2246 1490 2289 infidelibus?

68 2326 182 2366 Tum
214 2325 370 2365 deinde
408 2340 504 2364 cum
547 2323 648 2364 dicis
678 2323 918 2365 Dominum
961 2322 1186 2379 majestatis
1230 2324 1488 2364 crucifixum.

71 2415 110 2444 et
138 2402 274 2444 filiurn
304 2399 488 2442 hominis
518 2415 615 2450 esse,
647 2399 719 2455 qui
752 2399 971 2441 descendit
996 2400 1048 2439 de
1073 2399 1210 2449 coelo,
1242 2416 1368 2455 quam
1401 2411 1490 2442 tor-

67 2491 189 2520 tuosa
230 2480 335 2519 haec
376 2477 591 2527 videntur,
633 2488 672 2517 ct
712 2493 840 2532 quam
881 2473 1099 2516 difficilia?
1159 2475 1246 2530 Qui
1279 2476 1416 2526 audit,
1457 2478 1490 2518 si

69 2571 158 2595 non
190 2571 286 2595 cum
317 2555 403 2595 fide
433 2555 596 2603 audiat,
629 2552 749 2602 dicit,
792 2553 889 2608 quia
922 2564 1063 2593 errant
1092 2552 1182 2606 isti;
1209 2554 1281 2594 sed
1312 2565 1356 2594 tu
1386 2555 1490 2596 fixus

189 2749 230 2804 ¹)
260 2750 360 2791 Luc.
391 2747 518 2799 XIV,
559 2749 625 2792 28.
656 2772 709 2780 —-
738 2747 849 2789 Edd.
881 2746 1078 2788 Merlini:
1117 2747 1150 2789 si
1191 2747 1291 2805 quis
1313 2760 1493 2792 vestrum

70 2806 216 2846 volens
249 2817 322 2846 etc.

188 2875 234 2931 2)
264 2862 471 2932 fui-1⁵02
503 2874 612 2919 mn
645 2875 739 2917 edd.
774 2875 881 2931 5132
915 2873 1125 2926 „asserisf‘
1159 2874 1206 2917 R.
