1752 3136
497 142 541 169 m
573 127 771 169 Exomm
803 126 1002 167 HOM1L1A
1032 125 1086 165 X.
1436 128 1516 171 127

107 253 269 284 matum
300 240 450 298 abjecit
477 241 713 281 infantem(
763 237 895 292 Quod
927 247 1065 291 potest
1093 239 1203 277 sorte
1233 237 1287 277 (le
1316 240 1517 280 scandalo

109 319 400 362 catechumeni
437 317 570 372 accipi
607 316 805 356 nondum
844 314 1029 355 formati.
1098 314 1243 356 Potest
1273 314 1385 354 enim
1415 316 1520 364 fieri,

107 408 155 438 ut
185 413 350 438 rursum
379 395 482 450 ipse,
514 392 586 447 qui
615 391 744 441 laesit,
772 389 972 439 instruat,
1008 402 1185 446 reparet,
1215 391 1403 432 restituat
1432 390 1522 430 ani-

109 490 205 515 mae
234 490 294 524 ea,
326 488 433 528 quae
463 468 666 526 perdidit,
709 480 748 509 et
786 469 890 508 haec
929 466 1016 524 jam
1056 470 1182 509 faciet
1211 484 1308 509 cum
1340 468 1522 518 honore,

110 567 210 599 cum
257 550 488 596 modestia,
544 562 639 587 cum
691 545 913 601 patientia:
963 546 1070 586 sicut
1114 546 1346 600 Apostolus
1399 545 1521 585 dicit:

109 626 295 680 ‚,cum¹)
333 623 657 667 mansuetudine
699 622 993 678 corripiens2)
1034 639 1127 673 cos,
1169 621 1243 677 qui
1282 621 1522 663 resistunt:“

107 720 196 744 non
228 719 324 744 cum
353 703 438 752 lite,
466 700 571 743 sicut
601 700 728 754 prius,
759 717 855 740 cum
883 701 1129 741 scandalum
1158 698 1312 741 intulit.

219 779 442 835 ‚,Quod³)
482 778 515 821 si
548 779 761 819 formatus
803 776 886 833 jam
925 777 1054 818 fuerit
1080 776 1240 828 infans,
1285 775 1402 817 dabit
1432 775 1521 816 ani-

107 872 222 897 mam
251 873 330 912 pro
363 855 540 897 anima.“
607 855 836 896 Formatus
875 853 1013 894 infans
1057 866 1195 912 potest
1222 853 1354 894 videri
1383 869 1523 895 sermo

109 933 193 974 Dei
223 932 267 973 in
298 934 428 974 corde
459 932 546 989 ejus
578 932 766 981 animae,
807 947 915 987 quae
946 932 1118 983 gratiam
1149 930 1345 986 baptismi
1376 946 1523 971 conse-

113 1022 209 1051 cuta
241 1021 313 1060 est,
340 1010 405 1050 vel
436 1007 552 1065 quae¹
576 1009 807 1050 evidentius
838 1019 878 1048 et
908 1008 1060 1049 clarius
1091 1010 1266 1049 verbum
1290 1007 1390 1047 fidei
1420 1023 1524 1047 con-

114 1088 236 1143 cepit.
295 1087 410 1128 Haec
441 1102 538 1139 ergo
571 1085 604 1127 si
633 1086 762 1126 nimia
784 1085 1056 1126 contentione
1078 1087 1306 1127 doctorum
1329 1099 1525 1140 percussa

112 1163 312 1220 abjecerit
339 1164 528 1213 verbum,
560 1174 599 1203 et
628 1161 795 1203 inventa
825 1161 952 1202 fucrit
991 1178 1077 1204 esse
1108 1163 1159 1203 de
1188 1162 1292 1211 illis,
1331 1162 1384 1202 de
1424 1160 1526 1216 qui-

111 1243 190 1282 bus
220 1241 388 1282 djcebat
417 1240 669 1296 Apostolus:
698 1238 810 1296 „jam
827 1238 869 1292 4)
916 1238 1028 1280 enirn
1060 1241 1269 1295 quaedam
1300 1254 1527 1280 conversae

111 1331 206 1360 sunt
234 1329 348 1360 retro
379 1329 476 1373 post
506 1318 752 1359 Satanam:“
783 1315 968 1357 animam
999 1334 1078 1372 pro
1114 1318 1254 1358 anima
1277 1317 1404 1358 dabit.
1448 1316 1527 1355 Vel

113 1396 227 1450 de5)
267 1396 335 1437 die
373 1394 521 1452 judicii
561 1394 858 1449 accipiendum
898 1405 958 1435 est
995 1397 1109 1450 apud
1147 1395 1290 1435 Deum
1325 1392 1527 1449 judicem,

116 1472 189 1528 qui
218 1484 358 1529 potest
387 1472 568 1512 animam
603 1483 641 1511 et
672 1487 826 1525 corpus
856 1473 1037 1526 perdere
1065 1472 1110 1512 in
1138 1472 1397 1524 gehennam:
1428 1469 1529 1525 quia

115 1562 155 1590 et
185 1549 286 1590 alibi
316 1549 417 1590 dicit
444 1548 653 1604 propheta
685 1548 736 1588 ad
765 1546 1023 1589 Jerusalem:
1062 1549 1189 1598 „dedi
1205 1549 1250 1604 5)
1290 1558 1527 1589 commuta-

116 1626 275 1668 tionem
307 1637 422 1668 tuam
453 1628 714 1683 Aegyptum,
759 1624 1053 1680 Aethiopiam,
1094 1638 1132 1666 et
1173 1624 1406 1682 soene-11⁷)
1445 1641 1527 1680 pro

115 1709 195 1744 te.“
227 1690 331 1743 *Vel
362 1714 473 1743 certe
502 1712 640 1756 potest
666 1700 851 1742 fortassis
881 1702 1004 1744 etiam
1034 1703 1142 1744 illud
1174 1701 1329 1757 aptari,
1360 1713 1426 1751 ut,
1458 1700 1532 1756 qui

109 1779 195 1835 sibi
226 1778 417 1820 conscius
455 1779 561 1819 tanti
601 1777 789 1820 scandali
819 1779 964 1828 fuerit,
1007 1790 1141 1834 ponat
1179 1795 1363 1819 animam
1409 1794 1531 1820 suam

116 1874 198 1914 pro
229 1856 368 1898 anima
398 1856 522 1906 illius,
558 1872 683 1911 quem
711 1855 1065 1906 scandalizaverit,
1097 1868 1136 1897 et
1164 1873 1299 1912 usque
1330 1857 1384 1897 ad
1412 1872 1532 1897 mor·-

115 1947 201 1976 tem
242 1936 311 1976 det
341 1949 538 1989 operam,
586 1932 808 1988 quomOdo
838 1933 1002 1983 redeat,
1045 1936 1268 1989 quomodo
1300 1945 1532 1989 reparetur,

117 2013 339 2069 quomodo
369 2010 610 2052 restituatur
638 2011 692 2050 ad
721 2009 864 2050 fidem.
921 2009 1063 2052 Ponat
1094 2010 1216 2052 etiam
1248 2011 1420 2051 oculum
1449 2027 1530 2065 pro

119 2090 272 2138 oculo,
318 2088 352 2131 si
382 2089 555 2129 oculum
585 2087 702 2128 laesit
732 2087 921 2137 animae,
960 2086 1005 2127 id
1036 2099 1115 2137 est,
1153 2087 1412 2128 intellectum
1443 2085 1532 2141 ejus

115 2166 322 2208 turbavit:
351 2168 567 2207 auferatur
601 2165 748 2206 oculus
777 2163 905 2220 ipsius
924 2165 975 2204 ab
1002 2181 1066 2214 eo,
1097 2164 1169 2221 qui
1189 2164 1384 2205 ecelesiae
1407 2179 1532 2218 prae-

120 2255 193 2294 est,
223 2243 527 2285 et'intellectus
560 2239 646 2299 ejus
682 2242 769 2286 ille,
785 2241 1050 2284 turbulentus
1081 2253 1122 2283 et
1153 2244 1285 2293 ferox,
1316 2241 1389 2297 qui
1409 2258 1532 2282 scan-

238 2403 282 2459 1)
314 2403 353 2443 11
383 2402 493 2444 Tim.
523 2402 574 2453 ιι,
602 2403 670 2444 25.

236 2473 282 2529 ²)
316 2473 428 2515 Alias
465 2473 524 2528 (v.
567 2489 601 2513 c.
634 2472 679 2513 in
708 2474 805 2515 edd.
837 2473 941 2528 M.):
980 2474 1281 2530 „corripientes
1323 2490 1418 2526 eos,
1460 2473 1532 2530 qui

123 2530 318 2581 resistunt
351 2530 523 2571 veritati.
579 2530 707 2569 Non“
738 2541 815 2570 etc.
847 2530 896 2571 R.

234 2594 291 2656 ³)
311 2600 446 2642 Exod.
475 2600 598 2650 XXI,
626 2601 693 2642 23.
813 2599 859 2655 ⁴²)
888 2600 909 2640 I
938 2601 1054 2644 Tim.
1084 2602 1136 2651 V,
1168 2601 1235 2647 15.

239 2670 283 2725 ⁵)
313 2670 423 2712 Edd.
454 2669 650 2711 Mcrlini:
680 2668 726 2709 in
755 2668 822 2711 die
850 2694 906 2701 —
935 2672 1051 2727 apud
1082 2687 1179 2711 eum
1209 2668 1395 2726 judicem
1428 2681 1502 2711 etc.

237 2739 283 2794 ὅ)
311 2738 435 2782 Jesai.
465 2740 617 2789 XLIII,
646 2739 685 2781 3.

237 2810 281 2864 ⁷)
315 2809 423 2850 Alias
454 2809 512 2864 (v.
545 2828 578 2851 c.
610 2810 653 2851 in
684 2810 779 2852 edd.
796 2809 882 2865 M.)
909 2810 1040 2853 male:
1071 2809 1343 2863 ‚‚Sid0nem.“
1372 2807 1531 2851 Omnes

121 2864 240 2909 Mss.:
270 2866 510 2918 „So&nen.“
538 2867 587 2908 R.
