1752 3136
493 167 539 196 m
569 155 825 196 LEVITICUM
856 151 1056 194 HOMmA
1073 151 1168 193 XII.
1458 157 1544 201 389

115 260 282 319 generat
311 269 536 307 mortem.“
600 265 656 306 Et
693 276 871 321 propter
908 264 992 305 hoc
1031 265 1152 306 Jesus
1191 281 1281 306 non
1324 266 1450 308 intrat
1481 270 1537 311 ad

115 345 299 384 animam
331 354 556 384 mortuam.
603 341 648 382 Si
677 353 817 382 autem
838 341 946 382 vivat
976 340 1129 391 anima,
1161 341 1244 383 hoc
1275 354 1346 391 est,
1375 344 1408 384 si
1438 361 1530 386 non

113 420 264 460 habeat
283 419 325 472 1)
357 419 399 459 in
430 436 472 460 se
501 418 680 459 mortale
710 429 959 472 peccatum,
987 429 1089 458 tunc
1122 417 1330 470 Christus,
1371 421 1442 476 qui
1474 435 1531 463 est

111 495 207 545 vita,
237 495 349 536 venit
380 497 433 536 ad
464 493 646 535 animam
677 493 908 535 viventem:
951 494 1047 549 quia
1078 494 1186 535 sicut
1214 496 1284 536 lux
1313 514 1403 539 non
1433 510 1530 554 pot—

112 583 170 613 est
202 588 285 612 esse
315 589 411 613 cum
443 570 642 621 tenebris,
671 587 750 611 nec
782 588 876 612 cum
909 569 1129 626 iniquitate
1158 570 1335 627 justitia,
1363 575 1420 615 ita
1450 592 1527 616 nec

110 648 190 688 vita
224 659 361 704 potest
394 664 478 689 esse
507 664 603 689 cum
635 659 785 689 morte.
835 648 890 688 Et
910 649 1007 690 idco
1039 648 1073 688 si
1103 647 1194 704 quis
1224 648 1303 689 sibi
1334 651 1526 692 conscius

109 736 178 773 est,
210 726 326 779 quod
356 725 511 765 habeat
539 725 649 765 intra
680 741 722 765 se
753 725 994 779 mortale2)
1024 736 1270 779 peccatum,
1313 743 1451 782 neque
1481 727 1522 767 id

107 818 129 842 a
160 818 202 842 se
231 818 308 857 per
335 801 644 857 poenitentiam
674 801 940 856 plenissimae
968 801 1260 843 satisfactionis
1296 802 1523 860 abjecir,³)

106 895 194 918 non
224 890 376 933 speret,
413 879 530 932 qu'od
556 879 684 919 'intret
714 877 903 919 Christus
935 880 989 920 ad
1018 878 1204 920 animam
1235 878 1335 936 ejus,
1366 881 1438 936 qui
1468 882 1520 921 ad

107 971 279 995 omnem
310 955 494 995 animam
525 956 769 996 defunctam
799 971 889 995 non
919 955 1067 1008 intrat,
1115 956 1210 1010 quia
1250 973 1425 1010 magnus
1454 975 1519 1001 δίκα

105 1032 254 1072 cerdos
286 1043 356 1072 est.

214 1109 252 1149 4.
282 1108 418 1164 ‚,In⁴)
448 1121 568 1165 patre
597 1126 697 1158 suo,
736 1121 776 1151 et
806 1121 940 1150 matre
982 1126 1060 1150 suav
1085 1126 1177 1151 non
1208 1111 1519 1153 contaminabi-

104 1189 210 1225 tur.“
269 1184 348 1224 Hic
380 1186 624 1240 Scripstirae
653 1187 772 1227 locus
804 1185 1076 1234 difficillimus
1115 1199 1174 1228 est
1203 1189 1257 1228 ad
1288 1189 1517 1242 explanan-

103 1263 227 1310 dum,
267 1263 340 1302 sed
371 1263 404 1303 si
436 1263 700 1305 orationibus
739 1264 882 1305 vestris
913 1265 1055 1304 Deum
1084 1276 1248 1319 patrem
1279 1265 1410 1306 Verbi
1442 1267 1515 1306 de—

100 1338 348 1394 precemini,
377 1351 423 1380 ut
450 1357 527 1381 nos
558 1340 799 1381 illuminare
830 1341 1046 1392 dignetur,
1090 1341 1182 1396 ipso
1216 1342 1406 1382 donante
1436 1359 1516 1397 po—

99 1415 195 1456 terit
225 1416 450 1470 explanari.
510 1418 661 1458 Omnis
691 1417 763 1472 qui
799 1417 1034 1468 ingreditur
1072 1417 1187 1458 hunc
1215 1421 1440 1469 mundum,
1470 1419 1516 1459 in

101 1494 284 1546 quadam
319 1492 678 1533 contaminatione
709 1493 818 1534 effici
864 1493 1029 1535 dicitur.
1092 1494 1276 1549 Propter
1316 1496 1434 1549 quod
1473 1506 1513 1535 et

100 1569 321 1623 Scriptura
353 1570 471 1611 dicit:
518 1587 673 1619 „nemo
697 1570 741 1624 5)
771 1572 958 1612 mundus
990 1587 1012 1611 a
1042 1572 1188 1619 sorde,
1218 1587 1297 1611 nec
1326 1572 1358 1611 si
1389 1571 1512 1612 unius

100 1646 183 1687 diei
212 1646 338 1687 suerit
367 1648 448 1688 vita
480 1645 608 1702 ejus.“
665 1646 761 1687 Hoc
788 1648 881 1702 ipso
903 1663 1015 1699 ergo,
1045 1648 1164 1702 quod
1194 1647 1239 1687 in
1268 1648 1388 1688 vulva
1421 1664 1512 1688 ma·

98 1724 170 1764 tris
203 1736 260 1764 est
288 1723 463 1778 positus,
495 1733 534 1763 et
564 1725 682 1778 quod
712 1723 930 1764 materiam
950 1723 1141 1778 corporis
1162 1725 1215 1764 ab
1243 1724 1403 1777 origine
1432 1741 1508 1779 pa-

97 1800 206 1841 terni
234 1800 402 1842 seminis
431 1800 578 1849 sumit,
617 1800 662 1840 in
703 1812 821 1855 patre
862 1812 901 1841 et
938 1800 983 1841 in
1022 1811 1157 1840 matre
1201 1801 1509 1842 contaminatus

97 1878 178 1919 dici
208 1889 356 1933 potest.
418 1878 501 1917 Aut
528 1876 680 1926 nescis,
731 1878 849 1932 quia,
900 1894 997 1918 cum
1028 1877 1303 1932 quadraginta
1343 1878 1508 1918 dierum

96 1957 227 1996 factus
258 1956 382 1995 fucrit
409 1971 517 2009 puer
544 1956 765 2003 masculus,
797 1957 976 1996 offertur
1005 1956 1059 1996 ad
1090 1956 1230 2005 altare,
1259 1966 1308 1996 ut.
1335 1955 1394 1996 ibi
1426 1972 1508 2010 pu—

96 2033 295 2080 rificetur,
326 2042 526 2086 tanquam
558 2031 629 2085 qui
658 2032 847 2086 pollutus
878 2031 1004 2072 fuerit
1032 2031 1075 2071 in
1104 2031 1193 2086 ipsa
1213 2031 1508 2086 conceptione,

97 2110 160 2148 vel
192 2107 356 2163 paterni
387 2107 567 2158 seminis,
600 2109 663 2148 vel
694 2108 802 2149 uteri
819 2107 1029 2149 materni?
1071 2107 1221 2149 Omnis
1245 2123 1342 2159 ergo
1372 2108 1505 2149 homo

95 2186 139 2226 in
170 2195 290 2239 patre
322 2195 360 2224 et
388 2184 433 2224 in
471 2196 604 2225 matre
640 2185 831 2240 pollutus
863 2196 942 2233 est,
985 2185 1100 2226 solus
1130 2201 1229 2226 vero
1259 2185 1381 2226 Jesus
1411 2185 1504 2226 Do—

98 2262 236 2302 minus
274 2277 393 2302 meus
428 2260 470 2301 in
489 2261 534 2316 ⁶)
574 2261 681 2301 hanc
720 2261 1033 2311 generationem
1075 2262 1262 2302 mundus
1301 2261 1505 2313 ingressus

96 2350 165 2387 est,
194 2339 236 2378 in
268 2349 402 2378 matre
432 2354 523 2378 non
555 2349 613 2379 est
642 2337 846 2392 pollutus,
901 2339 1113 2390 Ingressus
1139 2349 1199 2379 est
1220 2336 1331 2378 enim
1353 2352 1506 2393 corpus

214 2492 256 2545 ι)
286 2491 365 2532 Ed.
394 2491 552 2531 Ruaei:
582 2491 719 2531 habet.
755 2516 758 2519 ·

209 2560 256 2616 2)
286 2562 417 2602 Deest
453 2561 685 2610 ‚‚m0=tale“
728 2560 772 2600 in
807 2558 927 2602 libris
958 2560 1077 2603 editis
1119 2561 1178 2617 (v.
1211 2580 1244 2604 c.
1276 2563 1372 2603 edd.
1403 2560 1464 2602 M.
1468 2560 1501 2616 ),

93 2619 166 2659 sed
196 2618 418 2672 suppletur
450 2634 471 2657 e
500 2617 598 2658 Mss
629 2617 683 2658 R.

210 2687 255 2741 ³)
287 2687 401 2740 Edd.
429 2686 624 2727 Merlini:
654 2685 807 2743 abjicit.
925 2687 970 2742 4)
1001 2688 1127 2729 Levit.
1160 2688 1278 2739 XXI,
1310 2693 1376 2734 11.

213 2755 257 2810 ⁵)
287 2755 387 2797 Job.
418 2755 534 2806 XIV,
562 2757 602 2799 4.
631 2757 669 2798 5.

208 2824 254 2876 ε’)
287 2825 356 2866 Sic
396 2825 493 2867 Mss.
561 2826 678 2868 Libri
716 2843 815 2869 vero
858 2826 956 2869 editi
994 2828 1054 2882 (v,
1094 2846 1125 2870 c.
1160 2829 1252 2871 edd,
1286 2827 1391 2882 M.):
1432 2827 1504 2877 „in

94 2885 171 2924 hac
202 2881 515 2935 generatione.“
543 2882 596 2925 R.
