1752 3136
229 97 312 142 140
833 102 1054 146 Omossms

228 211 382 254 naliter
418 230 507 255 non
547 226 735 270 possunt.
806 215 952 258 Potest
1000 229 1039 259 ct
1084 219 1148 258 lex
1189 219 1331 274 leprae
1380 218 1648 274 spiritualiter

228 290 405 341 servari,
445 307 552 347 quac
590 294 826 334 secundum
866 294 1027 335 literam
1069 312 1158 335 non
1198 307 1348 351 potest.
1434 296 1505 338 Sic
1548 312 1647 349 crgo

229 370 454 423 quomodo
495 386 573 410 nos
612 368 903 422 intelligimus,
954 367 1176 427 quomodo
1218 389 1296 414 nos
1341 372 1564 422 sentimus,
1610 384 1652 414 ct

231 444 457 486 consilium
490 448 651 497 damus,
682 448 824 488 omnia
856 449 955 489 facit
985 449 1069 489 lex:
1108 450 1345 491 secundum
1376 451 1541 491 literam
1575 467 1649 491 au-

229 533 314 563 tem
345 539 437 563 non
469 523 626 573 omnia,
656 526 728 565 scd
760 526 994 565 admodum
1026 542 1175 581 pauca.

345 600 383 643 7.
415 600 519 642 Post
555 601 659 642 haec
699 613 838 642 autem
881 618 975 643 cum
1013 605 1230 657 profectus
1262 615 1364 646 esset
1392 604 1568 653 Jethro,
1612 614 1652 645 et

230 675 409 717 venisset
437 676 581 717 Moses
614 694 660 718 ex
691 677 922 733 Raphidim
953 679 994 719 in
1029 682 1240 722 desertum
1274 681 1400 731 Sina,
1430 681 1574 736 ibique
1605 679 1650 720 in

231 754 432 795 columna
469 753 594 796 nubis
636 755 916 797 descendisset
955 756 1170 798 Dominus
1210 758 1264 797 ad
1302 759 1479 807 Mosen,
1516 769 1563 798 ut
1592 757 1651 798 vi-

230 832 335 871 dens
364 832 549 886 populus
580 833 771 872 crederet
800 831 849 881 ei,
882 844 922 873 et
950 835 1077 874 verba
1108 831 1196 889 ejus
1226 835 1410 883 audiret,
1448 835 1504 875 ait
1557 834 1653 875 Do-

230 908 373 948 minus
403 909 456 948 ad
486 907 663 951 Mosen:
692 911 940 961 „descende‚
959 909 1002 967 ¹)
1034 923 1268 967 protestare
1300 912 1480 966 populo,
1512 922 1551 951 et
1570 927 1652 966 pu-

229 983 348 1025 rifica
378 984 474 1026 illos
503 985 646 1036 hodie,
678 997 718 1027 et
748 1003 850 1038 cras,
881 999 921 1029 et
948 974 1087 1029 las-ent
1115 988 1359 1030 vestimenta
1381 1004 1468 1036 sua,
1501 999 1541 1028 et
1571 988 1652 1029 sint

229 1061 368 1116 parati
396 1060 440 1102 in
472 1062 584 1104 diem
613 1063 826 1106 tertium.“
886 1066 930 1107 Si
962 1067 1053 1121 quis
1082 1077 1162 1116 est,
1201 1066 1272 1122 qui
1303 1066 1356 1106 ad
1387 1065 1649 1106 audiendum

231 1139 410 1179 verbum
442 1139 525 1181 Dei
555 1143 799 1192 conveniat,
849 1142 994 1183 audiat
1034 1144 1135 1198 quid
1151 1141 1196 1198 ²)
1237 1143 1454 1198 praecepit
1491 1141 1650 1182 Domi-

230 1232 335 1258 nus:
376 1217 658 1260 sanctificatus
701 1218 843 1261 venire
880 1221 1008 1262 debet
1056 1221 1109 1261 ad
1159 1221 1421 1261 audiendum
1459 1220 1650 1269 verbum,

229 1292 373 1334 lavare
403 1295 530 1335 debet
558 1295 802 1336 vestimenta
830 1314 918 1344 sua,
987 1297 1032 1339 Si
1065 1298 1176 1339 enim
1207 1297 1379 1339 sordida
1414 1297 1497 1336 huc
1527 1298 1649 1337 detu-

228 1369 326 1411 leris
356 1369 622 1421 vestimenta,
660 1372 802 1414 audies
844 1386 883 1414 et
918 1385 985 1415 tu:
1025 1375 1260 1429 ,‚amice,³)
1302 1375 1525 1430 quomodo
1566 1374 1650 1414 huc

226 1445 433 1498 introisti,
487 1465 576 1489 non
615 1450 776 1491 habens
815 1462 971 1492 vestem
1012 1451 1305 1507 nuptialem?“
1361 1452 1499 1491 Nemo
1547 1466 1645 1501 ergo

227 1535 369 1580 potest
399 1526 546 1567 audire
576 1527 751 1568 verbum
784 1527 887 1578 Dei,
933 1528 1013 1569 nisi
1042 1528 1160 1584 prius
1190 1529 1317 1569 suerit
1346 1528 1651 1569 sanctificatus:

228 1601 276 1642 id
306 1613 384 1651 est,
420 1602 502 1643 nisi
535 1604 663 1646 fuerit
706 1618 872 1647 sanctus
914 1622 1098 1661 corpore
1139 1617 1177 1647 et
1206 1605 1378 1661 spiritu,
1416 1604 1496 1646 nisi
1525 1604 1647 1646 vesti-

228 1691 374 1720 menta
401 1696 476 1721 sua
512 1681 671 1723 laverit.
744 1683 1009 1734 Ingressurus
1048 1695 1108 1725 est
1145 1683 1258 1724 enim
1299 1683 1430 1738 paulo
1469 1695 1567 1738 post
1595 1684 1649 1724 ad

231 1772 410 1797 coenam
441 1757 699 1812 nuptialem,
738 1761 1070 1802 manducaturus
1111 1771 1170 1800 cst
1211 1761 1263 1800 de
1304 1759 1500 1802 carnibus
1540 1760 1648 1813 agni,

228 1845 451 1889 potaturus
499 1846 558 1876 est
591 1837 801 1891 poculum
838 1837 1042 1879 salutaris.
1109 1838 1248 1878 Nemo
1288 1837 1415 1878 intret
1451 1838 1505 1878 ad
1537 1839 1647 1880 hanc

229 1928 407 1954 coenam
439 1911 622 1954 sordidis
651 1912 917 1956 vestimentis,
976 1914 1071 1955 Hoc
1101 1914 1214 1955 enim
1247 1925 1287 1955 et
1317 1913 1418 1954 alibi
1446 1914 1650 1970 sapientia

227 1991 469 2047 praecepit,
518 1988 680 2031 dicens:
708 1989 798 2042 },‚in
813 1990 858 2045 ⁴²)
896 1991 1015 2032 omni
1051 2002 1247 2047 tempore
1287 1992 1367 2032 sint
1406 1991 1649 2035 vestimenta

228 2079 302 2109 tua
330 2067 534 2109 munda-‘⁴
589 2068 697 2109 Lota
724 2079 822 2109 sunt
852 2068 962 2109 enim
994 2068 1124 2109 semel
1155 2068 1398 2109 vestimenta
1428 2080 1512 2120 tua,
1551 2087 1649 2111 cum

229 2145 378 2187 venisti
407 2145 462 2186 ad
492 2144 667 2197 gratiam
698 2144 908 2201 baptismi,
937 2145 1182 2201 purificatus
1214 2162 1254 2186 es
1287 2162 1488 2201 corpore,
1519 2163 1647 2188 mun-

231 2223 354 2264 datus
385 2238 426 2264 es
457 2223 509 2262 ab
542 2222 660 2264 omni
688 2222 1010 2278 inquinamento
1043 2223 1179 2264 carnis
1209 2234 1247 2263 et
1275 2222 1457 2278 spiritus.
1526 2223 1650 2278 Quae

232 2315 331 2352 ergo
363 2299 481 2341 Deus
512 2301 752 2351 mundavit,
788 2312 836 2340 tu
873 2300 1097 2341 immunda
1126 2317 1181 2341 ne
1210 2301 1369 2342 feceris.
1426 2300 1542 2342 Audi
1570 2301 1646 2355 igi-

231 2388 302 2418 tur
329 2394 445 2418 nunc
476 2389 515 2419 et
541 2377 883 2419 sanctificationis
913 2393 1061 2431 genus:
1101 2376 1244 2433 „ne⁵)
1275 2378 1550 2429 accesseritis,
1581 2380 1647 2420 in-

234 2452 337 2509 quit,
371 2455 424 2495 ad
453 2453 676 2496 mulierem
705 2455 847 2506 hodie,
879 2466 920 2496 ct
950 2454 1142 2506 crastina,
1171 2466 1218 2496 ut
1249 2454 1317 2496 die
1345 2455 1467 2496 tertia
1498 2457 1643 2498 audia-

230 2529 282 2572 tis
310 2531 489 2572 verbum
517 2530 639 2574 Dei.“
696 2533 793 2574 Hoc
823 2543 896 2584 est,
926 2532 1044 2588 quod
1075 2543 1114 2573 et
1138 2533 1369 2587 Apostolus
1391 2532 1515 2574 dicit:
1540 2534 1648 2584 „bo-

349 2714 394 2769 ¹)
423 2714 560 2756 Exod.
590 2711 712 2764 XIX,
743 2717 808 2758 10.
842 2716 906 2758 11.
1025 2714 1070 2771 ²)
1101 2715 1216 2759 Edd.
1243 2713 1438 2756 Merlini:
1470 2715 1599 2770 quod.

345 2784 394 2839 3)
424 2784 575 2827 Matth.
601 2785 743 2834 XXII,
771 2789 837 2828 12.
955 2785 1000 2841 ⁴)
1029 2785 1265 2827 Ecclesiast.
1293 2784 1369 2834 IX,
1399 2785 1438 2828 8.

348 2854 394 2911 ⁵)
427 2854 513 2900 Cfr.
545 2855 681 2898 Exod.
710 2855 828 2908 XIX,
860 2857 925 2900 15.
955 2857 1052 2899 coll.
1083 2856 1214 2901 LXX.
1237 2855 1426 2898 virorum
1446 2855 1648 2900 versione.
