1752 3136
491 124 536 154 rs
565 111 817 153 anmcum
848 109 1047 151 Homum
1076 108 1150 150 IX.
1452 109 1536 151 365

124 228 312 267 cundum
346 225 519 264 verbum
550 222 678 278 ipsius
719 221 795 261 erit
834 232 1035 275 tanquam
1077 221 1246 270 angelus
1285 218 1380 260 Dei.
1448 221 1536 261 Aut

124 306 233 344 forte
264 301 387 343 etiam
417 300 488 340 ille
516 314 651 353 super*
672 313 767 337 eum
799 313 936 338 sermo
961 295 1259 351 complebitur,
1290 312 1416 351 quem
1447 296 1537 351 ipse

123 378 335 420 Dominus
378 376 500 417 dixit:
549 373 718 428 ‚‚ego¹)
762 373 871 423 dixi,
922 373 980 415 dii
1019 373 1135 423 estis,
1191 385 1231 414 et
1270 373 1346 414 filii
1388 373 1536 413 excelsi

124 460 308 497 omnes.“
367 453 463 495 Sive
494 467 592 503 crgo
624 450 849 506 spiritualis
883 453 1056 493 effectus
1087 468 1196 492 unus
1224 467 1320 491 cum
1339 449 1535 493 Domino

122 533 292 588 spiritus
321 530 415 570 fiat:
443 529 526 570 sive
556 544 634 583 per
662 528 980 570 resurrectionis
1009 530 1187 581 gloriam
1212 530 1256 570 in
1287 529 1536 579 angelorum

125 609 316 650 ordinem
346 618 549 654 transeat,
592 617 703 646 recte
743 603 830 661 jam
867 622 956 647 non
998 606 1075 646 erit
1106 606 1262 646 homo:
1301 606 1375 646 sed
1404 622 1536 645 unus-

124 686 300 740 quisque
329 683 420 739 ipse
450 682 530 724 sibi
560 684 643 723 hoc
672 694 868 738 praestat,
899 695 946 724 ut
976 683 1039 723 vel
1071 685 1240 725 excedat
1259 682 1440 723 hominis
1462 699 1536 736 ap-

121 760 409 815 pellationem,
438 761 503 800 vel
533 760 643 801 intra
676 760 966 801 conditionem
998 760 1123 816 hujus
1140 761 1339 802 vocabuli
1366 776 1535 801 censea-

121 849 203 879 tur.
263 837 309 879 Si
341 837 452 878 enim
483 839 617 879 factus
650 839 781 878 homo
817 839 869 877 ab
889 837 1011 880 initio
1038 849 1238 879 servasset
1264 838 1385 887 illud,
1417 838 1536 892 quod

123 916 177 955 ad
208 931 305 955 eum
337 915 555 970 Scriptura
587 915 709 955 dicit:
742 916 943 968 „ecce-st)
974 915 1098 970 posui
1132 928 1227 956 ante
1259 916 1405 956 oculos
1440 927 1536 955 tuos

120 1004 302 1033 mortem
336 1004 374 1032 et
402 992 545 1040 vitam,
577 991 681 1043 elige
711 992 789 1032 tibi
820 991 993 1032 vitam:“
1027 992 1060 1032 si
1091 993 1174 1032 hoc
1204 992 1393 1041 fecisset,
1423 1008 1536 1032 nun-

122 1086 246 1124 quam
279 1071 472 1124 profecto
504 1070 739 1110 humanum
772 1084 900 1120 genus
939 1068 1129 1109 mortalis
1160 1068 1349 1109 conditio
1380 1068 1536 1109 tenuis-

119 1158 189 1188 set.
250 1147 335 1187 Sed
378 1145 579 1200 quoniam
625 1145 922 1201 derelinquens
953 1144 1100 1194 vitam,
1151 1157 1333 1187 mortem
1372 1157 1538 1186 secutus

121 1235 192 1274 est,
223 1223 354 1264 homo
386 1225 519 1265 factus
550 1234 630 1264 cst:
671 1234 710 1263 et
738 1240 829 1264 non
859 1224 999 1264 solum
1030 1224 1186 1273 homo,
1231 1225 1305 1265 sed
1345 1234 1383 1263 et
1411 1233 1537 1271 terra,

118 1313 298 1357 propter
329 1301 445 1356 quod
477 1312 515 1341 et
543 1300 588 1340 in
617 1312 774 1341 terram
799 1300 936 1341 redire
972 1299 1198 1354 dicitu1·.³)
1250 1299 1443 1355 Requiro
1472 1310 1536 1340 ta—

120 1395 233 1428 men,
264 1394 373 1434 quae
402 1377 454 1418 sit
482 1377 558 1419 ista
587 1394 716 1427 mors,
748 1393 875 1432 quam
908 1377 1007 1418 dicit
1044 1389 1169 1426 „ante
1186 1375 1230 1431 ⁴)
1264 1379 1411 1419 oculos
1440 1388 1537 1417 tuos

121 1456 288 1512 posui.“
345 1455 415 1494 De
445 1454 527 1495 vita‘
558 1454 670 1494 enim
700 1470 788 1494 non
822 1455 1060 1503 dubitatur,
1092 1455 1209 1509 quod
1238 1466 1369 1494 semet
1396 1454 1537 1509 ipsum

120 1533 278 1572 indicet
313 1532 456 1580 Deus,
504 1530 577 1586 qui
617 1530 739 1571 dicit:
787 1531 968 1585 ‚,Ego5)
1007 1548 1098 1572 sum
1141 1530 1290 1573 veritas
1336 1543 1376 1571 et
1414 1531 1537 1572 vita.“

124 1609 248 1662 Quae
291 1620 352 1650 est
382 1624 480 1660 ergo
524 1607 601 1649 ista
639 1625 753 1649 mors
792 1608 898 1649 vitae
939 1608 1174 1657 contraria,
1228 1624 1355 1662 quarn
1394 1607 1538 1663 posuit

120 1687 239 1726 Deus
269 1697 364 1726 ante
408 1686 556 1726 oculos
597 1684 795 1726 nostros?
854 1686 923 1725 De
962 1685 1038 1725 illo
1070 1684 1154 1726 dici
1192 1697 1320 1740 puto,
1367 1686 1418 1725 de
1449 1701 1533 1740 quo

120 1763 276 1803 Paulus
319 1761 441 1802 dicit:
491 1760 767 1811 „novissimus
783 1761 827 1815 6)
870 1760 1065 1802 inimicus
1106 1763 1342 1802 destruetur
1381 1767 1536 1804 mors.“

120 1840 200 1880 Iste
232 1851 290 1880 est
321 1855 418 1891 ergo
449 1837 644 1879 inimicus
678 1838 894 1887 diabolus,
942 1836 1014 1894 qui
1052 1839 1194 1893 primo
1235 1839 1406 1894 quidem
1438 1851 1535 1880 ante

123 1918 270 1958 oculos
299 1914 623 1971 positusrestff)
654 1916 727 1956 scd
766 1915 1014 1956 novissimus
1053 1918 1300 1957 destruetur.
1368 1916 1534 1958 Positus

123 2005 263 2033 autem
293 1994 428 2032 fuerat
459 2004 555 2034 ante
585 1994 756 2042 oculos,
800 2009 889 2032 non
920 2004 966 2033 ut
995 2009 1268 2048 sequeremur
1300 2010 1420 2042 eum,
1460 1996 1535 2035 sed

122 2081 169 2110 ut
198 2069 436 2114 vitaremus.
493 2070 620 2111 Unde
653 2081 692 2110 et
725 2069 921 2119 arbitror,
953 2071 1070 2121 quod
1097 2069 1185 2125 ipsa
1216 2087 1291 2125 per
1321 2087 1363 2111 se
1394 2071 1534 2112 anima

123 2147 323 2196 humana,
352 2162 492 2201 neque
520 2147 735 2197 mortalis,
781 2163 919 2202 neque
956 2146 1205 2187 immortalis
1248 2146 1329 2188 dici
1368 2158 1533 2201 potest:

121 2225 195 2266 sed
225 2223 257 2265 si
289 2222 509 2275 contigerit
538 2222 687 2274 vitam,
729 2240 775 2264 cx
805 2223 1027 2279 participio
1058 2223 1165 2265 vitae
1205 2223 1281 2264 erit
1310 2224 1533 2264 immorta-

122 2300 195 2342 lis:
225 2300 269 2341 in
299 2300 424 2341 vitam
458 2299 570 2341 enim
598 2316 689 2340 non
718 2299 866 2341 incidit
882 2299 926 2355 ⁸)
956 2316 1092 2342 mors:
1131 2301 1164 2342 si
1204 2318 1302 2341 vero
1346 2313 1533 2342 avertens

121 2394 166 2418 se
196 2394 218 2418 a
258 2378 337 2419 vita
368 2376 639 2433 participium
678 2378 846 2419 traxerit
880 2378 1050 2428 mortis,
1097 2377 1186 2434 ipsa
1227 2393 1272 2419 se
1309 2379 1407 2420 facit
1447 2393 1534 2419 esse

241 2558 284 2613 ¹)
312 2559 469 2601 Psalm.
500 2559 718 2610 LXXXII,
748 2561 788 2604 6,
905 2560 950 2610 ²]
984 2560 1069 2601 Cfr.
1102 2560 1227 2601 Dent.
1258 2560 1404 2611 XXX,
1437 2560 1491 2602 15

237 2629 283 2682 3)
318 2630 470 2671 Genes.
503 2628 576 2678 ῙΠ,
608 2630 673 2673 19.
793 2629 838 2684 ⁴)
868 2630 999 2674 Dent.
1029 2630 1170 2680 XXX,
1202 2631 1267 2672 15.

239 2698 283 2752 ⁵)
313 2699 386 2738 Ev.
417 2699 572 2740 Joann.
605 2699 719 2750 XIV,
753 2701 792 2744 6.
911 2697 955 2755 ⁶)
988 2700 1004 2738 I
1037 2698 1137 2742 Cor.
1169 2699 1264 2752 XV,
1291 2699 1359 2744 26.

237 2767 281 2822 ⁷)
314 2767 590 2810 Desideratur
619 2775 732 2821 ‚,est“
761 2770 804 2811 in
838 2772 902 2814 ed.
931 2770 1077 2812 Ruaei.

233 2836 280 2890 Β)
311 2836 422 2879 Edd.
453 2837 644 2881 Mes-lini:
675 2838 842 2883 incidet.
