1752 3136
0 2782 8 3136 mssffiv
0 2768 1 2771 „
0 2733 3 2750 .-

456 110 502 140 m
532 97 786 138 anmcum
816 96 1017 137 HOM1L1A
1033 93 1148 134 VIII.
1431 92 1514 134 329

106 214 293 261 obtecta,
331 211 404 252 sed
434 209 632 251 omnibus
661 207 956 264 publicentur,
998 216 1045 246 ut
1082 206 1319 247 interventu
1351 214 1391 244 et
1420 220 1514 243 cor-

102 288 295 344 reptione
326 286 518 330 omnium
560 285 832 333 emendetur,
873 295 913 324 ct
951 282 1116 323 veniam
1145 293 1369 322 mercatur.
1428 280 1514 320 Ve-

104 382 200 406 rum
228 377 365 406 tamen
393 364 582 418 leprosus
612 360 689 401 iste
711 377 757 401 os
783 361 1081 401 tantummodo
1105 358 1277 416 jubetur
1306 358 1515 409 obtegere.

71 450 76 456 '
106 441 223 496 Quid
254 453 311 483 est
339 442 437 489 hoc,
467 440 586 495 quod
618 453 764 479 omnes
795 436 988 493 corporis
1027 447 1167 492 partes
1195 436 1329 475 nudas
1361 435 1518 474 habere

102 517 370 575 praecipitur,
403 528 443 558 et
474 532 519 557 os
548 516 686 556 solum
720 513 888 570 operire
916 512 1121 571 jubetur?
1181 511 1338 551 Nonne
1375 511 1516 565 palam

105 607 176 645 est,
207 606 245 635 et
274 594 318 635 in
350 604 494 649 aperto
526 592 737 644 positum,
780 592 897 647 quod
930 589 987 640 ei,
1030 588 1102 645 qui
1130 587 1173 628 in
1206 589 1323 642 lepra
1355 585 1517 642 peccati

104 682 173 721 est,
205 669 417 712 clauditur
444 686 598 720 sermo,
631 668 841 710 clauditur
872 666 973 720 π’)
1006 683 1064 718 os,
1096 676 1144 706 ut
1170 663 1326 705 fiducia
1355 679 1519 704 sermo-

99 746 176 796 nis,
207 759 247 788 et
275 747 460 789 docendi
492 747 718 789 auctoritas
745 742 1020 786 excludatur?
1065 741 1375 796 „Peccatori²)
1406 739 1518 788 enim

102 823 202 866 dixit
229 826 369 866 Deus:
411 840 541 880 quare
579 835 624 865 tu
667 839 835 864 enarras
875 820 1050 878 justitIas
1079 836 1216 869 meas,
1255 831 1295 859 et
1335 817 1519 859 adsumis

100 911 394 942 testamentum
424 918 567 943 meum
598 918 675 957 per
703 918 748 941 os
777 912 896 940 tuum
912 897 958 940 ?“
1009 896 1213 937 Clausum
1245 912 1343 948 ergo
1365 895 1518 936 habeat

98 994 149 1027 ¹os
179 990 388 1033 peccator,
419 979 529 1034 quia,
562 979 633 1034 qui
663 994 706 1018 se
726 977 866 1032 ipsum
895 991 984 1015 non
1015 972 1174 1022 docuit,
1206 974 1359 1013 docere
1390 972 1519 1013 alium

101 1072 192 1096 non
223 1067 378 1111 potest:
412 1054 512 1109 et3)
541 1054 639 1095 ideo
673 1070 719 1095 os
750 1069 872 1093 suum
904 1049 1076 1107 jubetur
1094 1049 1274 1105 operire,
1306 1048 1377 1104 qui
1408 1050 1519 1089 male

102 1134 279 1184 agendo,
309 1131 515 1188 loquendi
545 1129 733 1187 perdidit
762 1129 1011 1170 libertatem.
1068 1124 1420 1178 ‚,Immundus,⁴)
1453 1124 1517 1164 in-

102 1207 204 1263 quit,
236 1206 324 1259 erit,
356 1219 394 1249 et
422 1219 638 1265 separatus
667 1207 831 1249 sedebit
861 1205 975 1255 soris,
1007 1216 1120 1246 extra
1146 1216 1276 1244 castra
1308 1202 1386 1243 erit
1416 1218 1520 1242 con-

100 1284 276 1326 versatio
309 1283 439 1342 ejus.“
498 1285 672 1328 Clarum
705 1296 777 1334 est,
808 1284 924 1339 quod
968 1282 1105 1323 omnis
1135 1281 1382 1322 immundus
1412 1278 1519 1335 abji-

103 1361 237 1402 ciatur
266 1377 290 1402 a
320 1375 529 1403 conventu
567 1364 808 1411 bonorum,
856 1371 896 1400 et
934 1369 1172 1412 segregetur
1202 1376 1224 1400 a
1258 1369 1406 1406 coetu,
1450 1373 1519 1397 ca-

102 1440 280 1493 strisque
315 1450 582 1482 sanctorum:
623 1451 663 1480 et
700 1438 800 1479 ideo
844 1436 967 1487 dicit,
1014 1435 1173 1492 quia⁵)
1210 1447 1352 1485 „extra
1388 1445 1520 1475 castra

104 1513 181 1555 erit
212 1515 472 1556 conversatio
513 1514 643 1573 cjus.“
710 1515 844 1570 Quod
891 1514 924 1555 si
962 1515 1075 1554 forte
1113 1513 1341 1553 mundatus
1381 1509 1521 1559 suerit,

103 1603 256 1647 sponte
285 1592 470 1647 quidem,
502 1604 541 1634 et
558 1593 603 1648 6)
635 1609 657 1633 a
686 1604 817 1633 semet
845 1592 938 1648 ipso
970 1607 1060 1631 non
1090 1589 1203 1631 venit
1241 1590 1293 1629 ad
1323 1589 1522 1631 sacerdo-

103 1679 209 1708 tem:
237 1669 312 1710 sed
343 1670 542 1719 offertur,
580 1668 740 1724 inquit,
780 1671 832 1710 ab
876 1669 983 1718 alio,
1030 1684 1109 1709 nec
1148 1667 1276 1708 intrat
1303 1666 1347 1707 in
1378 1676 1521 1707 castra.

102 1745 254 1800 Neque
285 1745 397 1786 enim
429 1746 684 1788 conveniens
716 1757 816 1796 erat,
845 1757 891 1787 ut
921 1762 969 1786 ea
1001 1745 1082 1793 die,
1113 1760 1194 1800 qua
1221 1743 1522 1791 mundabatur,

101 1822 349 1879 priusquam
377 1824 529 1864 fierent
556 1840 637 1880 pro
670 1839 736 1873 eo,
767 1838 876 1878 quae
906 1822 1219 1878 competebant,
1254 1820 1449 1861 introiret
1477 1819 1523 1860 in

106 1912 248 1942 castra.
305 1900 490 1957 Propter
518 1902 634 1955 quod
665 1898 964 1955 „sacerd0s‚⁷>
994 1898 1154 1954 inquit,
1184 1897 1310 1939 exibit
1340 1898 1394 1938 ad
1423 1914 1522 1938 eum

44 2009 47 2013 ι
104 1979 219 2020 foras
250 1989 361 2019 extra
393 1983 563 2020 castra.“
623 1978 802 2033 Semper
831 1976 945 2018 enim
975 1976 1029 2016 ad
1061 1993 1180 2025 eum,
1223 1975 1294 2031 qui
1323 1976 1521 2016 nondum

105 2066 246 2111 potest
273 2054 449 2096 introire
477 2056 521 2097 in
552 2067 705 2106 castra,
752 2057 833 2097 exit
859 2055 952 2104 ille,
996 2052 1069 2109 qui
1097 2064 1238 2109 potest
1269 2051 1379 2093 exire
1408 2063 1522 2092 extra

108 2143 252 2182 castra,
284 2131 357 2188 qui
389 2132 510 2174 dicit:
554 2132 730 2188 „1⁴2g08)
762 2150 785 2175 a
817 2132 914 2173 Deo
947 2129 1075 2180 exivi,
1118 2143 1156 2171 et
1196 2128 1291 2169 veni
1322 2128 1368 2168 in
1407 2128 1522 2169 hunc

105 2210 357 2251 mundum.“
413 2208 508 2250 Exit
538 2226 635 2262 ergo
669 2211 722 2251 ad
754 2226 852 2251 eum
881 2208 1100 2256 sacerdos,
1139 2217 1177 2247 et
1209 2205 1459 2254 considerat,
1487 2204 1522 2245 si

105 2286 193 2344 jam
232 2285 389 2342 recepit
425 2287 669 2336 sanitatem,
710 2286 743 2329 si
781 2303 803 2327 a
843 2287 988 2341 leprae
1026 2282 1278 2336 contagione
1320 2293 1520 2337 purgatus

108 2377 177 2407 cst.
235 2367 346 2410 Cum
377 2376 517 2406 autem
557 2363 706 2405 viderit
748 2380 844 2405 eum
883 2362 1105 2411 sacerdos,
1141 2358 1433 2415 praecipitst)
1476 2371 1520 2400 ut

225 2500 269 2555 1)
300 2500 432 2540 Deest
462 2502 552 2548 ,‚et“
580 2496 625 2537 in
656 2499 718 2538 ed.
752 2498 802 2538 R.
922 2495 968 2551 ²)
998 2495 1150 2537 Psalm.
1181 2493 1229 2543 L,
1259 2493 1324 2537 16.

224 2569 271 2624 ³)
303 2570 433 2610 Deest
460 2572 552 2616 ‚,et“
581 2566 625 2608 in
656 2569 721 2609 ed.
751 2567 802 2608 R.
921 2565 966 2619 4)
997 2565 1123 2607 Lex-it.
1153 2565 1269 2613 XIII,
1298 2565 1365 2606 46.

223 2639 268 2695 5)
297 2638 426 2680 Levit.
458 2637 574 2687 Xlll,
603 2638 669 2680 46.
788 2636 834 2690 6)
863 2636 994 2677 Deest
1023 2641 1114 2684 „et“
1141 2633 1185 2675 in
1218 2636 1282 2675 ed.
1314 2634 1384 2677 Rs

225 2711 270 2765 7)
299 2709 425 2750 Levit.
458 2708 572 2757 XIV,
600 2709 640 2750 3.
757 2707 804 2760 ⁸)
835 2707 908 2747 Er.
939 2707 1097 2746 Joann.
1128 2704 1244 2754 XVI,
1272 2704 1341 2747 28.

222 2780 269 2835 ⁹)
300 2780 386 2822 Csr.
415 2778 542 2820 Levit.
572 2777 697 2830 XIV,
739 2777 775 2821 4.
814 2801 867 2809 --
908 2776 1019 2818 Edd.
1049 2774 1243 2818 Merlini:
1276 2786 1315 2816 et
1346 2791 1524 2818 coccum

107 2850 280 2887 tortum,
313 2848 350 2879 ct
379 2836 619 2892 hyssopum.
