1752 3136
265 130 350 175 396
870 135 1091 178 Omenms

270 257 408 286 creata
439 257 497 286 cst
529 245 688 296 anima,
731 258 770 288 et
799 247 894 289 satis
925 249 1094 291 decora.
1162 250 1298 298 Audi,
1342 252 1565 307 quomodo
1598 251 1685 307 ipsc

258 322 386 378 *Deus
416 322 539 363 dicit:
568 325 798 372 „faciamus
818 324 858 381 ¹)
891 327 1109 368 hominem
1153 329 1206 369 ad
1236 329 1460 381 imaginem
1503 342 1542 370 et
1571 328 1685 369 simi-

267 399 491 440 litudinem
523 408 753 443 nostram.“
810 403 933 454 Vide,
964 404 1080 462 cujus
1113 405 1302 454 decoris,
1346 408 1464 461 cujus
1495 405 1685 461 pulchri-

266 475 425 517 tudinis
456 489 516 517 cst
546 478 699 529 anima,
731 497 838 536 quae
867 482 1093 533 imaginem
1125 485 1252 523 habet
1290 495 1329 525 et
1368 483 1684 524 similitudinem

266 552 367 599 Dei,
425 555 547 596 Hanc
577 557 940 612 pulchritudinem
967 559 1202 600 contrariae
1221 572 1446 616 potestates
1478 576 1575 600 cum
1610 561 1685 600 ad-

266 631 460 686 spiciunt,
491 632 533 674 id
566 646 636 682 est,
668 635 865 675 diabolus
897 647 935 675 et
966 637 1100 688 angeli
1127 635 1226 694 ejus,
1257 639 1565 693 concupiscunt
1593 654 1688 691 spe-

269 709 376 749 cIem
417 709 567 765 ipsius:
612 711 745 766 qui2)
787 712 882 766 quia
923 729 1010 753 non
1052 726 1231 768 possunt
1272 716 1415 770 sponsi
1458 714 1544 770 ejus
1583 714 1686 760 sieri,

268 786 526 827 meretricari
558 787 736 842 cupiunt
766 805 862 828 cum
891 804 949 829 ea.
997 789 1042 830 Si
1064 806 1162 841 ergo
1194 792 1438 846 susceperis,
1471 809 1495 833 o
1531 790 1684 831 homo!

268 861 312 901 in
344 862 473 902 cubili
513 864 679 905 animae
715 877 813 906 tuae
855 867 1094 907 adulterum
1133 866 1384 916 diabolum,
1422 868 1686 908 meretricata

271 950 330 979 est
364 938 503 980 anima
533 952 605 982 tua
638 959 733 982 cum
768 941 957 984 diabolo.
1019 943 1064 985 Si
1081 944 1289 1000 receperis
1321 946 1490 997 angelos
1522 943 1624 1000 cju5‚
1654 945 1687 985 si

269 1016 437 1071 spiritus
469 1018 678 1069 diversos,
728 1020 799 1075 qui
839 1037 1014 1076 peccare
1053 1033 1094 1062 te
1135 1022 1394 1076 suadent‚³)
1425 1021 1689 1062 meretricata

272 1105 332 1134 est
364 1111 459 1135 cum
497 1095 543 1136 iis
573 1096 712 1136 anima
745 1109 837 1138 tua:
873 1099 906 1138 si
937 1098 1105 1153 spiritus
1136 1099 1235 1148 irae,
1264 1099 1297 1140 si
1334 1098 1527 1146 invidiae,
1556 1098 1588 1138 si
1618 1116 1686 1139 su-

268 1171 456 1225 perbiae,
487 1175 519 1213 si
549 1172 839 1228 impudicitiae
868 1174 1073 1226 ingressus
1108 1176 1232 1217 suerit
1263 1177 1316 1216 ad
1346 1175 1529 1216 animam
1561 1187 1689 1223 tuam,

269 1259 310 1287 ct
337 1249 548 1304 receperis
580 1266 690 1299 eum,
722 1263 762 1291 et
792 1252 1051 1294 consenseris
1082 1253 1118 1294 ci
1148 1253 1340 1308 loquenti
1370 1253 1411 1292 in
1444 1254 1573 1292 corde
1603 1264 1691 1300 tuo,

271 1327 499 1367 delectatus
526 1326 654 1368 fueris
686 1327 769 1378 his,
819 1345 927 1383 quae
963 1328 1040 1369 tibi
1076 1331 1311 1370 secundum
1350 1347 1469 1371 suam
1501 1342 1687 1370 mentem

270 1403 464 1454 suggerit,
493 1404 780 1446 meretricatus
812 1422 853 1446 es
894 1423 991 1446 cum
1023 1423 1090 1448 eo.
1168 1406 1438 1447 Meretricem
1469 1422 1567 1458 ergo
1599 1424 1687 1447 non

271 1480 450 1536 accipiet
468 1484 666 1523 sacerdos
686 1499 875 1535 magnus,
907 1495 947 1524 et
965 1500 1055 1524 non
1081 1483 1388 1524 contaminabit
1402 1500 1544 1524 semen
1564 1501 1686 1525 suum

271 1558 316 1598 in
345 1560 511 1614 populo
542 1577 634 1602 suo.
696 1560 829 1615 Quod
861 1573 920 1602 est
940 1561 1053 1602 istud
1083 1578 1240 1610 semen,
1271 1562 1388 1616 quod
1411 1560 1689 1601 contaminari

271 1651 359 1675 non
392 1634 509 1676 vult}>
564 1636 614 1677 In
654 1637 892 1691 Evangeliis
928 1640 1130 1694 scriptum
1175 1650 1253 1680 est:
1297 1638 1458 1694 ‚‚qui⁴)
1500 1638 1691 1688 seminat,

271 1713 448 1753 verbum
488 1714 707 1756 seminat.“
780 1716 880 1757 Non
922 1718 1009 1757 vult
1047 1733 1145 1768 ergo
1193 1715 1473 1757 contaminari
1512 1717 1685 1756 verbum

272 1790 358 1830 Dei
387 1780 438 1830 al)
469 1791 544 1842 his,
574 1793 647 1848 qui
675 1792 894 1835 seminant.
955 1793 1042 1847 Qui
1072 1805 1170 1835 sunt
1200 1809 1318 1844 ergo,
1351 1793 1422 1848 qui
1453 1792 1690 1833 seminant?

274 1866 360 1928 Qui
400 1869 576 1909 verbum
617 1870 702 1910 Dei
739 1870 784 1910 in
826 1871 998 1912 ecclesia
1037 1871 1274 1925 proferunt.
1361 1870 1549 1911 Audiant
1589 1886 1687 1921 ergo

275 1945 486 1997 doctores,
518 1964 572 1987 ne
602 1948 714 1988 forte
743 1948 908 1988 animae
939 1948 1270 1996 contaminatae,
1301 1949 1466 1988 animae
1495 1950 1687 1989 meretri-

274 2024 396 2072 canti,
427 2023 591 2065 animae
620 2024 782 2066 infideli
811 2027 937 2066 verba
962 2025 1044 2066 Dei
1076 2028 1270 2077 credant,
1301 2041 1355 2065 ne
1385 2025 1494 2065 sorte
1525 2025 1690 2066 mittant

275 2112 464 2141 sanctum
497 2103 670 2143 canibus
709 2116 748 2143 et
785 2103 1027 2154 margaritas
1065 2116 1162 2144 ante
1200 2119 1380 2158 porcos:
1417 2103 1492 2142 sed
1531 2103 1689 2143 animas

273 2178 466 2229 mundas,
496 2179 673 2232 virgines
701 2180 746 2220 in
775 2180 1041 2236 simplicitate
1070 2180 1181 2229 fidei,
1214 2196 1321 2234 quae
1347 2178 1391 2219 in
1416 2178 1584 2219 Christo
1619 2192 1688 2229 cst,

275 2254 440 2306 eligant,
470 2256 568 2312 ipsis
590 2257 856 2299 committant
873 2269 1030 2299 secreta
1048 2256 1255 2316 mysteria,
1276 2257 1376 2311 ipsis
1398 2258 1572 2297 verbum
1591 2257 1688 2306 Dei,

276 2344 315 2374 et
339 2350 491 2375 arcana
522 2335 623 2375 fidei
652 2337 988 2391 proloquantur,
1033 2347 1080 2376 ut
1108 2335 1152 2375 in
1181 2334 1280 2389 ipsis
1313 2332 1500 2374 Christus
1530 2335 1688 2374 forme-

274 2422 344 2452 tur
371 2428 448 2467 per
479 2414 621 2454 sidem.
697 2414 765 2453 An
794 2411 978 2464 nescitis,
1033 2413 1131 2468 quia
1171 2428 1218 2452 ex
1258 2410 1336 2452 isto
1376 2410 1535 2452 semine
1572 2411 1688 2450 verbi

274 2486 371 2537 Dei,
402 2489 520 2543 quod
549 2489 792 2541 seminatur,
852 2489 1042 2532 Christus
1072 2489 1256 2531 nascitur
1285 2489 1330 2530 in
1361 2489 1491 2529 corde
1521 2487 1689 2529 audito-

391 2671 434 2724 ¹)
468 2672 621 2714 Genes.
652 2674 682 2723 I,
711 2674 779 2716 26.

391 2740 439 2795 ²)
470 2742 580 2782 Edd.
616 2743 807 2784 Merlini:
839 2755 877 2784 et
907 2742 1002 2799 quia
1036 2754 1109 2785 etc.

392 2812 438 2862 3)
471 2811 581 2852 Edd.
613 2812 807 2854 Medini:
836 2815 1052 2857 suadeant⁵

393 2880 438 2937 4)
470 2882 600 2923 BIarc.
632 2883 704 2933 IV,
735 2884 802 2927 1-1.
916 2891 918 2893 ’
