1752 3136
221 119 306 163 224
835 113 1056 157 Omonms

222 243 299 282 rat,
326 227 511 288 perditio
542 236 614 277 est,
644 227 807 279 reddet,
835 227 987 284 inquit,
1018 226 1135 283 quod
1171 224 1340 268 invenit.
1406 223 1463 267 Et
1491 226 1538 278 is,
1567 229 1640 284 qui

219 308 506 366 perditionem
534 304 708 355 invenit,
737 317 776 346 et
804 305 889 355 ille,
920 304 992 361 qui
1023 304 1237 360 rapinam,
1268 304 1342 346 sed
1374 315 1414 344 et
1442 303 1537 355 ille,
1568 305 1641 361 qui

221 385 463 442 depositum
491 382 725 434 abnegavit,
757 395 798 424 et
828 382 979 432 omnis,
1010 381 1255 437 quicunque
1272 381 1413 437 aliqua
1444 397 1492 423 ex
1521 393 1643 437 parte

219 463 386 506 animae
414 459 564 503 nocuit
594 458 866 516 proximo‚¹)
896 471 968 500 aut
986 457 1137 516 juravit
1152 457 1323 515 injuste:
1353 457 1642 514 ‚‚restituet‚²)

217 540 370 597 inquit,
397 538 535 595 ipsum
568 550 706 592 caput,
737 548 778 578 et
807 535 972 592 quintas
1001 553 1128 591 super
1158 535 1338 587 augebit,
1370 547 1410 576 et
1442 533 1491 584 ei,
1522 531 1641 590 cujus

220 629 293 667 est,
323 617 510 666 reddet‚“
538 615 772 657 secundum
804 630 897 655 eam
927 614 1144 653 dumtaxat
1162 612 1481 669 expositionem,
1513 627 1642 668 quam

218 696 273 736 de
304 693 460 750 quintis
490 690 695 733 addendis
725 700 824 730 ante
852 687 938 745 jam
962 689 1153 731 diximus,
1212 688 1354 745 ‚,Et³)
1380 690 1545 737 offeret,
1574 687 1642 727 in-

218 771 322 828 quit,
351 769 544 811 Domino
588 766 760 807 arietem
801 767 855 806 de
893 765 1041 807 ovibus
1078 764 1168 805 sine
1196 767 1386 815 macula,
1425 766 1565 821 pretio
1596 765 1640 805 in

217 849 276 898 id,
307 847 424 903 quod
458 840 655 898 deliquit:
701 852 742 882 et
772 840 912 883 orabit
947 858 1026 897 pro
1060 857 1110 882 eo
1140 843 1337 882 sacerdos
1368 854 1516 882 contra
1544 842 1639 881 Do-

216 926 395 973 minum,
428 932 470 963 et
496 920 735 971 remittetur
765 919 802 961 ei
830 935 911 975 pro
942 935 1031 960 uno
1064 919 1118 958 ab
1149 918 1362 967 omnibus,
1393 933 1501 973 quae
1529 917 1641 966 fecit,

218 1013 260 1044 et
288 998 467 1056 deliquit
493 998 540 1040 in
568 1001 661 1042 e0.“
719 995 913 1039 Diximus
941 996 986 1038 in
1013 994 1318 1052 superioribus,
1347 994 1451 1050 quid
1482 1006 1542 1036 est
1573 995 1639 1035 ol-

217 1080 330 1120 ferre
358 1076 545 1125 arietem,
574 1085 616 1114 et
645 1073 759 1115 hunc
788 1073 927 1130 pretio
966 1073 1057 1115 sicli
1094 1073 1227 1115 saneti
1265 1085 1437 1115 emtum.
1513 1072 1640 1113 Nunc

218 1164 420 1210 superest,
447 1161 497 1192 ut
525 1149 810 1192 differentiam
831 1151 948 1192 illam
972 1150 1183 1192 dicamus:
1215 1152 1333 1206 quod
1362 1150 1422 1191 ibi
1453 1149 1639 1206 pretium

216 1229 363 1286 posuit
391 1228 483 1270 sicli
512 1229 665 1277 sancti,
715 1227 784 1269 hic
826 1230 1128 1269 tantummodo
1167 1226 1351 1284 pretium
1392 1227 1517 1277 dicit,
1556 1243 1640 1268 nec

218 1306 497 1364 quantitatem
535 1291 684 1361 pretist
728 1321 808 1346 nec
850 1321 1010 1346 nomen
1046 1304 1254 1361 pecuniae
1292 1302 1531 1358 designavit.
1588 1305 1642 1345 In

215 1382 507 1441 superioribus
536 1380 664 1431 enim,
692 1381 768 1422 ubi
796 1397 878 1437 pro
906 1393 1097 1438 peccato,
1128 1384 1247 1437 quod
1279 1382 1323 1423 in
1347 1394 1490 1423 sancta
1520 1399 1639 1424 com-

216 1461 390 1503 missum
421 1459 573 1510 fuerit,
611 1460 676 1500 lex
706 1459 909 1508 dabatur,
944 1459 1098 1500 siclum
1126 1470 1319 1501 sanctum
1350 1458 1529 1501 diximus
1558 1476 1640 1500 no-

215 1537 450 1587 minatum,
477 1547 519 1577 et
545 1537 697 1578 siclum
724 1552 887 1578 nomen
915 1551 1002 1578 esse
1030 1534 1258 1591 pecuniae:
1299 1546 1347 1577 ut
1386 1536 1489 1578 alibi
1527 1538 1639 1578 obo-

215 1616 297 1667 lus,
325 1613 428 1656 alibi
456 1614 675 1665 drachma,
705 1613 807 1656 alibi
834 1630 950 1662 mna,
979 1612 1045 1653 vel
1074 1614 1300 1662 talentum,
1332 1613 1397 1654 vel
1426 1613 1639 1656 minutum

217 1710 285 1735 aes
315 1692 442 1746 vel4)
473 1692 672 1733 denarius
710 1690 875 1734 dicitur.
932 1689 1014 1731 Hic
1045 1705 1144 1741 ergo
1174 1689 1280 1730 nihil
1310 1690 1467 1732 horum
1497 1692 1641 1733 nomi-

214 1781 358 1820 natur,
387 1769 462 1810 sed
488 1780 656 1809 tantum
682 1766 821 1823 pretio
839 1765 884 1820 ⁵)
923 1767 1170 1807 offerendus
1207 1765 1312 1808 aries
1344 1766 1510 1811 dicitur.
1566 1769 1635 1810 In-

215 1856 344 1887 terest
375 1845 488 1886 enim
519 1860 695 1900 peccare
732 1843 779 1884 in
815 1842 991 1893 sanctiS,
1037 1854 1077 1884 et
1115 1859 1292 1899 peccare
1334 1855 1446 1886 extra
1482 1859 1638 1889 sancta.

216 1922 291 1964 Vis
321 1933 361 1964 et
388 1920 490 1962 alibi
517 1921 661 1962 videre
689 1921 800 1961 hanc
828 1920 963 1976 ipsam
995 1919 1339 1963 distinctionem?
1369 1923 1497 1973 Audi,
1527 1941 1638 1980 quo-

215 1999 351 2041 modo
390 1998 436 2039 in
472 1998 720 2052 Regnorum
756 1996 876 2038 libris
917 1997 1018 2039 dicit
1055 1996 1152 2038 Heli
1191 2000 1387 2040 sacerdos
1432 2001 1487 2040 ad
1527 2001 1639 2042 filios

217 2092 342 2117 suos:
383 2073 506 2128 „si⁶)
545 2073 657 2115 enim
696 2073 931 2130 peccaverit
968 2073 1060 2130 quis
1088 2073 1133 2115 in
1165 2075 1409 2127 hominem,
1448 2078 1637 2120 exorabit

216 2169 298 2208 pro
330 2167 380 2193 eo
419 2152 628 2193 sacerdos,
713 2151 760 2193 Si
800 2162 941 2193 autem
979 2151 1024 2193 in
1064 2152 1209 2193 Deum
1248 2155 1506 2209 peccaverit,
1546 2157 1639 2212 quis

218 2228 410 2270 exorabit
449 2245 531 2285 pro
572 2227 685 2270 eo?“
750 2228 953 2271 Similiter
993 2241 1031 2271 et
1069 2233 1257 2273 Joannes
1293 2231 1534 2287 Apostolus
1573 2234 1637 2275 di-

219 2306 294 2347 cit:
325 2317 414 2357 „est
428 2305 469 2360 ⁷)
497 2317 721 2362 peccatum
752 2307 807 2347 ad
835 2318 1042 2348 mortem:
1081 2323 1171 2348 non
1211 2324 1293 2363 pro
1323 2309 1399 2351 illo
1431 2309 1550 2361 dico,
1590 2323 1637 2352 ut

336 2465 381 2520 1)
408 2465 522 2508 Edd.
553 2465 748 2509 Merlini:
778 2467 976 2523 proximi,
1093 2468 1141 2524 Β)
1166 2469 1294 2511 Levit.
1324 2468 1396 2520 Vl,
1426 2470 1466 2512 5.

329 2537 378 2593 ³)
408 2538 538 2580 Levit.
567 2536 640 2586 VI,
669 2536 708 2579 6.
740 2537 779 2579 7.
897 2537 944 2592 ⁴)
974 2538 1106 2580 Deest
1134 2540 1251 2589 ‚‚ve'l“
1279 2538 1323 2580 in
1354 2541 1449 2581 edd.
1481 2540 1542 2582 M.

333 2607 380 2661 ⁵)
409 2607 470 2647 lta
512 2606 622 2654 Cod,
661 2608 1044 2660 Sangermanensis.
1101 2608 1218 2650 Libri
1256 2620 1398 2650 autem
1437 2611 1538 2652 editi
1575 2611 1635 2667 (v.

218 2680 253 2705 e.
285 2663 381 2704 edd.
410 2663 519 2716 ΜΛ)
548 2663 773 2719 „px-etium,
804 2680 890 2719 quo
924 2666 1195 2708 offerendus“
1227 2677 1304 2706 etc.
1335 2665 1385 2707 R.

323 2732 380 2798 ,⁶)
412 2732 499 2773 Cfr.
530 2731 549 2770 I
581 2733 694 2774 Sam.
725 2732 779 2784 II,
807 2736 876 2778 25.
906 2735 950 2791 (I
979 2734 1132 2791 Regg.)
1160 2763 1216 2775 -
1244 2737 1344 2779 Edd
1367 2736 1562 2779 Merlini:
1590 2736 1634 2778 in

215 2789 404 2839 homme,
435 2789 625 2829 exorabit
654 2800 730 2831 etc.

333 2859 379 2914 ⁷)
410 2858 428 2900 1
456 2858 611 2900 Joann.
642 2858 693 2908 V,
722 2858 789 2903 16.
