1752 3136
409 144 455 174 m
484 131 738 173 LEvmcum
767 127 966 170 HommA
987 128 1099 169 VIII.
1377 131 1464 176 323

49 243 241 287 veritati&
301 243 430 296 Igitur
459 242 733 284 adhibeamus
751 238 906 294 primo,
935 238 969 280 si
985 238 1163 290 videtur,
1193 239 1328 296 ipsam
1351 241 1466 283 Scri-

47 334 195 378 pturae
227 322 434 368 umbram,
463 329 504 359 et
531 329 632 358 tunc
664 317 716 358 de
747 313 836 372 ejus
865 315 1038 357 veritate
1079 317 1355 373 requiramus.
1414 318 1464 359 In

46 398 291 440 vulneribus
320 411 566 450 corporum,
597 404 878 449 posteaquam
900 406 1044 437 curata
1073 393 1243 445 suerint,
1274 407 1466 437 remanet

44 475 258 516 interdum
291 472 419 527 ipsius
449 470 631 511 vulneris
663 470 841 523 signum,
873 471 991 526 quod
1025 470 1191 511 cicatrix
1211 472 1462 527 appellatur.

48 551 125 592 Vix
156 542 264 591 enim
296 560 366 595 est,
396 546 469 602 qui
499 546 553 588 ita
586 558 778 596 curetur,
820 559 866 588 ut
904 549 1071 588 nullum
1103 547 1285 603 suscepti
1317 549 1464 589 vulne-

45 626 101 669 ris
129 626 308 668 residere
336 623 526 666 videatur
554 623 773 665 indicium.
847 624 1000 666 Transi
1029 642 1144 666 nunc
1174 626 1227 666 ab
1258 624 1334 666 ista
1366 624 1467 678 legis

46 705 198 744 umbra
235 703 287 743 ad
325 701 543 742 veritatem
575 698 682 757 ejus,
732 712 772 741 et
814 700 1002 752 intuere,
1050 702 1272 758 quomodo
1313 701 1467 751 anima,

39 795 156 834 quae
184 778 347 834 peccati
377 778 530 818 vulnus
560 776 783 833 acceperit,
816 777 977 820 etiamsi
1006 790 1189 828 curetur,
1219 790 1360 820 tamen
1391 780 1466 820 ha-

44 856 117 896 bet
145 856 307 911 peccati
339 855 575 896 cicatricem
604 853 650 895 in
680 855 776 895 loco
807 854 990 897 vulneris
1020 854 1287 896 residentem.
1343 855 1467 910 Quae

47 931 216 973 cicatrix
245 948 334 972 non
363 933 504 973 solum
535 949 556 973 a
589 932 686 972 Deo
720 930 904 980 videtur,
932 932 1005 972 sed
1037 942 1077 974 et
1108 932 1160 972 ab
1191 931 1263 982 iis,
1295 931 1366 988 qui
1398 949 1467 974 ac·

47 1019 251 1064 ceperunt
280 1009 332 1049 ab
364 1025 415 1050 eo
447 1009 643 1061 gratiam,
688 1024 770 1063 qua
800 1006 1021 1062 pervidere
1041 1007 1083 1058 Ι)
1112 1007 1275 1063 possint
1303 1012 1468 1051 animae

45 1086 289 1137 languores,
336 1096 374 1125 et
405 1086 667 1134 discernere,
713 1099 822 1138 quae
857 1083 909 1125 sit
947 1082 1085 1124 anima
1124 1083 1182 1125 ita
1212 1097 1376 1135 curata,
1421 1100 1468 1128 ut

47 1159 165 1202 omni
203 1176 354 1213 genere
393 1160 609 1213 vestigium
648 1159 752 1201 illati
793 1159 977 1203 vulneris
1020 1159 1240 1218 abjecerit:
1287 1174 1325 1203 et
1358 1180 1467 1219 quae

47 1249 190 1278 curata
219 1236 270 1278 sit
299 1236 495 1292 quidem,
536 1238 611 1278 sed
642 1238 749 1278 ferat
779 1238 920 1279 adhuc
950 1237 1098 1281 veteris
1127 1240 1269 1280 morbi
1299 1241 1340 1282 in
1372 1241 1466 1297 ipso

45 1312 214 1366 vestigio
247 1313 447 1355 cicatricis
478 1313 649 1355 indicia.
696 1315 828 1377 Quod
853 1325 994 1356 autern
1025 1314 1108 1356 sint
1137 1318 1345 1371 quaedam
1378 1319 1468 1360 ani-

44 1407 139 1432 mae
168 1391 368 1441 vulnera‚
406 1390 549 1433 Esaias
580 1392 720 1440 docet,
752 1390 921 1433 dicens:
958 1390 1071 1446 „a²)
1113 1394 1295 1447 pedibus
1332 1411 1468 1449 usque

45 1469 99 1509 ad
132 1480 258 1523 caput
286 1484 379 1508 non
410 1479 470 1509 est
501 1468 676 1517 vulnus,
710 1484 851 1523 neque
880 1467 1008 1518 livor,
1047 1484 1188 1524 neque
1219 1471 1340 1525 plaga
1360 1488 1469 1517 »cum

45 1547 272 1586 fervore:“
315 1545 368 1585 de
398 1543 560 1585 delictis
590 1544 694 1585 haec
733 1546 889 1600 procul
922 1545 1056 1586 dubio
1087 1546 1240 1601 populi
1265 1547 1469 1603 loquens:

47 1620 146 1677 quia
189 1631 286 1661 sunt
328 1619 481 1676 aliqui,
532 1619 685 1676 quibus
729 1620 861 1675 possit
917 1622 1058 1663 adhuc
1106 1623 1469 1668 medicamentum

45 1697 306 1749 malagmatis
334 1696 512 1752 imponi.
574 1696 657 1738 Alii
681 1711 788 1738 ‘vero
821 1699 939 1753 quod
968 1698 1052 1740 sint
1087 1699 1131 1740 in
1172 1711 1336 1743 tantum
1368 1719 1468 1757 pec-

23 1785 222 1823 catores,
250 1783 299 1814 ut
326 1772 376 1814 iis
405 1790 484 1814 nec
516 1789 615 1815 cura
652 1773 783 1830 possit
821 1774 1038 1825 adhiberi,
1078 1777 1162 1818 hoc
1190 1780 1324 1820 modo
1355 1779 1470 1821 idem

47 1851 260 1908 propheta
299 1848 506 1903 designat:
551 1867 676 1901 „non
695 1850 741 1906 3)
783 1862 863 1902 cst,
900 1850 1057 1907 inquit,
1088 1854 1296 1906 malagma
1327 1854 1470 1912 impo-

0 1968 1 1975 ,
49 1944 172 1978 nere,
220 1942 361 1983 neque
375 1926 420 1983 ⁴²)
461 1928 627 1978 oleum,
682 1944 822 1983 neque
863 1928 1143 1981 alligaturas.“
1223 1932 1356 1986 Quod
1396 1951 1471 1974 au-

0 2021 1 2047 }
51 2017 137 2046 tem
172 2003 393 2053 contritio,
440 2014 480 2045 et
520 2004 640 2060 plaga
683 2004 846 2046 doloris
877 2022 955 2061 per
984 2006 1313 2064 correptionem,
1346 2026 1472 2051 curae

0 2061 3 2122 l
50 2098 175 2123 causa
204 2079 483 2135 imponantur
511 2080 694 2132 animae,
723 2081 929 2124 ,Ieremias
962 2085 1100 2134 docet,
1131 2085 1293 2127 dicens:
1323 2085 1408 2137 „sie
1426 2086 1471 2141 ⁵)

0 2155 5 2216 1
49 2158 152 2200 dicit
188 2156 426 2198 Dominus:
465 2157 656 2199 suscitavi
698 2158 1001 2200 contritionem
1019 2160 1064 2216 6)
1103 2163 1226 2216 plaga
1264 2173 1335 2204 tua
1374 2179 1470 2204 cum

5 2286 7 2295 ἶ
50 2298 251 2341 habens.“
310 2294 427 2336 Libri
458 2293 559 2337 editi
589 2296 647 2352 (v.
680 2313 714 2338 c.
747 2298 842 2340 edd.
873 2298 981 2354 Μ.);
1023 2301 1201 2352 „umbra
1232 2300 1326 2353 sint,
1360 2313 1398 2344 ct
1426 2303 1471 2345 in

8 2371 9 2404 g
53 2355 142 2397 aliis
173 2354 394 2395 habeant.“
426 2352 476 2395 R.

169 2417 220 2478 1)
244 2422 355 2464 Edd.
385 2419 582 2463 Merlini:
613 2421 872 2475 praevidere.

165 2492 213 2547 ²)
243 2491 364 2535 Jesai.
394 2491 426 2540 I,
455 2490 494 2533 6.
615 2490 661 2545 3)
690 2491 813 2534 Jesai.
844 2492 876 2543 I,
907 2494 945 2536 6.

168 2561 213 2617 ⁴)
246 2562 412 2602 Desunt
444 2561 591 2601 verba:
623 2576 788 2615 „neque
820 2564 1004 2613 oleum,“
1034 2562 1219 2607 inlibris
1241 2578 1360 2610 antea
1381 2568 1469 2610 edi-

12 2638 13 2648 *
53 2618 102 2661 tis
132 2619 190 2674 (e.
223 2635 256 2658 c.
289 2618 382 2657 edd.
413 2616 514 2671 Μ),
545 2616 619 2657 sed
647 2617 900 2672 supplentur
931 2636 954 2660 e
983 2619 1081 2664 Mss.
1112 2621 1164 2663 R.

167 2687 211 2741 ⁵)
242 2687 397 2728 Jerem.
426 2685 569 2735 XXX,
599 2686 793 2730 12-17,

168 2754 213 2809 6)
247 2755 355 2796 Cod.
387 2755 659 2804 Sangcrman.
693 2767 824 2797 recte:
870 2757 1195 2807 „contritionem
1237 2761 1359 2817 plaga
1400 2774 1472 2804 tua

16 2843 17 2846 ,
57 2826 151 2851 cum
184 2813 373 2852 dolore.“
431 2810 546 2850 Libri
578 2810 678 2852 editi
717 2812 775 2866 (v.
807 2830 841 2855 c.
874 2814 969 2856 edd.
1001 2814 1103 2870 M.):
1144 2820 1470 2867 „contritionem

18 2866 197 2920 &plagae
226 2879 323 2909 tuae
358 2883 453 2908 cum
487 2866 682 2908 dolore.“
712 2869 762 2908 R.

1038 2947 1149 2989 21*
