1752 3136
563 117 611 146 m
641 104 842 146 Exonnm
873 101 1074 144 HOMILIA
1107 105 1136 144 I.
1513 106 1568 148 11

146 224 202 264 let
230 236 358 276 super
386 235 476 260 nos.
537 216 623 258 Sed
655 227 695 257 et
724 216 831 257 illud
863 217 980 272 quod
1010 215 1152 267 timet,
1182 230 1236 256 ne
1270 217 1444 271 quando
1476 233 1570 258 eve-

143 298 233 340 niat
260 297 308 339 iis
338 296 511 344 bellum,
542 305 582 334 et
612 292 878 334 consentiant
908 291 1153 334 adversariis
1184 290 1296 349 ejus,
1329 305 1369 334 et
1401 294 1571 336 devictis

143 375 191 417 iis
225 375 440 416 discedant
471 372 524 412 de
552 381 663 411 terra
692 386 780 419 sua,
812 369 979 411 videtur
1008 369 1113 411 mihi
1146 386 1192 410 ex
1223 369 1300 419 his,
1336 388 1444 426 quae
1464 361 1570 413 'san-

146 453 220 495 ctis
248 447 495 507 patriarchis
524 448 591 488 vel
620 446 842 504 prophetis
874 447 926 487 de
958 448 1141 489 adventu
1169 446 1325 489 Christi
1353 465 1443 489 non
1458 466 1571 489 nun-

146 544 272 584 quam
299 525 483 569 indicata
511 527 705 578 fuerant,
735 524 1033 580 praesensisse,
1084 535 1124 565 et
1151 524 1253 566 inde
1284 525 1411 574 scire,
1453 527 1573 581 quod

144 604 223 646 sibi
252 603 470 644 immineat
500 603 673 643 bellum.
722 601 860 644 Sentit
874 614 1114 651 venturum,
1147 602 1219 657 qui
1241 615 1362 643 exuat
1383 604 1423 658 ¹)
1454 603 1574 659 prin-

144 680 305 736 cipatus
337 678 423 738 ejus
456 691 493 721 et
521 691 770 736 potestates,
809 691 848 720 et
887 697 984 720 cum
1027 679 1183 721 fiducia
1221 681 1456 736 triumphet
1488 697 1577 730 eos,

145 769 185 799 et
225 758 367 809 affigat
402 757 446 799 in
486 758 601 810 ligno
645 757 778 798 crucis
817 774 931 799 suae.
1006 756 1139 810 Igitur
1183 770 1415 799 convocata
1456 757 1575 800 omni

146 843 266 888 gente
295 851 368 876 sua
401 834 718 884 circumvenire,
750 846 789 875 et
821 834 1169 876 circumscribere
1209 836 1328 890 cupit
1356 834 1399 875 in
1433 835 1573 876 homi-

143 912 270 953 nibus
310 911 615 954 rationabilem
656 929 845 961 sensum,
884 911 957 967 qui
994 929 1111 953 nunc
1149 912 1381 965 figuraliter
1423 911 1577 953 dicitur

147 989 297 1030 lsrael:
330 1001 369 1031 et
397 990 496 1030 ideo
524 988 729 1044 praefecit
756 988 805 1030 iis
827 989 1047 1041 magistros
1072 1006 1266 1045 operum,
1298 989 1370 1044 qui
1397 1006 1468 1029 eos
1500 1005 1574 1029 co-

148 1078 246 1117 gant
275 1065 434 1107 discere
466 1082 594 1121 opera
628 1066 777 1116 carnis,
807 1066 915 1107 sicut
946 1077 986 1105 et
1015 1066 1058 1107 in
1082 1065 1260 1107 Psalmis
1293 1065 1417 1106 dicit:
1448 1064 1575 1120 ,‚et2)

147 1141 316 1184 admixti
347 1155 444 1184 sunt
472 1142 676 1195 gentibus,
708 1154 748 1183 et
780 1142 1020 1184 didicerunt
1059 1159 1189 1199 opera
1230 1148 1420 1184 eorum.“
1478 1144 1576 1184 Do-

149 1232 215 1261 cet
247 1237 318 1261 eos
348 1232 388 1261 et
418 1219 600 1262 civitates
630 1220 854 1260 aedificare
884 1219 1124 1271 Pharaoni,
1165 1220 1424 1275 Phitom,3)
1466 1237 1575 1276 quae

146 1298 191 1338 in
221 1309 366 1338 nostra
396 1297 538 1350 lingua
570 1297 773 1348 significat
803 1315 850 1339 os
882 1296 1143 1347 defectionis,
1174 1298 1239 1339 vel
1271 1315 1316 1340 os
1350 1299 1507 1357 abyssi;
1537 1311 1578 1340 et

147 1375 376 1425 Ramesses,
397 1392 504 1431 quae
524 1376 825 1431 interpretatur
847 1374 1080 1416 commotio
1099 1374 1257 1428 tineae3
1288 1388 1328 1417 et
1345 1376 1390 1430 4)
1413 1377 1576 1428 Ethon,

148 1452 192 1493 id
224 1463 283 1493 est
312 1451 567 1508 Heliopolis,
599 1470 706 1508 quae
738 1451 890 1493 dicitur
922 1451 1061 1494 civitas
1098 1453 1208 1494 solis.
1278 1453 1428 1504 Vides,
1472 1471 1577 1511 qua-

149 1530 208 1569 les
237 1528 316 1570 sibi
350 1529 533 1570 civitates
558 1529 771 1570 aedificari
804 1528 1010 1585 praecipit
1038 1528 1228 1571 Pharao!
1263 1530 1396 1587 Os,⁵)
1426 1532 1579 1588 inquit,

152 1604 373 1657 deficiens3
415 1605 553 1647 deficit
593 1622 779 1660 namque
818 1622 886 1655 os,
931 1622 1028 1647 cum
1067 1607 1340 1648 mendacium
1372 1609 1579 1664 loquitur,

152 1693 192 1723 et
221 1699 242 1723 a
275 1681 447 1723 veritate
475 1683 804 1738 probationibus
836 1683 989 1724 deficit.
1048 1684 1125 1725 Ille
1157 1683 1270 1725 enim
1301 1686 1353 1725 ab
1372 1685 1417 1740 ⁶)
1454 1685 1577 1727 initio

150 1760 332 1799 mendax
374 1758 478 1808 fuit,
515 1771 553 1800 et
591 1759 689 1800 ideo
732 1760 838 1800 talcs
883 1759 962 1801 sibi
1000 1760 1180 1803 civitates
1221 1761 1436 1803 aedificari
1477 1763 1578 1804 vult.

152 1837 231 1880 Vel
263 1834 387 1876 etiam
419 1852 464 1878 os
495 1836 641 1893 abyssi,
675 1837 772 1892 quia
804 1837 975 1895 abyssus
1006 1838 1285 1894 perditionis,
1318 1851 1356 1880 et
1385 1839 1578 1881 interitus

154 1923 212 1953 est
241 1913 370 1954 locus.
409 1913 465 1954 Et
485 1912 564 1953 alia
596 1912 684 1969 ejus
715 1913 857 1955 civitas
881 1916 1115 1956 commotio
1141 1914 1277 1957 tineae
1301 1928 1372 1959 est.
1415 1917 1579 1959 Omnes

154 1989 278 2039 enim,
312 1990 384 2046 qui
413 2007 510 2031 eum
541 2003 800 2046 sequuntur,
839 1993 900 2034 ibi
930 2005 1188 2046 congregant
1218 1995 1437 2035 thesauros
1468 2012 1580 2045 suos,

153 2066 227 2107 ubi
258 2066 369 2108 tinea
401 2067 666 2124 exterminat,
713 2080 753 2109 et
788 2069 863 2110 ubi
906 2072 1019 2112 fures
1051 2071 1266 2112 effodiunt
1300 2083 1342 2111 ct
1369 2072 1580 2114 furantur.

156 2143 241 2184 Sed
282 2155 321 2185 et
361 2146 569 2187 civitatem
614 2145 712 2186 solis
752 2146 979 2189 aedificant
1016 2148 1123 2190 falso
1163 2148 1361 2198 nomine,
1399 2165 1480 2204 pro
1514 2165 1580 2199 eo,

157 2223 274 2276 quod
304 2223 508 2263 convertit
538 2240 580 2264 se
611 2224 717 2264 sicut
747 2225 916 2277 angelus
946 2224 1064 2267 lucis.
1134 2225 1185 2267 In
1225 2226 1288 2269 his
1320 2241 1422 2280 ergo
1454 2244 1580 2283 prae-

274 2397 317 2452 ¹)
348 2397 436 2439 Cfr.
471 2398 634 2441 Coloss.
664 2398 717 2448 Il,
750 2399 816 2442 14.
848 2399 913 2441 15.

271 2467 317 2524 2)
348 2468 501 2510 Psalm.
538 2468 646 2518 CVI,
676 2470 744 2513 35.

271 2539 317 2593 3)
347 2539 459 2580 Edd.
489 2538 682 2579 Merlini:
712 2539 887 2582 Fithon.
921 2539 1008 2581 Cfr.
1040 2538 1174 2580 Exod.
1206 2537 1238 2590 I,
1269 2540 1334 2582 11.

272 2609 318 2663 4)
349 2609 480 2650 Deest
510 2615 603 2660 ,‚et“
633 2609 678 2649 in
710 2612 773 2651 ed.
805 2609 952 2651 Ruaei.

274 2678 318 2733 5)
351 2679 461 2719 Edd.
492 2679 687 2720 Merlini:
723 2679 797 2729 Os,
828 2680 975 2735 inquit,
1008 2679 1208 2721 deficiens
1239 2678 1392 2720 deficit.
1452 2680 1581 2721 Nam-

159 2751 241 2790 que
271 2752 341 2783 os,
371 2751 467 2776 cum
495 2735 766 2777 mendacium
796 2738 1005 2792 loquitur,
1035 2753 1059 2778 a
1089 2736 1261 2778 veritate
1291 2747 1330 2778 et
1358 2737 1581 2793 probatio-

158 2791 281 2833 nibus
313 2793 463 2833 deficit.

275 2860 320 2914 6)
353 2860 438 2904 Csr.
472 2877 529 2903 εν.
561 2862 716 2903 Joann.
752 2862 862 2910 VIII,
894 2863 959 2904 44.
