1752 3136
139 144 225 190 206
743 141 965 186 Omossms

139 254 273 299 menti
301 253 502 312 alicujus,
538 255 603 298 vel
642 255 785 298 delicti
813 256 922 299 testis
951 255 1054 307 suit,
1094 266 1134 296 et
1172 271 1260 297 non
1290 254 1563 315 indicavit‚¹)

140 345 180 377 ct
219 351 297 391 per
333 335 416 375 hoc
458 331 706 377 immundus
745 334 1072 391 quodammodo
1122 334 1296 375 effectus
1340 346 1399 377 est
1437 334 1564 378 etiam

137 412 227 468 ipse
255 410 452 452 societate
481 412 655 467 peccati.
714 412 912 454 Secunda
948 412 1034 461 lex,
1077 427 1158 466 qua
1199 410 1447 464 contingere
1481 410 1563 453 im-

136 489 349 531 mundum
380 487 554 544 aliquid,
584 505 632 530 ac
662 488 934 530 morticinum
969 499 1142 531 vetatur.

248 566 288 608 4.
334 563 478 606 Tertia
515 581 633 606 nunc
672 565 736 606 lex
786 566 1082 620 promulgatur
1126 564 1395 623 hujusmodi:
1434 565 1564 621 „et²)

140 642 294 693 anima,
323 639 473 698 inquit,
504 658 613 697 quae
642 640 858 697 juraverit,
900 643 1181 698 pronuntians
1213 642 1329 684 labiis
1359 645 1442 685 suis
1472 661 1564 684 ma-

137 722 341 768 lefacere,
390 730 462 760 aut
499 719 752 759 benefacere
788 719 1024 759 secundum
1070 719 1239 769 omnia,
1283 737 1565 776 quaecunque

139 799 290 841 dixerit
319 794 485 838 homini
517 811 614 835 cum
653 791 918 850 juramento,
963 806 1003 835 et
1040 795 1208 836 latuerit
1248 813 1364 846 eum,
1418 809 1456 838 et
1498 797 1564 839 hic

139 873 408 928 cognoverit,
448 881 489 912 et
517 870 754 928 peccaverit
781 886 918 911 unum
948 869 1108 926 aliquid
1141 871 1194 912 de
1225 871 1333 921 istis,
1370 889 1567 927 pronun-

136 954 209 995 tiet
237 961 461 1008 peccatum
493 947 611 1004 quod
642 950 850 1003 peccavit,
889 958 930 988 et
965 947 1177 1002 offeret³)
1215 965 1296 1004 pro
1329 949 1415 998 his,
1459 965 1568 1004 quae

139 1028 338 1086 deliquit,
373 1025 568 1067 Domino
598 1041 679 1081 pro
720 1036 921 1080 peccato,
963 1027 1081 1081 quod
1120 1025 1332 1081 peccavit,
1366 1025 1567 1067 seminam

139 1109 193 1150 de
222 1106 411 1153 ovibus,“
441 1113 482 1144 et
511 1113 662 1143 cetera.
720 1100 977 1156 'Quomodo
1010 1102 1203 1158 quidem,
1240 1102 1274 1144 si
1311 1101 1568 1159 pronuntia-

138 1200 240 1226 ναι-ο
272 1180 393 1224 labiis
423 1179 550 1227 meh,
580 1178 645 1219 vel
674 1175 868 1234 juravero
897 1179 1172 1230 benefacere,
1212 1191 1251 1221 et
1282 1197 1370 1220 non
1400 1180 1569 1230 faciam,

137 1258 304 1319 peccati
333 1274 428 1300 reus
457 1256 550 1306 sim,
579 1255 804 1301 difficultas
842 1272 935 1297 non
968 1267 1028 1297 est
1059 1258 1302 1298 ostendere:
1344 1258 1566 1313 quomodo

140 1350 280 1381 autem
311 1335 346 1378 si
374 1333 526 1392 jurem,
555 1333 619 1375 vel
644 1331 920 1388 pronuntiem
939 1334 1204 1384 malefacere,
1236 1346 1276 1375 et
1290 1351 1379 1375 non
1409 1335 1568 1385 fecero,

138 1410 486 1472 peccaverim,⁴)
525 1410 658 1451 verbo
700 1409 920 1460 adsignare
960 1410 1133 1451 difficile
1180 1422 1250 1451 est.
1319 1411 1567 1452 Absurdum

141 1492 256 1534 enim
285 1489 474 1539 videtur,
511 1487 630 1529 verbi
660 1487 812 1540 gratia,
841 1497 913 1536 ut,
955 1485 989 1528 si
1017 1503 1096 1542 per
1123 1486 1389 1528 iracundiam
1422 1488 1567 1529 dixero

138 1586 209 1611 me
238 1566 461 1610 hominem
493 1563 754 1614 occisurum,
794 1573 833 1605 et
870 1579 961 1604 non
998 1565 1162 1614 fecero,
1208 1580 1263 1604 ne
1302 1561 1568 1620 pejerare,⁵)

140 1659 212 1690 aut
238 1646 387 1687 fallere
413 1643 571 1693 videar,
601 1657 729 1694 cogar
757 1642 811 1682 ad
841 1641 1097 1696 explendum
1118 1657 1238 1697 opus,
1269 1641 1387 1697 quod
1412 1653 1569 1682 temere

140 1737 180 1767 et
208 1723 351 1766 illicite
378 1718 572 1778 promisi.
629 1718 897 1773 Quaeramus
927 1732 1041 1768 ergO,
1071 1733 1180 1772 quae
1207 1716 1258 1758 sit
1289 1734 1368 1768 res,
1396 1718 1442 1759 in
1474 1735 1571 1774 qua,

138 1801 174 1844 si
201 1797 487 1858 promittimus
516 1812 596 1837 nos
625 1796 899 1844 malefacere,
941 1804 981 1834 et
1009 1810 1097 1834 non
1127 1794 1376 1847 fecerimus,
1416 1811 1569 1851 pecca-

138 1894 255 1930 mus;
282 1876 316 1918 si
346 1890 445 1916 vero
472 1870 719 1922 fecerimus,
750 1887 997 1913 excusemur
1026 1887 1048 1912 a
1078 1882 1276 1928 peccato,
1305 1882 1351 1913 ut
1380 1871 1569 1914 rationa-

139 1954 282 1998 biliter
319 1963 429 1994 stare
465 1948 682 2007 praecepti
717 1948 867 1990 veritas
904 1947 1049 2004 possit.
1137 1947 1357 2002 Quantum
1397 1949 1442 1990 in
1484 1949 1569 1990 hoc

139 2033 239 2074 loco
272 2028 595 2081 intelligendum
626 2026 803 2076 videtur,
832 2026 1084 2066 malefacere
1100 2024 1310 2067 adversari
1339 2025 1466 2068 alicui
1496 2037 1568 2079 est,

141 2118 184 2150 et
211 2123 300 2149 non
331 2104 552 2158 indulgere
583 2103 643 2154 ei,
679 2113 726 2144 ut
761 2103 886 2145 faciat
926 2102 1045 2158 quod
1085 2103 1186 2144 vult.
1253 2100 1309 2143 Et
1346 2118 1425 2144 nos
1467 2118 1566 2155 ergo

142 2200 241 2227 cum
270 2181 461 2225 venimus
491 2182 546 2223 ad
584 2180 752 2230 Deum,
791 2190 830 2221 et
871 2195 1071 2222 vovemus
1109 2178 1146 2219 ei
1185 2196 1264 2220 nos
1303 2179 1347 2220 in
1384 2181 1569 2222 castitate

140 2260 306 2310 servire,
335 2258 665 2316 pronuntiamus
695 2256 815 2300 labiis
844 2255 1017 2307 nostris,
1050 2266 1090 2298 et
1117 2253 1308 2313 juramus
1338 2274 1416 2300 nos
1448 2256 1569 2300 casti-

262 2433 305 2488 ¹)
338 2433 477 2475 Codd.
509 2432 726 2485 Sangerm.
757 2443 798 2473 et
829 2429 1156 2472 Gemeticensis:
1183 2429 1446 2480 „indicavit.“
1494 2429 1564 2471 Li-

140 2490 359 2589 Βῑέἃέιὶίῒίξξε
391 2488 658 2539 „indicabit.“
687 2489 740 2532 R.
767 2513 823 2521 —
850 2488 963 2530 Edd.
991 2487 1166 2530 Merlini
1194 2502 1441 2543 perperam:
1474 2485 1566 2544 „ju-

256 2615 305 2670 2)
337 2614 425 2656 Cfr.
454 2615 584 2658 Levit.
614 2617 666 2668 V,
695 2616 736 2658 4.
765 2615 804 2657 5.
833 2614 872 2657 6.

256 2683 303 2740 ³)
334 2684 446 2726 Edd.
476 2684 671 2726 Merlini:
702 2686 861 2726 afferet.

256 2754 304 2810 ⁴)
331 2754 443 2795 Edd.
474 2753 668 2795 Merlini:
696 2752 959 2810 peccaverim
989 2753 1135 2803 verb‘o,
1165 2750 1384 2803 adsignare
1416 2761 1490 2792 etc.

259 2824 304 2877 ⁵)
337 2824 445 2866 Cod.
489 2824 786 2877 Sangerman.:
825 2822 1084 2882 ,‚pejerare.“
1139 2820 1257 2864 Libri
1295 2821 1397 2865 editi
1427 2822 1488 2877 (v,
1527 2835 1563 2862 c.

141 2882 237 2925 edd.
268 2880 378 2939 Μ.);
407 2879 692 2940 ‚‚perjurare.“
720 2880 773 2922 R.
