1752 3136
254 119 338 162 :322
859 111 1079 154 OmGEms

263 247 463 279 monere,
501 244 580 270 nec
619 238 678 269 est
707 226 936 283 tempus¹)
975 227 1027 268 ad
1059 226 1271 283 liquidum
1302 227 1461 280 singula
1495 243 1688 284 quaeque

264 309 486 356 discutere,
516 305 738 347 referenda
766 304 870 345 mihi
903 304 1100 345 videntur
1131 306 1183 346 ad
1215 321 1564 361 unamquamque
1593 323 1687 361 spe-

267 386 372 426 ciem
404 394 693 440 peccatorum,
723 394 762 423 et
790 382 833 423 in
866 380 928 422 his
959 382 1128 423 animae
1158 383 1364 432 maculae,
1396 399 1502 437 quae
1525 400 1570 423 ex
1589 399 1687 438 pec-

267 463 369 503 catis
399 461 436 502 ei
467 459 677 510 accidunt,
707 459 950 501 intuendae.
1020 458 1265 502 Dicendum
1298 459 1422 512 igitur
1455 461 1598 515 primo
1633 472 1692 501 est

268 536 476 590 designari
504 553 582 593 per
612 537 716 578 haec
744 549 941 592 peccata,
975 552 1082 592 quae
1114 536 1154 576 in
1189 537 1267 576 bac
1299 538 1378 578 vita
1414 536 1541 592 positi
1574 553 1692 577 com-

268 616 497 658 mittimus:
536 631 584 655 ex
622 613 775 670 quibus
818 614 956 668 aliqua
1000 614 1138 655 curari
1168 630 1283 654 nunc
1313 626 1509 670 possunt,
1552 614 1694 670 aliqua

261 707 368 734 ⁴vcro
399 708 489 732 non
520 701 712 746 possunt.
788 690 990 730 Secundo
1022 705 1122 730 vero
1155 703 1194 731 et
1225 692 1276 732 de
1307 691 1387 733 illis
1417 691 1541 747 ipsis,
1587 706 1696 746 quae

272 781 369 826 post
398 768 508 808 hanc
537 767 667 806 vitam
698 765 923 806 nobiscum
955 776 1187 815 transeunt,
1215 766 1694 819 significariintelligen-

272 849 374 887 dum
406 856 479 892 est,
509 855 549 883 et
581 858 665 884 esse
696 842 739 882 in
770 842 868 898 ipsis
900 843 1109 896 quaedam
1142 842 1199 883 ita
1230 843 1450 885 animabus
1479 845 1618 894 infixa,
1650 855 1696 884 ut

270 932 486 978 nequeant
516 918 700 961 aboleri:
744 919 824 960 alia
857 935 954 959 vero
988 935 1098 968 esse,
1131 935 1238 975 quae
1268 921 1565 975 purgationem
1595 937 1697 975 pos-

270 999 351 1041 sint
382 998 570 1053 recipere
599 997 837 1038 secundum
869 996 1181 1052 inspectionem
1213 1008 1252 1037 et
1283 995 1490 1054 judicium
1520 996 1696 1051 pontifi-

274 1076 329 1117 cis
358 1074 494 1123 illius,
525 1090 652 1129 quem
684 1072 851 1114 occulta
883 1074 1015 1114 latere
1053 1090 1142 1115 non
1185 1087 1385 1130 possunt,
1426 1074 1584 1130 quique
1614 1071 1706 1129 dt

272 1153 469 1210 pensabit
499 1150 658 1191 animas
688 1150 954 1201 singulorum
984 1151 1221 1191 secundum
1257 1152 1365 1201 hoc,
1403 1152 1521 1207 quod
1566 1150 1608 1191 in
1648 1150 1698 1191 iis

274 1231 461 1271 maculas
503 1230 667 1284 leprae,
713 1238 784 1268 aut
812 1226 1063 1282 expiabiles,
1109 1239 1182 1268 aut
1221 1227 1497 1283 inexpiabiles
1536 1225 1699 1268 viderit.

278 1306 411 1364 Cujus
442 1306 502 1346 rei
529 1303 787 1345 differentias
827 1305 881 1345 de
923 1304 1134 1360 praesenti
1174 1305 1357 1346 lectione
1399 1306 1618 1357 colligere,
1658 1316 1698 1344 et

274 1402 354 1442 per
381 1382 567 1436 singula,
610 1382 845 1423 secundum
888 1382 1121 1437 scripturae
1152 1380 1275 1438 hujus
1310 1380 1538 1430 indicium,
1591 1397 1700 1436 quae

273 1472 452 1519 possuut
478 1476 558 1500 nos
589 1457 836 1513 movere,²)
866 1456 1023 1509 rimari,
1054 1469 1420 1514 extemporaneus,
1451 1471 1496 1499 ut
1526 1457 1608 1514 jam
1627 1476 1698 1500 su-

275 1539 416 1596 perius
447 1537 544 1586 dixi,
572 1537 648 1578 iste
677 1552 818 1577 sermo
849 1551 940 1576 non
970 1536 1142 1591 patitur.
1201 1535 1280 1576 Vix
1306 1535 1419 1576 enim
1451 1535 1553 1576 haec
1585 1537 1696 1577 mul-

276 1618 328 1658 tis
358 1626 533 1672 possent
562 1611 851 1654 voluminibus
882 1613 1038 1666 digesta
1079 1611 1282 1667 componi
1321 1614 1373 1653 ab
1413 1612 1498 1663 his,
1547 1613 1703 1669 quibus

275 1693 493 1734 Dominus
524 1693 578 1732 de
606 1690 791 1733 lectione
819 1690 967 1732 veteris
996 1688 1234 1731 testamenti
1270 1689 1463 1731 velamen
1494 1689 1701 1733 abstraxit.

278 1773 368 1812 Nos
400 1785 498 1821 ergo
529 1784 610 1823 pro
641 1753 799 1809 viribus
836 1768 1014 1816 nostris,
1052 1777 1260 1822 quantum
1301 1767 1488 1821 proferri
1528 1768 1571 1808 in
1610 1783 1702 1808 me·

280 1849 398 1889 dium
431 1846 640 1893 convenit,
670 1860 971 1900 exsequamur,
1012 1843 1225 1898 Apostolo
1266 1843 1394 1885 nobis
1425 1843 1561 1885 Paulo
1593 1861 1701 1901 pan-

280 1927 406 1966 dente
434 1920 730 1975 intelligentiae
759 1921 895 1962 viam:
934 1938 1017 1978 qua
1050 1919 1211 1974 dicit3)
1241 1920 1375 1973 legem
1405 1923 1602 1962 umbram
1634 1923 1702 1963 fu-

280 2013 475 2043 turon-um
506 1999 665 2040 habere
695 2000 939 2049 bonorum,
989 2014 1080 2039 non
1110 1996 1245 2053 ipsam
1275 1996 1503 2050 imaginem
1533 2015 1700 2040 rerum:

282 2090 321 2119 et
348 2077 585 2118 secundum
614 2076 682 2125 id,
720 2075 838 2130 quod
869 2092 938 2124 ea,
985 2091 1093 2130 quae
1123 2076 1176 2116 de
1206 2075 1347 2115 bobus
1378 2075 1420 2115 in
1436 2074 1480 2130 ⁴)
1520 2076 1610 2127 lege
1640 2076 1700 2117 vi—

283 2157 438 2196 dentur
465 2152 644 2210 scripta,
682 2169 771 2194 non
815 2154 868 2193 de
909 2154 1070 2204 bobus,
1112 2169 1296 2207 quorum
1328 2152 1425 2192 Deo
1471 2169 1570 2193 cura
1610 2170 1700 2194 non

283 2232 346 2281 sit,
373 2232 446 2272 sed
479 2232 531 2271 de
562 2230 778 2285 Apostolis
807 2231 1060 2271 advertenda
1090 2230 1352 2284 pronuntiat.
1400 2229 1450 2269 In
1483 2246 1568 2285 quo
1594 2246 1699 2271 con-

281 2308 471 2365 sequenti
500 2306 646 2362 utIque
676 2306 838 2348 ratione
867 2308 1124 2356 edocemur,
1171 2308 1288 2361 quod
1322 2318 1361 2346 et
1392 2322 1460 2355 ea,
1508 2323 1616 2361 quae
1648 2308 1701 2347 de

284 2388 399 2442 lepra
431 2384 699 2436 scribuntur,
740 2384 953 2439 umbra⁵)
990 2384 1042 2426 sit
1078 2383 1123 2425 in
1165 2383 1254 2425 aliis
1284 2384 1444 2424 habens
1474 2383 1700 2436 imaginem
1751 2419 1752 2423 ,

401 2540 447 2590 ¹)
480 2538 588 2579 Cod.
629 2537 904 2589 Sangerman.
942 2539 1191 2591 „tempus.“
1265 2536 1383 2578 Libri
1428 2536 1526 2578 editi
1568 2537 1625 2593 (e.
1667 2554 1701 2580 c.

270 2596 380 2637 edd.
413 2595 517 2648 M.):
548 2593 815 2649 ‚.temporis.“
846 2593 898 2634 R.

400 2663 446 2715 ²)
477 2664 586 2703 Edd.
618 2662 814 2704 Merlini:
844 2679 1032 2704 monere.
1121 2662 1195 2718 ¹³)
1229 2661 1315 2703 Csr.
1348 2663 1481 2705 Hebr.
1509 2664 1564 2713 X,
1595 2665 1632 2705 1.

401 2732 446 2783 ¹²)
477 2731 592 2772 Libri
625 2733 723 2773 editi
754 2733 814 2787 (v.
847 2751 879 2774 c.
911 2733 1004 2773 edd.
1036 2732 1143 2785 M.):
1173 2732 1415 2784 „intelligi.“
1448 2732 1556 2773 Cod.
1589 2733 1698 2773 San-

284 2805 466 2842 german.
501 2799 540 2828 et
571 2788 641 2829 alii
674 2789 813 2830 Codd.
843 2789 912 2840 „in
944 2790 1075 2842 lege.“
1106 2790 1156 2829 R.

399 2858 444 2913 ⁵)
477 2857 587 2900 Cod.
618 2858 835 2909 Sangerm.
866 2859 1020 2915 aliique
1053 2858 1192 2901 Codd.
1231 2860 1411 2910 „umbra
1447 2857 1497 2901 sit
1536 2856 1701 2899 inaliis
