1752 3136
484 117 531 146 n:
561 105 811 147 LEvrr1cUM
842 104 1042 146 Homma
1076 103 1149 145 IX.
1422 105 1502 148 341

0 224 3 257 ἑ
92 217 237 257 eadem
269 216 358 258 sine
389 217 520 258 dubio
560 216 794 270 patiemur,
835 231 944 269 quae
980 215 1132 256 Nadab
1171 231 1316 271 passus
1357 228 1416 257 est
1462 229 1502 258 et

90 294 215 334 Abiu.
238 293 278 345 ¹)
335 293 554 347 Praecepit
585 308 682 344 ergo
712 292 962 333 mandatum
995 292 1207 342 divinum,
1245 303 1292 332 ut
1320 291 1499 334 instrua-

91 381 158 409 tur
188 373 355 418 Aaron,
401 385 457 409 ne
504 368 621 409 omni
658 368 765 409 hora
805 368 989 421 intret2)
1027 368 1071 408 in
1101 381 1243 411 sancta
1275 371 1329 411 ad
1359 371 1499 419 altare,

90 448 163 487 sed
193 463 289 487 cum
317 445 463 486 fecerit
490 444 609 500 prius
640 461 700 495 ea,
730 461 838 500 quae
866 445 958 486 fieri
987 446 1265 497 mandantur,
1304 463 1359 488 ne
1387 448 1498 488 forte

90 523 308 563 moriatur.

199 599 238 640 2.
270 598 355 639 Sed
385 599 525 654 primo
558 599 749 640 omnium
783 600 1074 648 ostendamus,
1120 601 1344 655 quomodo
1377 600 1496 652 haec,

92 691 199 730 quae
230 676 282 715 de
308 675 520 717 sacrificiis
561 675 908 726 conscribuntur,
952 678 1105 728 figuras
1143 692 1228 718 esse
1267 677 1499 732 Apostolus

91 750 212 801 dicit,
253 763 292 792 et
320 754 500 803 formas,
550 770 731 808 quarum
760 753 907 794 veritas
935 753 982 793 in
1012 753 1099 794 aliis
1130 755 1398 805 ostendatur,
1441 769 1496 793 ne

88 830 199 869 sorte
231 828 442 870 auditores
471 846 740 885 praesumere
769 847 848 871 nos
880 830 1148 879 arbitrentur,
1180 841 1219 870 et
1248 830 1383 883 legem
1412 829 1497 870 Dei

87 904 130 945 in
162 905 289 947 alium
319 921 510 956 sensum,
555 923 682 962 quam
719 907 872 962 scripta
912 918 992 955 est,
1031 906 1238 947 violenter
1271 907 1499 956 inflectere,

89 982 249 1038 quippe
277 983 309 1024 si
337 983 456 1031 nulla
484 983 529 1023 in
559 983 633 1033 his,
665 1000 774 1039 quae
792 983 1023 1032 asserimus,
1051 983 1302 1039 Apostolica
1324 1000 1498 1038 praece-

91 1061 162 1100 dat
192 1060 432 1101 auctoritas.
501 1059 658 1100 Paulus
697 1076 795 1112 ergo
834 1061 886 1100 ad
917 1061 1138 1101 Hebraeos
1177 1059 1385 1109 scribens,
1426 1076 1497 1101 eos

90 1135 259 1185 scilicet,
289 1136 362 1190 qui
390 1137 522 1188 legem
555 1136 724 1192 quidem
756 1138 963 1190 legerent,
995 1147 1034 1176 et
1063 1136 1166 1177 haec
1195 1137 1393 1178 meditata
1422 1137 1497 1177 ha-

88 1215 250 1262 herent,
282 1224 321 1253 et
349 1213 461 1253 bene
487 1223 611 1265 nota,
653 1214 727 1254 sed
762 1213 1001 1264 indigerent
1035 1212 1276 1264 intellectu,
1323 1215 1501 1269 qualiter

91 1288 234 1330 sentiri
265 1291 316 1331 de
333 1288 545 1331 sacrificiis
573 1291 736 1340 debeat,
767 1292 851 1332 hoc
868 1291 1001 1335 modo
1025 1290 1147 1331 dicit:
1177 1307 1291 1340 „non
1308 1291 1358 1346 ³)
1386 1291 1498 1333 enim

90 1366 134 1406 in
164 1378 306 1407 sancta
335 1382 466 1407 manu
495 1368 604 1408 facta
632 1366 819 1408 introivit
841 1367 976 1417 Jesus,
1007 1365 1260 1422 exemplaria
1287 1383 1500 1418 verorum,

90 1444 162 1485 sed
193 1443 239 1483 in
267 1443 406 1498 ipsum
442 1443 633 1493 coelum,
673 1454 721 1482 ut
749 1431 962 1498 *appareat
999 1459 1115 1483 nunc
1144 1442 1277 1484 vultui
1305 1444 1389 1485 Dei
1416 1462 1496 1500 pro

90 1519 253 1562 nobis.“
300 1519 355 1559 Et
382 1518 534 1559 iterum
566 1518 669 1559 dicit
698 1520 751 1559 de
772 1519 937 1561 hostiis:
969 1520 1077 1570 „hoc
1092 1520 1138 1575 4)
1169 1520 1281 1561 enim
1309 1521 1409 1562 fecit
1436 1538 1500 1563 se-

90 1597 189 1644 mel,
219 1596 322 1648 se5)
351 1597 490 1650 ipsum
522 1595 702 1637 hostiam
744 1597 1008 1637 offerendo.“
1075 1597 1161 1638 Sed
1202 1597 1305 1652 quid
1347 1600 1400 1640 de
1437 1600 1501 1641 bis

90 1672 387 1726 singulatimfi)
429 1672 671 1727 quaerimus
715 1671 986 1713 testimonia?
1048 1673 1236 1715 Omnem
1281 1674 1500 1730 epistolam

90 1750 227 1805 ipsam
258 1749 312 1789 ad
340 1748 562 1790 Hebraeos
593 1749 791 1804 scriptam
822 1748 856 1788 si
886 1748 978 1803 quis
1008 1762 1241 1800 recenseat,
1271 1763 1311 1792 et
1340 1752 1501 1807 praeci-

58 1866 61 1874 ,
91 1842 177 1882 pue
207 1842 304 1867 eum
334 1827 495 1874 locum,
527 1824 603 1866 ubi
633 1825 881 1880 pontificem
908 1825 1005 1878 legis
1027 1828 1193 1867 confert
1210 1828 1406 1882 pontifici
1434 1845 1500 1869 re-

92 1902 399 1960 promissionis,
430 1902 483 1942 de
512 1918 599 1956 quo
629 1901 832 1956 scriptum
865 1913 945 1943 est:
985 1903 1118 1953 ,‚tu⁷)
1163 1920 1204 1944 es
1233 1906 1429 1947 sacerdos
1459 1908 1503 1946 iu

95 1991 313 2021 aeternum
360 1979 595 2019 secundum
648 1977 843 2019 ordinem
890 1979 1265 2022 hlelchisedwhff‘
1310 1982 1506 2031 inveniet,

99 2057 319 2112 quomodo
353 2053 553 2109 omnisss)
583 2053 652 2095 hic
682 2055 802 2096 locus
820 2056 1029 2111 Apostoli,
1061 2057 1315 2114 exemplaria
1346 2069 1385 2099 et
1414 2060 1505 2100 for-

218 2244 261 2298 ¹)
294 2244 379 2285 Cfr.
408 2247 512 2300 pag,
532 2242 628 2287 339.
656 2227 743 2284 not.
775 2244 810 2285 1.

215 2315 262 2367 2)
291 2314 392 2409 Bgss.
422 2313 614 2365 „intret.“
683 2311 802 2354 [ibri
841 2312 940 2354 editi
978 2314 1037 2370 (v.
1069 2331 1104 2364 c,
1136 2317 1232 2358 edd.
1263 2315 1374 2370 M.):
1416 2316 1506 2367 „in—

101 2375 269 2413 traret.“
346 2402 354 2411 .

217 2440 263 2496 ³)
294 2439 427 2480 Hebr.
457 2437 534 2487 IX,
563 2439 631 2481 24.
746 2437 793 2494 4)
824 2441 955 2481 Hebr.
986 2439 1079 2490 VH,
1108 2443 1174 2484 27.

219 2510 264 2564 ⁵)
295 2509 394 2550 Mss.
424 2524 492 2558 „se
521 2509 660 2564 ipsum
691 2508 869 2550 hostiam
902 2511 1168 2553 offerendo.“
1210 2512 1258 2552 In
1275 2511 1392 2555 libris
1424 2512 1511 2554 edi-

104 2567 154 2609 tis
184 2567 244 2622 (v.
277 2582 309 2608 c.
342 2566 437 2606 edd.
472 2565 556 2620 M.)
589 2567 703 2607 deest
733 2565 980 2615 „hostiam.“
1011 2567 1063 2608 R.

221 2635 268 2691 ⁶)
298 2635 408 2677 Edd.
438 2633 634 2677 NIerlini:
665 2635 890 2690 sigillatim.

113 2762 192 2805 CX
224 2706 269 2803 ⁷3
303 2705 388 2747 Cfr.
427 2705 559 2747 Hebr.
600 2707 660 2758 V,
697 2706 737 2750 6.
766 2723 880 2763 seqq.
910 2706 1021 2758 Vll,
1043 2707 1108 2751 17.
1138 2710 1204 2752 21.
1238 2710 1334 2752 coll.
1365 2707 1518 2750 Psalm,

227 2833 275 2887 ⁸)
308 2831 418 2876 Edd.
447 2831 648 2875 Merlini:
680 2830 747 2875 hie
777 2833 899 2875 locus
932 2833 1080 2877 omnis.

734 2935 745 2956 N
