1752 3136
456 167 501 197 m
537 154 795 195 Leviricnm
826 152 1029 193 HOMILIA
1060 150 1155 191 XlI.
1427 149 1512 192 393

97 272 255 313 referre
282 285 373 310 non
401 283 646 324 possumus,
687 275 848 307 certum
887 276 946 306 cst
990 264 1108 319 qnod
1148 262 1200 303 ad
1230 259 1511 312 integritatem

98 347 262 388 animae
294 356 494 400 spectent,
524 341 643 399 cujus
673 343 908 384 secundum
938 341 1068 397 ipsius
1098 339 1221 381 Pauli
1248 335 1512 385 sententiam,

98 421 340 477 simplicitas
376 420 488 472 fidei,
521 435 628 476 quae
656 418 701 458 in
722 417 890 460 Christo
922 430 993 467 est,
1023 416 1233 469 virginitas
1256 413 1342 471 ejus
1365 413 1512 469 appel-

96 499 180 539 lata
212 509 283 549 est,
314 509 354 538 et
382 514 460 553 per
488 498 572 537 hoc
602 495 807 551 quoniam
839 495 1107 545 cessantibus,
1136 495 1198 533 vel
1229 492 1514 548 philosopho-

97 591 192 614 rum
221 574 571 630 sophismatibus,
622 574 685 613 vel
729 572 1093 629 superstitionibus
1132 569 1316 610 Judaicis
1355 568 1398 608 in
1430 569 1514 608 side

97 651 276 706 simplici
304 650 493 692 Christus
523 650 604 692 sibi
634 651 835 692 adsumsit
865 649 1096 700 ecclesiam,
1126 646 1327 698 virginem
1362 646 1414 686 de
1445 661 1513 696 ge-

98 744 202 769 nere
231 744 307 769 suo
341 729 500 784 accepit
531 745 718 769 uxorem.
777 727 915 784 Hujus
945 742 1130 781 namque
1148 725 1276 765 fidem
1298 740 1388 763 non
1419 739 1516 762 cor-

99 804 319 860 rumpit¹)
349 805 671 861 philosophicus
703 821 868 853 sensus,
905 821 984 844 nec
1015 800 1345 844 circumcisionis
1377 798 1513 840 ambi-

99 880 180 931 tio,
218 883 291 922 sed
322 881 365 922 in
395 881 660 938 simplicitate
693 881 968 922 consessionis
1007 893 1209 935 tanquam
1253 877 1296 918 in
1328 876 1518 928 virginali

100 957 335 1011 integritate
365 959 606 1015 permansit.
668 959 738 1000 Sic
770 959 880 1000 enim
913 969 952 998 et
983 959 1142 998 dudum
1160 955 1414 1011 promiserat
1442 971 1518 1009 per

100 1036 357 1090 proplietam
413 1037 579 1078 dicens:
636 1036 942 1091 „desponsabo
970 1034 1016 1088 2)
1066 1044 1108 1073 te
1154 1032 1260 1073 mihi
1302 1031 1344 1071 in
1394 1031 1518 1071 fide.“

104 1111 258 1154 Omnis
295 1129 393 1165 ergo
431 1115 666 1154 secundum
707 1113 985 1167 Apostolum,
1032 1110 1103 1165 qui
1146 1108 1190 1149 in
1237 1108 1404 1149 Christo
1447 1119 1519 1156 est,

101 1204 214 1228 nova
245 1201 434 1231 creatura
467 1202 535 1230 est.
592 1191 650 1231 Et
677 1190 782 1231 sicut
811 1190 924 1231 idem
958 1187 1189 1243 Apostolus
1220 1184 1343 1226 dicit:
1383 1183 1516 1238 „ut³)

103 1264 295 1307 exhibeat
323 1268 414 1323 ipse
442 1267 522 1309 sibi
551 1267 780 1320 gloriosam
810 1266 1026 1308 ecclesiam
1050 1280 1140 1304 non
1170 1263 1397 1303 habentem
1430 1278 1518 1301 ma-

103 1344 266 1395 culam,
299 1355 369 1384 aut
398 1361 568 1397 rugam,
601 1357 673 1386 aut
702 1344 861 1399 aliquid
903 1341 1133 1399 ejusmodi,
1161 1342 1236 1382 sed
1265 1351 1312 1380 ut
1340 1339 1391 1380 sit
1424 1355 1520 1380 san-

104 1431 182 1469 cta,
214 1433 252 1461 et
281 1421 592 1463 immaculataf·
659 1421 895 1483 Quomodo
939 1434 1037 1469 ergo
1070 1435 1183 1467 eam,
1224 1433 1331 1472 quae
1369 1433 1520 1469 rugosa

107 1510 178 1547 est,
208 1498 307 1538 facit
336 1515 421 1540 esse
449 1497 538 1540 sine
567 1514 681 1550 ruga,
711 1497 790 1539 nisi
810 1497 905 1552 quia
933 1507 1106 1536 renovat
1136 1493 1256 1535 eam?
1284 1495 1520 1536 secundum

107 1577 226 1631 quod
255 1575 457 1631 scriptum
493 1587 574 1617 est:
604 1592 702 1615 nam
735 1574 835 1624 „etsi
852 1573 896 1630 ⁴)
928 1573 983 1622 is,
1016 1573 1087 1628 qui
1115 1571 1270 1612 deforis
1295 1582 1365 1620 est,
1385 1571 1517 1611 homo

106 1665 261 1695 noster.
283 1652 588 1708 corrumpitur,
625 1654 698 1694 sed
738 1653 808 1707 qui
837 1651 950 1692 intus
990 1662 1069 1700 est,
1109 1660 1337 1690 renovatur
1367 1649 1419 1688 de
1453 1647 1521 1688 dio

54 1769 63 1776 ,
107 1730 150 1771 in
182 1731 335 1772 diem.“
389 1730 573 1771 Viduam
605 1747 726 1780 sane,
758 1741 796 1770 et
826 1728 1112 1775 meretricem,
1154 1739 1192 1767 et
1224 1724 1397 1782 eJectam
1430 1741 1521 1765 non

108 1807 288 1864 accipiet
318 1806 521 1856 Christus,
551 1823 627 1847 nec
657 1808 785 1848 intrat
814 1805 906 1847 talis
940 1804 1077 1846 anima
1099 1805 1331 1844 thalamum
1362 1803 1520 1858 sponsi.

111 1884 200 1939 Qui
239 1885 351 1926 enim
388 1885 593 1936 ingressus
632 1884 758 1924 suerit
796 1882 896 1924 illuc
939 1899 1030 1923 non
1077 1882 1236 1922 habens
1273 1880 1520 1921 indumenta

110 1962 341 2018 nuptialia,
387 1963 571 2016 perferet
609 1961 738 2009 illud,
788 1962 904 2015 quod
948 1960 1151 2015 scriptum
1196 1975 1281 2000 esse
1318 1956 1449 1998 nostis
1478 1956 1523 1997 in

110 2039 353 2090 Evangelio.
411 2039 625 2089 Virginem
658 2053 756 2089 ergo
789 2037 988 2092 accipiet,
1018 2038 1188 2077 viduam
1219 2052 1307 2076 non
1339 2033 1525 2088 accipiet,

111 2133 252 2172 neque
296 2115 583 2163 meretricem,
633 2131 772 2170 neque
826 2114 1022 2170 ejectam,
1066 2125 1136 2154 aut
1183 2111 1526 2155 contaminatam.

114 2194 382 2235 Meretricem
413 2190 607 2247 quidem,
649 2204 687 2232 ct
730 2191 936 2247 abjectam
979 2190 1186 2239 animam,
1233 2201 1272 2229 et
1313 2190 1525 2243 pollutam

117 2289 193 2312 cur
221 2288 311 2312 non
342 2269 540 2324 suscipiat
572 2268 760 2310 Christus
790 2268 833 2309 in
867 2266 1132 2323 conjugium,
1159 2284 1247 2307 non
1282 2278 1339 2307 est
1366 2266 1525 2306 laboris

116 2364 347 2404 exponere:
391 2347 514 2387 vidua
545 2362 644 2386 vcro
683 2362 758 2386 cur
788 2362 875 2386 non
909 2345 951 2385 in
981 2361 1155 2385 uxorem
1186 2342 1431 2399 recipiatur,
1464 2344 1528 2383 di-

114 2424 307 2477 ligentius
337 2423 591 2465 intuendum
631 2435 701 2464 est.
773 2423 930 2464 Paulus
971 2423 1187 2479 apostolus
1226 2423 1278 2462 ad
1309 2420 1527 2462 Romanos

118 2501 319 2549 scribens,
349 2501 485 2541 virum
519 2500 680 2540 animae
710 2500 845 2551 legem
877 2500 997 2547 dicit,
1045 2515 1244 2553 eamque,
1283 2515 1377 2538 cum
1411 2515 1526 2539 mor-

118 2588 212 2617 tuus
243 2575 369 2617 suerit
398 2576 472 2624 vir,
503 2577 683 2617 solutam
717 2588 801 2618 esse
823 2578 1071 2632 pronuntiat
1101 2591 1123 2615 a
1146 2576 1237 2627 lege
1252 2575 1340 2625 viri,
1367 2588 1415 2617 ut
1442 2575 1526 2632 jam

121 2669 211 2693 non
240 2653 291 2694 sit
322 2652 531 2702 adultera,
568 2652 600 2695 si
639 2653 829 2708 nupserit
860 2652 1038 2695 Christo.
1111 2652 1315 2707 Quodusi
1354 2655 1529 2704 eveniat,

242 2825 284 2880 1)
314 2825 425 2866 Edd.
456 2826 648 2869 Mcrlini:
679 2841 933 2884 corrumpet.
1053 2829 1098 2885 2)
1128 2829 1231 2871 Hos.
1263 2830 1314 2880 ll,
1344 2832 1411 2876 20„

238 2895 284 2951 ³)
315 2895 469 2952 Eplics.
502 2899 549 2949 V,
579 2900 647 2942 27.
764 2900 810 2956 4)
839 2900 879 2941 Π
912 2900 1010 2943 Cor.
1042 2900 1114 2950 IV,
1149 2900 1215 2944 16.
