1752 3136
259 111 342 154 110
859 107 1080 151 Omossms

259 241 311 266 eo
341 222 422 265 nisi
449 219 741 275 „innocens¹)
771 219 980 270 manibus,
1012 232 1051 262 et
1080 221 1252 262 mundo
1287 221 1446 270 corde,
1485 223 1557 277 qui
1596 239 1686 266 non

258 300 423 357 accepit
452 298 496 340 in
528 313 681 338 vanum
725 296 909 338 animam
951 303 1125 339 suam:“
1168 316 1264 339 cum
1303 297 1551 349 Regnorum
1583 315 1688 354 pro-

260 378 394 434 dat2)
434 375 634 423 historia,
674 374 883 415 habitasse
923 375 966 416 in
1006 376 1283 417 tabernaculo
1325 374 1410 415 Dei
1449 377 1688 418 sacerdotes

257 453 462 511 pessimos
493 452 603 492 filios
636 450 918 506 pestilentiae,
953 464 991 492 et
1021 452 1155 508 ipsam
1188 469 1362 508 quoquc
1393 469 1534 494 arcam
1565 465 1689 495 testa-

259 530 391 572 menti
430 530 482 571 ab
525 527 768 586 Allophylis
808 541 994 583 captam,
1034 531 1148 584 apud
1189 528 1345 585 impios
1390 543 1429 571 et
1478 533 1688 586 profanos

259 607 384 649 fuisse
415 604 656 647 detentam?
708 605 770 645 Ex
803 606 956 661 quibus
989 606 1186 647 omnibus
1219 617 1404 656 constat,
1442 607 1569 659 longe
1598 607 1686 649 alio

256 703 379 728 sensu
410 682 665 740 prophetam
698 682 853 723 sentire
883 683 937 722 de
967 684 1241 723 tabernaculo
1274 683 1384 731 hoc,
1428 683 1471 723 in
1505 700 1590 739 quo
1624 683 1689 724 di-

258 763 325 812 cit,
368 761 485 816 quod
526 775 617 798 non
657 758 816 799 habitet
854 759 898 799 in
940 775 990 799 eo
1030 759 1109 800 nisi
1146 759 1440 815 „innocens3)
1479 762 1690 809 manibus,

257 853 298 882 ct
326 837 489 879 mundo
523 837 676 884 corde,
721 834 858 890 qui4)
894 851 985 876 non
1024 834 1185 889 accepit
1222 834 1265 875 in
1306 853 1462 878 vanum
1503 838 1689 880 animam

257 920 418 965 suam,“
449 912 588 966 nec⁵)
619 912 743 961 „fecit
773 911 972 968 proximo
1004 928 1081 953 suo
1121 912 1297 963 malum,
1331 924 1370 954 et
1402 913 1690 969 opprobrium
1729 953 1734 963 ,

255 1011 346 1036 non
397 988 559 1045 accepit
602 990 799 1031 adversus
847 988 1092 1045 proximum
1139 995 1303 1029 suum.“
1391 989 1541 1030 Talem
1588 1006 1687 1043 ergo

259 1080 429 1127 oportet
469 1083 555 1109 esse
594 1067 718 1124 hujus
758 1066 1043 1108 habitatorem
1082 1066 1371 1117 tabernaculi,
1413 1069 1532 1123 quod
1572 1067 1690 1108 finxit
1751 1098 1752 1103 ,

254 1145 485 1194 Dominus,
515 1155 555 1184 et
584 1160 674 1185 non
705 1144 852 1185 homo.
925 1144 1012 1185 Sed
1052 1143 1267 1185 veniamus
1307 1145 1431 1186 etiam
1478 1145 1532 1185 ad
1564 1161 1689 1186 evan-

256 1224 375 1279 gelia,
404 1222 438 1264 si
469 1220 572 1277 quid
601 1221 644 1262 in
675 1221 772 1276 ipsis
814 1220 897 1262 dici
938 1223 991 1262 de
1030 1220 1313 1262 tabernaculis
1345 1221 1605 1273 invenimus,
1642 1234 1691 1264 ut

256 1319 334 1360 per
364 1299 615 1342 sententiam
647 1296 829 1339 Domini
858 1297 1148 1339 indubitatum
1167 1296 1297 1353 possit
1315 1313 1400 1339 esse
1417 1301 1535 1354 quod
1560 1315 1690 1355 quae-

257 1379 403 1420 rimus.
455 1374 697 1416 Invenimus
730 1388 829 1424 ergo
862 1373 1002 1429 ipsum
1023 1374 1287 1415 Salvatorem
1306 1375 1452 1416 Jesum
1472 1372 1689 1417 Christum

256 1453 582 1498 tabernaculum
613 1468 704 1492 non
736 1467 884 1501 unum,
918 1451 992 1491 sed
1019 1452 1143 1506 plura
1173 1464 1500 1502 memorantem,
1532 1465 1571 1494 et
1599 1469 1691 1494 non

255 1530 521 1587 temporalia,
553 1528 627 1571 sed
659 1541 852 1578 aeterna,
893 1544 989 1569 cum
1022 1528 1148 1569 dicit:
1181 1529 1393 1584 „facite⁶)
1431 1529 1551 1571 vobis
1583 1529 1691 1571 ami·
1750 1531 1752 1536 ’

257 1627 329 1652 cos
361 1609 415 1649 de
443 1606 594 1661 iniquo
625 1623 899 1656 mammona,
940 1616 1009 1655 ut,
1049 1622 1145 1646 cum
1188 1606 1444 1656 defeceritis,
1484 1606 1692 1662 recipiant

254 1704 332 1728 vos
361 1684 408 1726 in
438 1695 607 1725 aeterna
638 1683 958 1724 tabernacula.“
1016 1682 1183 1723 Audisti
1211 1683 1559 1738 pronuntiantem
1591 1684 1690 1724 Do-

255 1763 423 1805 minum
455 1772 624 1802 aeterna
657 1776 743 1802 esse
772 1759 1059 1809 tabernacula,
1090 1759 1191 1799 audi
1220 1776 1336 1800 nunc
1365 1772 1404 1801 et
1428 1761 1689 1816 Apostolum

257 1841 493 1882 dicentem:
531 1836 880 1885 „tabernaculum
900 1835 944 1891 ⁷)
974 1847 1194 1884 nostrum,
1230 1837 1348 1891 quod
1379 1837 1433 1876 de
1463 1838 1584 1877 coelo
1618 1847 1689 1886 est,

254 1911 568 1972 superindu18)
598 1912 853 1968 cupientes.“
922 1913 1128 1954 Nondum
1169 1912 1246 1953 tihi
1287 1930 1333 1954 ex
1383 1912 1446 1954 his
1488 1913 1687 1953 omnibus

252 1994 333 2035 iter
363 1989 561 2047 aperitur,
593 2006 678 2044 quo
712 1989 910 2031 derelicta
939 2001 1049 2031 terra
1094 2006 1273 2045 sequens
1314 1989 1616 2045 propheticum
1649 1999 1689 2029 et

253 2067 537 2127 apostolicum
568 2082 759 2119 sensum,
790 2079 850 2117 et,
897 2091 949 2096 —
992 2067 1110 2122 quod
1142 2066 1335 2107 omnium
1367 2068 1599 2108 maximum
1629 2076 1690 2108 est

254 2173 321 2198 -—‚
350 2160 529 2201 sequens
560 2144 737 2184 verbum
774 2143 945 2192 Christi,
973 2155 1060 2184 tota
1090 2156 1231 2185 mente
1263 2156 1303 2185 et
1333 2156 1423 2186 toto
1454 2161 1579 2186 sensu
1610 2144 1686 2185 ad-

252 2226 431 2267 scendas
460 2221 505 2263 in
537 2220 720 2270 coelum,
750 2233 875 2277 atque
904 2220 966 2262 ibi
999 2221 1159 2262 aeterni
1189 2221 1453 2265 tabernaculi
1492 2220 1686 2273 magnifi-

255 2302 437 2344 centiam
469 2314 666 2355 quaeras,
706 2297 824 2356 cujus
863 2298 996 2351 figura
1038 2314 1118 2354 per
1146 2298 1300 2340 Mosen
1332 2300 1613 2341 adumbratur
1641 2298 1688 2339 in

372 2426 415 2481 ι)
447 2425 602 2476 Psalm.
634 2424 795 2474 xxlv,
827 2414 869 2467 4(
895 2424 1143 2480 (xxm.)-

367 2497 413 2553 2)
448 2495 533 2536 Cfr.
564 2495 583 2534 I
615 2495 730 2536 Sam.
762 2511 852 2551 cap.
884 2494 955 2535 IV.
987 2494 1032 2549 (I
1062 2494 1185 2548 Regg.
1248 2540 1251 2542 v

369 2566 416 2620 3)
446 2565 602 2606 Psalm.
633 2563 795 2617 XXIV,
826 2566 865 2607 4.
897 2563 1106 2621 (ΧΧΙΙῘ.)

366 2636 414 2690 4)
446 2635 556 2676 Edd.
587 2634 782 2675 Merlini:
816 2646 855 2676 et
886 2635 959 2690 qui
988 2645 1187 2676 non'etc.

370 2706 415 2760 ⁵)
444 2704 600 2745 Psahn.
630 2704 724 2753 XV,
753 2704 792 2747 3.
825 2704 990 2761 (XIV.)
1108 2703 1154 2759 6)
1184 2704 1285 2745 Luc.
1317 2703 1433 2755 XVI,
1464 2706 1503 2750 9.

369 2774 415 2830 7)
443 2776 485 2815 H
516 2774 617 2817 Cor.
650 2775 699 2824 v,
728 2778 768 2818 2.
890 2794 893 2798 -

365 2845 412 2901 ⁸)
443 2844 553 2888 Edd.
583 2843 780 2886 Merlini:
811 2856 851 2887 et
880 2843 1130 2900 superindui
1162 2844 1388 2908 cupientes.
