<?xml version="1.0" encoding="UTF-8"?>
<!DOCTYPE html PUBLIC "-//W3C//DTD XHTML 1.0 Transitional//EN"
    "http://www.w3.org/TR/xhtml1/DTD/xhtml1-transitional.dtd">
<html xmlns="http://www.w3.org/1999/xhtml" xml:lang="en" lang="en">
 <head>
  <title>
</title>
<meta http-equiv="Content-Type" content="text/html;charset=utf-8" />
  <meta name='ocr-system' content='tesseract 3.04.00' />
  <meta name='ocr-capabilities' content='ocr_page ocr_carea ocr_par ocr_line ocrx_word'/>
</head>
<body>
  <div class='ocr_page' id='page_1' title='image "./operaomniaquaegr09orig_0366.png"; bbox 0 0 1752 3136; ppageno 0'>
   <div class='ocr_carea' id='block_1_1' title="bbox 265 103 1093 148">
    <p class='ocr_par' dir='ltr' id='par_1_1' title="bbox 265 103 1093 148">
     <span class='ocr_line' id='line_1_1' title="bbox 265 103 1093 148; baseline -0.006 0"><span class='ocrx_word' id='word_1_1' title='bbox 265 105 351 148; x_wconf 79' lang='lat'>354</span> <span class='ocrx_word' id='word_1_2' title='bbox 871 103 1093 144; x_wconf 62' lang='lat' dir='ltr'>Omen-:ms</span> 
     </span>
    </p>
   </div>
   <div class='ocr_carea' id='block_1_2' title="bbox 268 215 1702 2204">
    <p class='ocr_par' dir='ltr' id='par_1_2' title="bbox 268 215 1702 2204">
     <span class='ocr_line' id='line_1_2' title="bbox 268 215 1691 273; baseline -0.002 -13"><span class='ocrx_word' id='word_1_3' title='bbox 268 218 464 273; x_wconf 79' lang='lat' dir='ltr'>raphim,</span> <span class='ocrx_word' id='word_1_4' title='bbox 510 218 627 273; x_wconf 82' lang='lat' dir='ltr'>quod</span> <span class='ocrx_word' id='word_1_5' title='bbox 651 217 693 272; x_wconf 79' lang='lat'>¹)</span> <span class='ocrx_word' id='word_1_6' title='bbox 737 215 909 257; x_wconf 78' lang='lat' dir='ltr'>missum</span> <span class='ocrx_word' id='word_1_7' title='bbox 942 228 1000 257; x_wconf 81' lang='lat' dir='ltr'>est</span> <span class='ocrx_word' id='word_1_8' title='bbox 1031 217 1084 257; x_wconf 83' lang='lat' dir='ltr'>ad</span> <span class='ocrx_word' id='word_1_9' title='bbox 1116 232 1236 264; x_wconf 83' lang='lat' dir='ltr'>cum,</span> <span class='ocrx_word' id='word_1_10' title='bbox 1281 232 1376 256; x_wconf 87' lang='lat' dir='ltr'>cum</span> <span class='ocrx_word' id='word_1_11' title='bbox 1410 216 1568 271; x_wconf 76' lang='lat' dir='ltr'>accepit</span> <span class='ocrx_word' id='word_1_12' title='bbox 1603 218 1691 257; x_wconf 82' lang='lat' dir='ltr'>sor—</span> 
     </span>
     <span class='ocr_line' id='line_1_3' title="bbox 269 293 1691 350; baseline -0.001 -14"><span class='ocrx_word' id='word_1_13' title='bbox 269 297 361 350; x_wconf 82' lang='lat' dir='ltr'>cipe</span> <span class='ocrx_word' id='word_1_14' title='bbox 393 296 625 336; x_wconf 82' lang='lat' dir='ltr'>carbonem</span> <span class='ocrx_word' id='word_1_15' title='bbox 659 310 794 335; x_wconf 89' lang='lat' dir='ltr'>unum</span> <span class='ocrx_word' id='word_1_16' title='bbox 838 311 885 334; x_wconf 79' lang='lat' dir='ltr'>cx</span> <span class='ocrx_word' id='word_1_17' title='bbox 916 293 1001 343; x_wconf 82' lang='lat' dir='ltr'>his,</span> <span class='ocrx_word' id='word_1_18' title='bbox 1040 294 1112 348; x_wconf 82' lang='lat' dir='ltr'>qui</span> <span class='ocrx_word' id='word_1_19' title='bbox 1151 304 1270 334; x_wconf 77' lang='lat' dir='ltr'>erant</span> <span class='ocrx_word' id='word_1_20' title='bbox 1300 309 1428 348; x_wconf 86' lang='lat' dir='ltr'>super</span> <span class='ocrx_word' id='word_1_21' title='bbox 1459 294 1610 343; x_wconf 73' lang='lat' dir='ltr'>altare,</span> <span class='ocrx_word' id='word_1_22' title='bbox 1656 306 1691 334; x_wconf 78' lang='lat' dir='ltr'>et</span> 
     </span>
     <span class='ocr_line' id='line_1_4' title="bbox 270 370 1695 426; baseline -0.001 -14"><span class='ocrx_word' id='word_1_23' title='bbox 270 371 441 423; x_wconf 80' lang='lat' dir='ltr'>contigit</span> <span class='ocrx_word' id='word_1_24' title='bbox 472 371 584 412; x_wconf 78' lang='lat' dir='ltr'>labia</span> <span class='ocrx_word' id='word_1_25' title='bbox 616 371 866 426; x_wconf 80' lang='lat' dir='ltr'>prophetae,</span> <span class='ocrx_word' id='word_1_26' title='bbox 897 382 936 411; x_wconf 80' lang='lat' dir='ltr'>ct</span> <span class='ocrx_word' id='word_1_27' title='bbox 967 370 1085 412; x_wconf 76' lang='lat' dir='ltr'>dixit:</span> <span class='ocrx_word' id='word_1_28' title='bbox 1118 370 1316 424; x_wconf 77' lang='lat' dir='ltr'>‚,ecce,²)</span> <span class='ocrx_word' id='word_1_29' title='bbox 1357 370 1509 411; x_wconf 78' lang='lat' dir='ltr'>abstuli</span> <span class='ocrx_word' id='word_1_30' title='bbox 1541 370 1695 425; x_wconf 86' lang='lat' dir='ltr'>iniqui-</span> 
     </span>
     <span class='ocr_line' id='line_1_5' title="bbox 270 447 1693 506; baseline -0.001 -17"><span class='ocrx_word' id='word_1_31' title='bbox 270 461 373 490; x_wconf 81' lang='lat' dir='ltr'>tates</span> <span class='ocrx_word' id='word_1_32' title='bbox 403 453 537 489; x_wconf 83' lang='lat' dir='ltr'>tuas.“</span> <span class='ocrx_word' id='word_1_33' title='bbox 594 447 706 489; x_wconf 85' lang='lat' dir='ltr'>Mihi</span> <span class='ocrx_word' id='word_1_34' title='bbox 736 448 933 489; x_wconf 79' lang='lat' dir='ltr'>videntur</span> <span class='ocrx_word' id='word_1_35' title='bbox 963 449 1137 506; x_wconf 73' lang='lat' dir='ltr'>mystica</span> <span class='ocrx_word' id='word_1_36' title='bbox 1169 450 1272 488; x_wconf 81' lang='lat' dir='ltr'>haec</span> <span class='ocrx_word' id='word_1_37' title='bbox 1305 465 1412 497; x_wconf 80' lang='lat' dir='ltr'>esse,</span> <span class='ocrx_word' id='word_1_38' title='bbox 1445 460 1483 488; x_wconf 86' lang='lat' dir='ltr'>et</span> <span class='ocrx_word' id='word_1_39' title='bbox 1514 448 1597 487; x_wconf 80' lang='lat' dir='ltr'>hoc</span> <span class='ocrx_word' id='word_1_40' title='bbox 1628 447 1693 487; x_wconf 90' lang='lat' dir='ltr'>in-</span> 
     </span>
     <span class='ocr_line' id='line_1_6' title="bbox 272 525 1694 582; baseline -0.002 -15"><span class='ocrx_word' id='word_1_41' title='bbox 272 527 425 575; x_wconf 83' lang='lat' dir='ltr'>dicare,</span> <span class='ocrx_word' id='word_1_42' title='bbox 459 527 576 582; x_wconf 87' lang='lat' dir='ltr'>quod</span> <span class='ocrx_word' id='word_1_43' title='bbox 607 525 837 581; x_wconf 88' lang='lat' dir='ltr'>unicuique</span> <span class='ocrx_word' id='word_1_44' title='bbox 868 527 1105 566; x_wconf 78' lang='lat' dir='ltr'>secundum</span> <span class='ocrx_word' id='word_1_45' title='bbox 1136 526 1193 575; x_wconf 83' lang='lat' dir='ltr'>id,</span> <span class='ocrx_word' id='word_1_46' title='bbox 1224 527 1342 581; x_wconf 89' lang='lat' dir='ltr'>quod</span> <span class='ocrx_word' id='word_1_47' title='bbox 1373 537 1535 581; x_wconf 83' lang='lat' dir='ltr'>peccat,</span> <span class='ocrx_word' id='word_1_48' title='bbox 1567 525 1598 565; x_wconf 86' lang='lat' dir='ltr'>si</span> <span class='ocrx_word' id='word_1_49' title='bbox 1632 526 1694 565; x_wconf 83' lang='lat' dir='ltr'>di-</span> 
     </span>
     <span class='ocr_line' id='line_1_7' title="bbox 272 601 1696 658; baseline -0.002 -14"><span class='ocrx_word' id='word_1_50' title='bbox 272 621 401 656; x_wconf 82' lang='lat' dir='ltr'>gnum</span> <span class='ocrx_word' id='word_1_51' title='bbox 433 603 560 644; x_wconf 82' lang='lat' dir='ltr'>suerit</span> <span class='ocrx_word' id='word_1_52' title='bbox 588 603 803 658; x_wconf 72' lang='lat' dir='ltr'>purificari</span> <span class='ocrx_word' id='word_1_53' title='bbox 836 619 946 651; x_wconf 81' lang='lat' dir='ltr'>eum,</span> <span class='ocrx_word' id='word_1_54' title='bbox 976 602 1214 644; x_wconf 78' lang='lat' dir='ltr'>inferantur</span> <span class='ocrx_word' id='word_1_55' title='bbox 1245 606 1450 644; x_wconf 75' lang='lat' dir='ltr'>carbones</span> <span class='ocrx_word' id='word_1_56' title='bbox 1494 601 1696 642; x_wconf 79' lang='lat' dir='ltr'>membris</span> 
     </span>
     <span class='ocr_line' id='line_1_8' title="bbox 273 678 1696 737; baseline -0.002 -15"><span class='ocrx_word' id='word_1_57' title='bbox 273 680 369 737; x_wconf 77' lang='lat' dir='ltr'>ejus.</span> <span class='ocrx_word' id='word_1_58' title='bbox 440 682 549 721; x_wconf 76' lang='lat' dir='ltr'>Nam</span> <span class='ocrx_word' id='word_1_59' title='bbox 601 680 804 735; x_wconf 75' lang='lat' dir='ltr'>quoniam</span> <span class='ocrx_word' id='word_1_60' title='bbox 849 678 950 719; x_wconf 85' lang='lat' dir='ltr'>dicit</span> <span class='ocrx_word' id='word_1_61' title='bbox 989 681 1201 734; x_wconf 79' lang='lat' dir='ltr'>propheta</span> <span class='ocrx_word' id='word_1_62' title='bbox 1242 681 1332 722; x_wconf 85' lang='lat' dir='ltr'>hic:</span> <span class='ocrx_word' id='word_1_63' title='bbox 1384 678 1696 731; x_wconf 81' lang='lat' dir='ltr'>,‚immunda³)</span> 
     </span>
     <span class='ocr_line' id='line_1_9' title="bbox 275 755 1696 811; baseline -0.003 -12"><span class='ocrx_word' id='word_1_64' title='bbox 275 759 385 801; x_wconf 74' lang='lat' dir='ltr'>labia</span> <span class='ocrx_word' id='word_1_65' title='bbox 420 759 572 805; x_wconf 73' lang='lat' dir='ltr'>habeo,</span> <span class='ocrx_word' id='word_1_66' title='bbox 603 756 647 796; x_wconf 90' lang='lat' dir='ltr'>in</span> <span class='ocrx_word' id='word_1_67' title='bbox 678 755 821 796; x_wconf 84' lang='lat' dir='ltr'>medio</span> <span class='ocrx_word' id='word_1_68' title='bbox 857 772 1031 810; x_wconf 80' lang='lat' dir='ltr'>quoque</span> <span class='ocrx_word' id='word_1_69' title='bbox 1060 757 1215 811; x_wconf 82' lang='lat' dir='ltr'>populi</span> <span class='ocrx_word' id='word_1_70' title='bbox 1245 758 1465 799; x_wconf 79' lang='lat' dir='ltr'>immunda</span> <span class='ocrx_word' id='word_1_71' title='bbox 1489 759 1600 799; x_wconf 77' lang='lat' dir='ltr'>labia</span> <span class='ocrx_word' id='word_1_72' title='bbox 1623 757 1696 796; x_wconf 33' lang='lat' dir='ltr'>ha*</span> 
     </span>
     <span class='ocr_line' id='line_1_10' title="bbox 277 833 1698 889; baseline -0.002 -13"><span class='ocrx_word' id='word_1_73' title='bbox 277 835 414 876; x_wconf 82' lang='lat' dir='ltr'>bentis</span> <span class='ocrx_word' id='word_1_74' title='bbox 436 833 632 874; x_wconf 81' lang='lat' dir='ltr'>l1abito:“</span> <span class='ocrx_word' id='word_1_75' title='bbox 664 833 824 874; x_wconf 80' lang='lat' dir='ltr'>idcirco</span> <span class='ocrx_word' id='word_1_76' title='bbox 847 833 975 873; x_wconf 78' lang='lat' dir='ltr'>carbo</span> <span class='ocrx_word' id='word_1_77' title='bbox 998 833 1164 888; x_wconf 75' lang='lat' dir='ltr'>forcipe</span> <span class='ocrx_word' id='word_1_78' title='bbox 1180 834 1396 875; x_wconf 81' lang='lat' dir='ltr'>adsumtus</span> <span class='ocrx_word' id='word_1_79' title='bbox 1418 852 1439 874; x_wconf 81' lang='lat' dir='ltr'>a</span> <span class='ocrx_word' id='word_1_80' title='bbox 1458 834 1698 889; x_wconf 74' lang='lat' dir='ltr'>Seraphim,</span> 
     </span>
     <span class='ocr_line' id='line_1_11' title="bbox 274 909 1698 968; baseline -0.002 -15"><span class='ocrx_word' id='word_1_81' title='bbox 274 912 385 953; x_wconf 75' lang='lat' dir='ltr'>labia</span> <span class='ocrx_word' id='word_1_82' title='bbox 417 910 507 968; x_wconf 80' lang='lat' dir='ltr'>ejus</span> <span class='ocrx_word' id='word_1_83' title='bbox 538 909 792 964; x_wconf 78' lang='lat' dir='ltr'>mundat,‘²)</span> <span class='ocrx_word' id='word_1_84' title='bbox 824 911 977 966; x_wconf 86' lang='lat' dir='ltr'>quibus</span> <span class='ocrx_word' id='word_1_85' title='bbox 1015 909 1116 951; x_wconf 90' lang='lat' dir='ltr'>solis</span> <span class='ocrx_word' id='word_1_86' title='bbox 1148 928 1192 951; x_wconf 89' lang='lat' dir='ltr'>se</span> <span class='ocrx_word' id='word_1_87' title='bbox 1238 912 1449 951; x_wconf 88' lang='lat' dir='ltr'>mundum</span> <span class='ocrx_word' id='word_1_88' title='bbox 1490 928 1580 952; x_wconf 90' lang='lat' dir='ltr'>non</span> <span class='ocrx_word' id='word_1_89' title='bbox 1613 927 1698 951; x_wconf 83' lang='lat' dir='ltr'>esse</span> 
     </span>
     <span class='ocr_line' id='line_1_12' title="bbox 271 987 1698 1047; baseline -0.003 -16"><span class='ocrx_word' id='word_1_90' title='bbox 271 990 508 1047; x_wconf 80' lang='lat' dir='ltr'>profitetur.</span> <span class='ocrx_word' id='word_1_91' title='bbox 567 989 631 1029; x_wconf 85' lang='lat' dir='ltr'>Ex</span> <span class='ocrx_word' id='word_1_92' title='bbox 664 1004 750 1043; x_wconf 93' lang='lat' dir='ltr'>quo</span> <span class='ocrx_word' id='word_1_93' title='bbox 791 987 1049 1037; x_wconf 80' lang='lat' dir='ltr'><strong>ostenditur,</strong></span> <span class='ocrx_word' id='word_1_94' title='bbox 1091 988 1209 1043; x_wconf 91' lang='lat' dir='ltr'>quod</span> <span class='ocrx_word' id='word_1_95' title='bbox 1247 1005 1381 1044; x_wconf 80' lang='lat' dir='ltr'>usque</span> <span class='ocrx_word' id='word_1_96' title='bbox 1427 991 1479 1030; x_wconf 83' lang='lat' dir='ltr'>ad</span> <span class='ocrx_word' id='word_1_97' title='bbox 1521 990 1698 1029; x_wconf 77' lang='lat' dir='ltr'>verbum</span> 
     </span>
     <span class='ocr_line' id='line_1_13' title="bbox 272 1063 1697 1122; baseline -0.002 -14"><span class='ocrx_word' id='word_1_98' title='bbox 272 1067 572 1109; x_wconf 81' lang='lat' dir='ltr'>tantummodo</span> <span class='ocrx_word' id='word_1_99' title='bbox 603 1077 825 1122; x_wconf 84' lang='lat' dir='ltr'>peccatum</span> <span class='ocrx_word' id='word_1_100' title='bbox 857 1063 945 1121; x_wconf 83' lang='lat' dir='ltr'>ejus</span> <span class='ocrx_word' id='word_1_101' title='bbox 980 1064 1325 1121; x_wconf 83' lang='lat' dir='ltr'>inveniretur‚⁵)</span> <span class='ocrx_word' id='word_1_102' title='bbox 1367 1066 1410 1107; x_wconf 88' lang='lat' dir='ltr'>in</span> <span class='ocrx_word' id='word_1_103' title='bbox 1450 1067 1565 1106; x_wconf 75' lang='lat' dir='ltr'>facto</span> <span class='ocrx_word' id='word_1_104' title='bbox 1598 1082 1697 1106; x_wconf 73' lang='lat' dir='ltr'>vero</span> 
     </span>
     <span class='ocr_line' id='line_1_14' title="bbox 275 1141 1697 1200; baseline -0.002 -16"><span class='ocrx_word' id='word_1_105' title='bbox 275 1145 338 1185; x_wconf 73' lang='lat' dir='ltr'>vel</span> <span class='ocrx_word' id='word_1_106' title='bbox 370 1161 502 1200; x_wconf 83' lang='lat' dir='ltr'>opere</span> <span class='ocrx_word' id='word_1_107' title='bbox 532 1144 653 1185; x_wconf 90' lang='lat' dir='ltr'>nullo</span> <span class='ocrx_word' id='word_1_108' title='bbox 671 1141 930 1199; x_wconf 82' lang='lat' dir='ltr'>peccaverit:</span> <span class='ocrx_word' id='word_1_109' title='bbox 963 1142 1154 1197; x_wconf 81' lang='lat' dir='ltr'>alioquin</span> <span class='ocrx_word' id='word_1_110' title='bbox 1178 1144 1357 1193; x_wconf 72' lang='lat' dir='ltr'>dixisset,</span> <span class='ocrx_word' id='word_1_111' title='bbox 1389 1143 1593 1198; x_wconf 83' lang='lat' dir='ltr'>quoniam</span> <span class='ocrx_word' id='word_1_112' title='bbox 1618 1144 1697 1184; x_wconf 72' lang='lat' dir='ltr'>iin-</span> 
     </span>
     <span class='ocr_line' id='line_1_15' title="bbox 274 1219 1699 1276; baseline -0.001 -14"><span class='ocrx_word' id='word_1_113' title='bbox 274 1222 485 1262; x_wconf 83' lang='lat' dir='ltr'>mundum</span> <span class='ocrx_word' id='word_1_114' title='bbox 518 1236 673 1276; x_wconf 84' lang='lat' dir='ltr'>corpus</span> <span class='ocrx_word' id='word_1_115' title='bbox 702 1220 863 1270; x_wconf 86' lang='lat' dir='ltr'>habeo,</span> <span class='ocrx_word' id='word_1_116' title='bbox 903 1219 967 1260; x_wconf 75' lang='lat' dir='ltr'>vel</span> <span class='ocrx_word' id='word_1_117' title='bbox 999 1219 1246 1262; x_wconf 87' lang='lat' dir='ltr'>immundos</span> <span class='ocrx_word' id='word_1_118' title='bbox 1285 1221 1434 1262; x_wconf 85' lang='lat' dir='ltr'>oculos</span> <span class='ocrx_word' id='word_1_119' title='bbox 1465 1221 1625 1269; x_wconf 79' lang='lat' dir='ltr'>habeo,</span> <span class='ocrx_word' id='word_1_120' title='bbox 1666 1220 1699 1260; x_wconf 88' lang='lat' dir='ltr'>si</span> 
     </span>
     <span class='ocr_line' id='line_1_16' title="bbox 274 1296 1696 1355; baseline -0.001 -15"><span class='ocrx_word' id='word_1_121' title='bbox 274 1310 486 1355; x_wconf 81' lang='lat' dir='ltr'>peccasset</span> <span class='ocrx_word' id='word_1_122' title='bbox 517 1299 561 1339; x_wconf 87' lang='lat' dir='ltr'>in</span> <span class='ocrx_word' id='word_1_123' title='bbox 591 1297 937 1352; x_wconf 84' lang='lat' dir='ltr'>concupiscendo</span> <span class='ocrx_word' id='word_1_124' title='bbox 971 1296 1127 1346; x_wconf 79' lang='lat' dir='ltr'>aliena,</span> <span class='ocrx_word' id='word_1_125' title='bbox 1160 1309 1200 1338; x_wconf 87' lang='lat' dir='ltr'>et</span> <span class='ocrx_word' id='word_1_126' title='bbox 1231 1299 1420 1346; x_wconf 78' lang='lat' dir='ltr'>dixisset,</span> <span class='ocrx_word' id='word_1_127' title='bbox 1452 1299 1696 1339; x_wconf 83' lang='lat' dir='ltr'>immundas</span> 
     </span>
     <span class='ocr_line' id='line_1_17' title="bbox 274 1364 1699 1430; baseline -0.001 -13"><span class='ocrx_word' id='word_1_128' title='bbox 274 1394 424 1418; x_wconf 84' lang='lat' dir='ltr'>manus</span> <span class='ocrx_word' id='word_1_129' title='bbox 455 1376 617 1423; x_wconf 77' lang='lat' dir='ltr'>habeo,</span> <span class='ocrx_word' id='word_1_130' title='bbox 663 1373 695 1414; x_wconf 88' lang='lat' dir='ltr'>si</span> <span class='ocrx_word' id='word_1_131' title='bbox 734 1390 802 1414; x_wconf 85' lang='lat' dir='ltr'>eas</span> <span class='ocrx_word' id='word_1_132' title='bbox 839 1364 1060 1429; x_wconf 85' lang='lat' dir='ltr'>polluisset</span> <span class='ocrx_word' id='word_1_133' title='bbox 1098 1375 1301 1430; x_wconf 80' lang='lat' dir='ltr'>operibus</span> <span class='ocrx_word' id='word_1_134' title='bbox 1340 1375 1506 1430; x_wconf 89' lang='lat' dir='ltr'>iniquis.</span> <span class='ocrx_word' id='word_1_135' title='bbox 1575 1377 1699 1415; x_wconf 73' lang='lat' dir='ltr'>Nunc</span> 
     </span>
     <span class='ocr_line' id='line_1_18' title="bbox 274 1451 1701 1507; baseline -0.001 -13"><span class='ocrx_word' id='word_1_136' title='bbox 274 1466 413 1494; x_wconf 82' lang='lat' dir='ltr'>autem</span> <span class='ocrx_word' id='word_1_137' title='bbox 456 1451 657 1507; x_wconf 81' lang='lat' dir='ltr'>quoniam</span> <span class='ocrx_word' id='word_1_138' title='bbox 698 1451 742 1491; x_wconf 91' lang='lat' dir='ltr'>in</span> <span class='ocrx_word' id='word_1_139' title='bbox 783 1452 877 1492; x_wconf 89' lang='lat' dir='ltr'>solo</span> <span class='ocrx_word' id='word_1_140' title='bbox 929 1453 1107 1492; x_wconf 78' lang='lat' dir='ltr'>sortasse</span> <span class='ocrx_word' id='word_1_141' title='bbox 1147 1468 1346 1492; x_wconf 79' lang='lat' dir='ltr'>sermone</span> <span class='ocrx_word' id='word_1_142' title='bbox 1389 1453 1583 1494; x_wconf 86' lang='lat' dir='ltr'>conscius</span> <span class='ocrx_word' id='word_1_143' title='bbox 1621 1452 1701 1493; x_wconf 86' lang='lat' dir='ltr'>sibi</span> 
     </span>
     <span class='ocr_line' id='line_1_19' title="bbox 276 1528 1698 1586; baseline 0 -15"><span class='ocrx_word' id='word_1_144' title='bbox 276 1543 364 1572; x_wconf 77' lang='lat' dir='ltr'>erat</span> <span class='ocrx_word' id='word_1_145' title='bbox 393 1528 535 1571; x_wconf 67' lang='lat' dir='ltr'>delicti</span> <span class='ocrx_word' id='word_1_146' title='bbox 564 1528 688 1578; x_wconf 83' lang='lat' dir='ltr'>illius,</span> <span class='ocrx_word' id='word_1_147' title='bbox 721 1530 774 1569; x_wconf 85' lang='lat' dir='ltr'>de</span> <span class='ocrx_word' id='word_1_148' title='bbox 805 1544 891 1582; x_wconf 92' lang='lat' dir='ltr'>quo</span> <span class='ocrx_word' id='word_1_149' title='bbox 931 1528 1036 1568; x_wconf 82' lang='lat' dir='ltr'>dicit</span> <span class='ocrx_word' id='word_1_150' title='bbox 1066 1528 1305 1570; x_wconf 80' lang='lat' dir='ltr'>Dominus:</span> <span class='ocrx_word' id='word_1_151' title='bbox 1342 1529 1467 1586; x_wconf 54' lang='lat' dir='ltr'>,squia</span> <span class='ocrx_word' id='word_1_152' title='bbox 1488 1531 1535 1585; x_wconf 72' lang='lat'>⁶)</span> <span class='ocrx_word' id='word_1_153' title='bbox 1575 1530 1698 1572; x_wconf 79' lang='lat' dir='ltr'>etiam</span> 
     </span>
     <span class='ocr_line' id='line_1_20' title="bbox 278 1605 1700 1664; baseline 0.001 -16"><span class='ocrx_word' id='word_1_154' title='bbox 278 1611 330 1649; x_wconf 87' lang='lat' dir='ltr'>de</span> <span class='ocrx_word' id='word_1_155' title='bbox 362 1608 492 1648; x_wconf 81' lang='lat' dir='ltr'>verbo</span> <span class='ocrx_word' id='word_1_156' title='bbox 525 1606 664 1648; x_wconf 84' lang='lat' dir='ltr'>otioso</span> <span class='ocrx_word' id='word_1_157' title='bbox 698 1606 881 1646; x_wconf 85' lang='lat' dir='ltr'>reddetis</span> <span class='ocrx_word' id='word_1_158' title='bbox 911 1605 1120 1646; x_wconf 78' lang='lat' dir='ltr'>rationem</span> <span class='ocrx_word' id='word_1_159' title='bbox 1147 1605 1191 1646; x_wconf 86' lang='lat' dir='ltr'>in</span> <span class='ocrx_word' id='word_1_160' title='bbox 1211 1606 1279 1646; x_wconf 83' lang='lat' dir='ltr'>die</span> <span class='ocrx_word' id='word_1_161' title='bbox 1296 1606 1493 1664; x_wconf 83' lang='lat' dir='ltr'>judicii:“</span> <span class='ocrx_word' id='word_1_162' title='bbox 1522 1625 1601 1663; x_wconf 83' lang='lat' dir='ltr'>pro</span> <span class='ocrx_word' id='word_1_163' title='bbox 1636 1624 1700 1658; x_wconf 62' lang='grc' dir='ltr'>ρο,</span> 
     </span>
     <span class='ocr_line' id='line_1_21' title="bbox 278 1682 1702 1742; baseline 0 -15"><span class='ocrx_word' id='word_1_164' title='bbox 278 1687 396 1742; x_wconf 89' lang='lat' dir='ltr'>quod</span> <span class='ocrx_word' id='word_1_165' title='bbox 427 1684 600 1726; x_wconf 78' lang='lat' dir='ltr'>difficile</span> <span class='ocrx_word' id='word_1_166' title='bbox 630 1695 689 1725; x_wconf 86' lang='lat' dir='ltr'>cst</span> <span class='ocrx_word' id='word_1_167' title='bbox 720 1682 845 1723; x_wconf 86' lang='lat' dir='ltr'>etiam</span> <span class='ocrx_word' id='word_1_168' title='bbox 874 1682 1070 1737; x_wconf 83' lang='lat' dir='ltr'>perfectis</span> <span class='ocrx_word' id='word_1_169' title='bbox 1103 1684 1273 1738; x_wconf 82' lang='lat' dir='ltr'>culpam</span> <span class='ocrx_word' id='word_1_170' title='bbox 1313 1685 1443 1726; x_wconf 75' lang='lat' dir='ltr'>vitare</span> <span class='ocrx_word' id='word_1_171' title='bbox 1480 1687 1702 1736; x_wconf 84' lang='lat' dir='ltr'>sermonis,</span> 
     </span>
     <span class='ocr_line' id='line_1_22' title="bbox 276 1759 1699 1818; baseline -0.002 -14"><span class='ocrx_word' id='word_1_172' title='bbox 276 1763 439 1804; x_wconf 83' lang='lat' dir='ltr'>idcirco</span> <span class='ocrx_word' id='word_1_173' title='bbox 471 1760 686 1813; x_wconf 81' lang='lat' dir='ltr'>indigebat</span> <span class='ocrx_word' id='word_1_174' title='bbox 718 1760 842 1800; x_wconf 72' lang='lat' dir='ltr'>etiam</span> <span class='ocrx_word' id='word_1_175' title='bbox 883 1759 1098 1814; x_wconf 84' lang='lat' dir='ltr'>propheta</span> <span class='ocrx_word' id='word_1_176' title='bbox 1142 1762 1230 1802; x_wconf 82' lang='lat' dir='ltr'>sola</span> <span class='ocrx_word' id='word_1_177' title='bbox 1273 1762 1526 1818; x_wconf 78' lang='lat' dir='ltr'>purgatione</span> <span class='ocrx_word' id='word_1_178' title='bbox 1561 1763 1699 1805; x_wconf 81' lang='lat' dir='ltr'>labin-</span> 
     </span>
     <span class='ocr_line' id='line_1_23' title="bbox 276 1837 1698 1893; baseline 0.001 -14"><span class='ocrx_word' id='word_1_179' title='bbox 276 1857 384 1880; x_wconf 83' lang='lat' dir='ltr'>rum.</span> <span class='ocrx_word' id='word_1_180' title='bbox 443 1840 535 1879; x_wconf 82' lang='lat' dir='ltr'>Nos</span> <span class='ocrx_word' id='word_1_181' title='bbox 566 1849 722 1887; x_wconf 79' lang='lat' dir='ltr'>autem,</span> <span class='ocrx_word' id='word_1_182' title='bbox 750 1837 783 1878; x_wconf 89' lang='lat' dir='ltr'>si</span> <span class='ocrx_word' id='word_1_183' title='bbox 815 1837 961 1876; x_wconf 80' lang='lat' dir='ltr'>redeat</span> <span class='ocrx_word' id='word_1_184' title='bbox 990 1837 1282 1893; x_wconf 80' lang='lat' dir='ltr'>unusquisque</span> <span class='ocrx_word' id='word_1_185' title='bbox 1314 1841 1366 1880; x_wconf 83' lang='lat' dir='ltr'>ad</span> <span class='ocrx_word' id='word_1_186' title='bbox 1394 1839 1698 1881; x_wconf 76' lang='lat' dir='ltr'>conscientiam</span> 
     </span>
     <span class='ocr_line' id='line_1_24' title="bbox 276 1913 1699 1972; baseline -0.001 -14"><span class='ocrx_word' id='word_1_187' title='bbox 276 1934 409 1966; x_wconf 81' lang='lat' dir='ltr'>suam,</span> <span class='ocrx_word' id='word_1_188' title='bbox 438 1915 581 1957; x_wconf 85' lang='lat' dir='ltr'>nescio</span> <span class='ocrx_word' id='word_1_189' title='bbox 616 1914 648 1956; x_wconf 82' lang='lat' dir='ltr'>si</span> <span class='ocrx_word' id='word_1_190' title='bbox 679 1930 901 1970; x_wconf 84' lang='lat' dir='ltr'>possumus</span> <span class='ocrx_word' id='word_1_191' title='bbox 934 1913 1111 1969; x_wconf 79' lang='lat' dir='ltr'>aliquod</span> <span class='ocrx_word' id='word_1_192' title='bbox 1141 1917 1384 1957; x_wconf 87' lang='lat' dir='ltr'>membrum</span> <span class='ocrx_word' id='word_1_193' title='bbox 1407 1917 1600 1972; x_wconf 80' lang='lat' dir='ltr'>corporis</span> <span class='ocrx_word' id='word_1_194' title='bbox 1631 1935 1699 1957; x_wconf 79' lang='lat' dir='ltr'>ex-</span> 
     </span>
     <span class='ocr_line' id='line_1_25' title="bbox 277 1990 1696 2049; baseline 0.001 -15"><span class='ocrx_word' id='word_1_195' title='bbox 277 2010 446 2044; x_wconf 86' lang='lat' dir='ltr'>cusare,</span> <span class='ocrx_word' id='word_1_196' title='bbox 494 1994 613 2049; x_wconf 80' lang='lat' dir='ltr'>quod</span> <span class='ocrx_word' id='word_1_197' title='bbox 652 2009 744 2034; x_wconf 89' lang='lat' dir='ltr'>non</span> <span class='ocrx_word' id='word_1_198' title='bbox 784 1991 868 2043; x_wconf 84' lang='lat' dir='ltr'>igni</span> <span class='ocrx_word' id='word_1_199' title='bbox 907 1990 1102 2043; x_wconf 80' lang='lat' dir='ltr'>indigeat.</span> <span class='ocrx_word' id='word_1_200' title='bbox 1177 1992 1233 2032; x_wconf 88' lang='lat' dir='ltr'>Et</span> <span class='ocrx_word' id='word_1_201' title='bbox 1272 1995 1484 2049; x_wconf 82' lang='lat' dir='ltr'>propheta</span> <span class='ocrx_word' id='word_1_202' title='bbox 1524 1994 1696 2049; x_wconf 86' lang='lat' dir='ltr'>quidem</span> 
     </span>
     <span class='ocr_line' id='line_1_26' title="bbox 279 2068 1698 2128; baseline -0.001 -15"><span class='ocrx_word' id='word_1_203' title='bbox 279 2072 483 2128; x_wconf 86' lang='lat' dir='ltr'>quoniam</span> <span class='ocrx_word' id='word_1_204' title='bbox 515 2072 567 2112; x_wconf 78' lang='lat' dir='ltr'>ab</span> <span class='ocrx_word' id='word_1_205' title='bbox 601 2068 801 2112; x_wconf 87' lang='lat' dir='ltr'>omnibus</span> <span class='ocrx_word' id='word_1_206' title='bbox 842 2069 1029 2109; x_wconf 78' lang='lat' dir='ltr'>mundus</span> <span class='ocrx_word' id='word_1_207' title='bbox 1071 2080 1179 2121; x_wconf 79' lang='lat' dir='ltr'>erat,</span> <span class='ocrx_word' id='word_1_208' title='bbox 1224 2069 1386 2111; x_wconf 84' lang='lat' dir='ltr'>idcirco</span> <span class='ocrx_word' id='word_1_209' title='bbox 1429 2073 1605 2122; x_wconf 87' lang='lat' dir='ltr'>meruit,</span> <span class='ocrx_word' id='word_1_210' title='bbox 1651 2083 1698 2113; x_wconf 87' lang='lat' dir='ltr'>ut</span> 
     </span>
     <span class='ocr_line' id='line_1_27' title="bbox 280 2144 1697 2204; baseline 0.001 -16"><span class='ocrx_word' id='word_1_211' title='bbox 280 2166 390 2190; x_wconf 87' lang='lat' dir='ltr'>unus</span> <span class='ocrx_word' id='word_1_212' title='bbox 424 2150 478 2190; x_wconf 84' lang='lat' dir='ltr'>de</span> <span class='ocrx_word' id='word_1_213' title='bbox 509 2147 734 2204; x_wconf 84' lang='lat' dir='ltr'>Seraphim</span> <span class='ocrx_word' id='word_1_214' title='bbox 765 2144 999 2186; x_wconf 81' lang='lat' dir='ltr'>mitteretur</span> <span class='ocrx_word' id='word_1_215' title='bbox 1039 2146 1092 2186; x_wconf 81' lang='lat' dir='ltr'>ad</span> <span class='ocrx_word' id='word_1_216' title='bbox 1126 2163 1246 2197; x_wconf 83' lang='lat' dir='ltr'>eum,</span> <span class='ocrx_word' id='word_1_217' title='bbox 1287 2147 1359 2202; x_wconf 88' lang='lat' dir='ltr'>qui</span> <span class='ocrx_word' id='word_1_218' title='bbox 1399 2147 1486 2203; x_wconf 82' lang='lat' dir='ltr'>ejus</span> <span class='ocrx_word' id='word_1_219' title='bbox 1516 2149 1606 2190; x_wconf 85' lang='lat' dir='ltr'>sola</span> <span class='ocrx_word' id='word_1_220' title='bbox 1637 2150 1697 2190; x_wconf 77' lang='lat' dir='ltr'>la-</span> 
     </span>
    </p>
   </div>
   <div class='ocr_carea' id='block_1_3' title="bbox 276 2222 1700 2282">
    <p class='ocr_par' dir='ltr' id='par_1_3' title="bbox 276 2222 1700 2282">
     <span class='ocr_line' id='line_1_28' title="bbox 276 2222 1700 2282; baseline 0 -15"><span class='ocrx_word' id='word_1_221' title='bbox 276 2227 343 2267; x_wconf 82' lang='lat' dir='ltr'>bia</span> <span class='ocrx_word' id='word_1_222' title='bbox 377 2238 588 2282; x_wconf 78' lang='lat' dir='ltr'>purgaret.</span> <span class='ocrx_word' id='word_1_223' title='bbox 645 2224 736 2265; x_wconf 80' lang='lat' dir='ltr'>Nos</span> <span class='ocrx_word' id='word_1_224' title='bbox 766 2239 893 2273; x_wconf 76' lang='lat' dir='ltr'>vero,</span> <span class='ocrx_word' id='word_1_225' title='bbox 923 2238 1096 2273; x_wconf 79' lang='lat' dir='ltr'>vereor,</span> <span class='ocrx_word' id='word_1_226' title='bbox 1124 2239 1179 2264; x_wconf 88' lang='lat' dir='ltr'>ne</span> <span class='ocrx_word' id='word_1_227' title='bbox 1207 2222 1350 2275; x_wconf 84' lang='lat' dir='ltr'>ignem</span> <span class='ocrx_word' id='word_1_228' title='bbox 1379 2240 1469 2266; x_wconf 86' lang='lat' dir='ltr'>non</span> <span class='ocrx_word' id='word_1_229' title='bbox 1499 2226 1700 2267; x_wconf 82' lang='lat' dir='ltr'>membris</span> 
     </span>
    </p>
   </div>
   <div class='ocr_carea' id='block_1_4' title="bbox 395 2398 1696 2455">
    <p class='ocr_par' dir='ltr' id='par_1_4' title="bbox 395 2398 1696 2455">
     <span class='ocr_line' id='line_1_29' title="bbox 395 2398 1696 2455; baseline -0.002 -14"><span class='ocrx_word' id='word_1_230' title='bbox 395 2400 438 2455; x_wconf 83' lang='lat'>¹)</span> <span class='ocrx_word' id='word_1_231' title='bbox 471 2400 589 2441; x_wconf 83' lang='lat' dir='ltr'>Libri</span> <span class='ocrx_word' id='word_1_232' title='bbox 628 2398 751 2440; x_wconf 72' lang='lat' dir='ltr'>editi:</span> <span class='ocrx_word' id='word_1_233' title='bbox 801 2398 902 2453; x_wconf 88' lang='lat' dir='ltr'>„qui</span> <span class='ocrx_word' id='word_1_234' title='bbox 950 2398 1098 2440; x_wconf 85' lang='lat' dir='ltr'>missus</span> <span class='ocrx_word' id='word_1_235' title='bbox 1143 2403 1251 2448; x_wconf 84' lang='lat' dir='ltr'>est,“</span> <span class='ocrx_word' id='word_1_236' title='bbox 1292 2399 1367 2439; x_wconf 85' lang='lat' dir='ltr'>sed</span> <span class='ocrx_word' id='word_1_237' title='bbox 1408 2414 1556 2439; x_wconf 85' lang='lat' dir='ltr'>omnes</span> <span class='ocrx_word' id='word_1_238' title='bbox 1595 2398 1696 2442; x_wconf 56' lang='lat' dir='ltr'>B&#39;Iss.</span> 
     </span>
    </p>
   </div>
   <div class='ocr_carea' id='block_1_5' title="bbox 273 2454 1695 2833">
    <p class='ocr_par' dir='ltr' id='par_1_5' title="bbox 277 2454 1301 2512">
     <span class='ocr_line' id='line_1_30' title="bbox 277 2454 1301 2512; baseline 0 -16"><span class='ocrx_word' id='word_1_239' title='bbox 277 2457 444 2512; x_wconf 84' lang='lat' dir='ltr'>(itemq.</span> <span class='ocrx_word' id='word_1_240' title='bbox 476 2458 570 2498; x_wconf 76' lang='lat' dir='ltr'>edd.</span> <span class='ocrx_word' id='word_1_241' title='bbox 602 2455 712 2511; x_wconf 84' lang='grc' dir='ltr'>Μ.);</span> <span class='ocrx_word' id='word_1_242' title='bbox 743 2457 887 2510; x_wconf 85' lang='lat' dir='ltr'>„quod</span> <span class='ocrx_word' id='word_1_243' title='bbox 918 2454 1092 2496; x_wconf 79' lang='lat' dir='ltr'>missum</span> <span class='ocrx_word' id='word_1_244' title='bbox 1125 2462 1220 2496; x_wconf 85' lang='lat' dir='ltr'>est.“</span> <span class='ocrx_word' id='word_1_245' title='bbox 1250 2454 1301 2496; x_wconf 79' lang='lat' dir='ltr'>R.</span> 
     </span>
    </p>

    <p class='ocr_par' dir='ltr' id='par_1_6' title="bbox 393 2525 1383 2580">
     <span class='ocr_line' id='line_1_31' title="bbox 393 2525 1383 2580; baseline 0 -15"><span class='ocrx_word' id='word_1_246' title='bbox 393 2526 439 2579; x_wconf 83' lang='lat'>²)</span> <span class='ocrx_word' id='word_1_247' title='bbox 473 2525 560 2567; x_wconf 86' lang='lat' dir='ltr'>Cfr.</span> <span class='ocrx_word' id='word_1_248' title='bbox 593 2526 717 2567; x_wconf 81' lang='lat' dir='ltr'>Jesai.</span> <span class='ocrx_word' id='word_1_249' title='bbox 748 2525 820 2574; x_wconf 82' lang='lat' dir='ltr'>VI,</span> <span class='ocrx_word' id='word_1_250' title='bbox 853 2526 890 2567; x_wconf 83' lang='grc'>7.</span> <span class='ocrx_word' id='word_1_251' title='bbox 1010 2525 1056 2580; x_wconf 84' lang='lat'>3)</span> <span class='ocrx_word' id='word_1_252' title='bbox 1086 2525 1208 2568; x_wconf 81' lang='lat' dir='ltr'>Jesai.</span> <span class='ocrx_word' id='word_1_253' title='bbox 1241 2525 1312 2575; x_wconf 85' lang='lat' dir='ltr'>VI,</span> <span class='ocrx_word' id='word_1_254' title='bbox 1344 2526 1383 2566; x_wconf 88' lang='lat'>5.</span> 
     </span>
    </p>

    <p class='ocr_par' dir='ltr' id='par_1_7' title="bbox 396 2594 902 2651">
     <span class='ocr_line' id='line_1_32' title="bbox 396 2594 902 2651; baseline 0.006 -16"><span class='ocrx_word' id='word_1_255' title='bbox 396 2594 441 2649; x_wconf 81' lang='lat'>¹²)</span> <span class='ocrx_word' id='word_1_256' title='bbox 472 2595 573 2637; x_wconf 80' lang='lat' dir='ltr'>Mss.</span> <span class='ocrx_word' id='word_1_257' title='bbox 604 2601 818 2651; x_wconf 77' lang='lat' dir='ltr'>„purgat.“</span> <span class='ocrx_word' id='word_1_258' title='bbox 849 2595 902 2639; x_wconf 80' lang='lat' dir='ltr'>R.</span> 
     </span>
    </p>

    <p class='ocr_par' dir='ltr' id='par_1_8' title="bbox 273 2663 1695 2833">
     <span class='ocr_line' id='line_1_33' title="bbox 392 2663 1695 2719; baseline -0.002 -14"><span class='ocrx_word' id='word_1_259' title='bbox 392 2665 437 2718; x_wconf 76' lang='lat'>⁵)</span> <span class='ocrx_word' id='word_1_260' title='bbox 468 2665 583 2705; x_wconf 77' lang='lat' dir='ltr'>Libri</span> <span class='ocrx_word' id='word_1_261' title='bbox 605 2664 728 2706; x_wconf 68' lang='lat' dir='ltr'>editi:</span> <span class='ocrx_word' id='word_1_262' title='bbox 761 2665 1060 2716; x_wconf 63' lang='lat' dir='ltr'>„invenit-etur,</span> <span class='ocrx_word' id='word_1_263' title='bbox 1086 2664 1142 2703; x_wconf 78' lang='lat' dir='ltr'>ita</span> <span class='ocrx_word' id='word_1_264' title='bbox 1167 2663 1285 2718; x_wconf 83' lang='lat' dir='ltr'>quod</span> <span class='ocrx_word' id='word_1_265' title='bbox 1303 2664 1417 2704; x_wconf 82' lang='lat' dir='ltr'>facto</span> <span class='ocrx_word' id='word_1_266' title='bbox 1439 2665 1502 2704; x_wconf 80' lang='lat' dir='ltr'>vel</span> <span class='ocrx_word' id='word_1_267' title='bbox 1524 2670 1695 2719; x_wconf 78' lang='lat' dir='ltr'>opere.“</span> 
     </span>
     <span class='ocr_line' id='line_1_34' title="bbox 274 2719 1693 2768; baseline -0.002 -7"><span class='ocrx_word' id='word_1_268' title='bbox 274 2722 360 2762; x_wconf 78' lang='lat' dir='ltr'>Sed</span> <span class='ocrx_word' id='word_1_269' title='bbox 390 2721 489 2762; x_wconf 79' lang='lat' dir='ltr'>Mss.</span> <span class='ocrx_word' id='word_1_270' title='bbox 519 2734 565 2761; x_wconf 88' lang='lat' dir='ltr'>ut</span> <span class='ocrx_word' id='word_1_271' title='bbox 595 2722 639 2762; x_wconf 87' lang='lat' dir='ltr'>in</span> <span class='ocrx_word' id='word_1_272' title='bbox 669 2734 815 2762; x_wconf 78' lang='lat' dir='ltr'>nostro</span> <span class='ocrx_word' id='word_1_273' title='bbox 847 2733 971 2762; x_wconf 82' lang='lat' dir='ltr'>textu.</span> <span class='ocrx_word' id='word_1_274' title='bbox 1001 2720 1050 2761; x_wconf 75' lang='lat' dir='ltr'>R.</span> <span class='ocrx_word' id='word_1_275' title='bbox 1090 2745 1141 2751; x_wconf 95' lang='lat'>—</span> <span class='ocrx_word' id='word_1_276' title='bbox 1187 2719 1296 2760; x_wconf 82' lang='lat' dir='ltr'>Edd.</span> <span class='ocrx_word' id='word_1_277' title='bbox 1328 2719 1522 2760; x_wconf 83' lang='lat' dir='ltr'>Merlini:</span> <span class='ocrx_word' id='word_1_278' title='bbox 1552 2719 1693 2768; x_wconf 71' lang='lat' dir='ltr'>„inve-</span> 
     </span>
     <span class='ocr_line' id='line_1_35' title="bbox 273 2778 1028 2833; baseline 0 -16"><span class='ocrx_word' id='word_1_279' title='bbox 273 2778 449 2821; x_wconf 81' lang='lat' dir='ltr'>niretur.</span> <span class='ocrx_word' id='word_1_280' title='bbox 507 2778 567 2818; x_wconf 76' lang='lat' dir='ltr'>Ita</span> <span class='ocrx_word' id='word_1_281' title='bbox 598 2780 731 2817; x_wconf 73' lang='lat' dir='ltr'>sacto:</span> <span class='ocrx_word' id='word_1_282' title='bbox 765 2778 828 2817; x_wconf 85' lang='lat' dir='ltr'>vel</span> <span class='ocrx_word' id='word_1_283' title='bbox 859 2784 1028 2833; x_wconf 90' lang='lat' dir='ltr'>opere.“</span> 
     </span>
    </p>
   </div>
   <div class='ocr_carea' id='block_1_6' title="bbox 389 2845 960 2901">
    <p class='ocr_par' dir='ltr' id='par_1_9' title="bbox 389 2845 960 2901">
     <span class='ocr_line' id='line_1_36' title="bbox 389 2845 960 2901; baseline 0.009 -16"><span class='ocrx_word' id='word_1_284' title='bbox 389 2848 430 2901; x_wconf 71' lang='lat'>⁶)</span> <span class='ocrx_word' id='word_1_285' title='bbox 464 2846 549 2886; x_wconf 63' lang='lat' dir='ltr'>cfr.</span> <span class='ocrx_word' id='word_1_286' title='bbox 581 2845 731 2886; x_wconf 62' lang='lat' dir='ltr'>matth.</span> <span class='ocrx_word' id='word_1_287' title='bbox 765 2845 861 2895; x_wconf 80' lang='grc' dir='ltr'>ΧΠ,</span> <span class='ocrx_word' id='word_1_288' title='bbox 891 2847 960 2890; x_wconf 71' lang='grc'>36,</span> 
     </span>
    </p>
   </div>
  </div>
 </body>
</html>
