1752 3136
287 109 372 153 130
756 114 762 120 ’
889 105 1114 151 Omonms

290 237 457 278 semper
485 220 530 262 in
561 218 717 262 castris.
768 219 873 261 Ideo
903 231 944 261 et
962 221 1015 262 de
1035 220 1202 277 populo
1234 220 1317 263 Dei
1348 222 1550 264 refertur:
1580 238 1711 279 „pro-

291 301 400 342 secta
419 298 464 355 ¹)
495 309 568 349 est,
598 296 751 353 inquit,
781 296 921 339 omnis
951 312 1159 356 synagoga
1190 298 1379 341 filiorum
1400 298 1527 341 Israel
1557 300 1610 340 de
1634 301 1713 345 ‚de-

291 389 404 420 serto
446 376 546 426 Sin,
582 375 817 417 secundum
857 386 989 416 castra
1027 391 1124 425 sua,
1161 392 1240 432 per
1277 377 1454 418 verbum
1493 375 1714 420 Domini.“

290 455 368 497 Est
397 469 496 506 ergo
526 468 611 493 una
643 451 816 508 quidem
847 467 1057 511 synagoga
1088 453 1281 506 Domini,
1312 455 1385 496 sed
1416 454 1522 495 haec
1543 453 1586 494 in
1607 470 1712 510 qua-

291 543 391 573 tuor
420 542 552 572 castra
578 529 790 572 dividitur.
852 529 1053 584 Quatuor
1082 547 1267 588 namque
1298 543 1430 574 castra
1463 529 1713 572 describun-

291 619 359 650 tur
388 608 499 650 circa
528 608 850 648 tabernaculum
892 606 1071 649 Domini
1102 609 1262 664 posita,
1309 608 1415 650 sicut
1452 610 1634 650 refertur
1670 607 1714 648 in

288 685 560 740 Numeris.2)
619 684 675 725 Et
716 695 760 724 tu
795 699 893 735 ergo
925 683 959 724 si
989 700 1157 739 semper
1185 685 1347 737 vigiles,
1381 697 1419 725 et
1448 701 1615 740 semper
1644 701 1711 726 ar-

290 776 428 806 matus
458 761 525 812 sis,
557 773 596 802 et
626 759 729 800 scias
759 771 801 800 te
832 759 875 800 in
906 760 1048 801 castris
1079 761 1263 803 Domini
1292 761 1495 811 militare,
1535 763 1711 804 observa

286 841 395 882 illud
424 839 688 886 mandatum,
720 836 819 892 quia
851 853 1006 887 „nemo
1024 837 1070 892 ³)
1099 837 1282 880 militans
1312 839 1423 888 Deo,
1452 838 1644 895 impIIcat
1669 855 1714 882 se

287 915 468 969 negotiis
498 914 793 963 saecularibus,
824 925 870 954 ut
900 913 937 954 ei
967 913 1145 969 placeat,
1176 913 1243 955 cui
1272 930 1317 955 se
1337 915 1535 971 probavit
1548 922 1583 956 :“
1614 917 1712 971 quia

288 995 321 1036 si
352 995 408 1037 ita
439 991 602 1042 milites,
632 1004 679 1033 ut
709 1009 732 1033 a
762 992 888 1033 rebus
918 990 1204 1033 saecularibus
1243 991 1352 1033 liber
1380 992 1456 1042 sis,
1499 1004 1536 1034 et
1568 992 1611 1034 in
1643 1011 1713 1034 ca-

288 1072 381 1114 stris
411 1069 591 1111 Domini
621 1086 716 1121 agas
754 1084 923 1124 sempe-r
964 1068 1179 1118 excubias,
1225 1079 1265 1109 et
1306 1070 1360 1110 de
1401 1081 1443 1110 te
1482 1069 1711 1127 dicitur,⁴)

288 1149 387 1205 quia
415 1165 494 1205 per
522 1148 699 1188 verbum
731 1146 911 1188 Domini
942 1162 1060 1187 exeas
1092 1146 1145 1187 de
1175 1147 1342 1187 deserto
1375 1146 1474 1198 Sin,
1505 1159 1544 1188 et
1571 1148 1713 1191 venias

283 1228 327 1268 in
360 1225 590 1283 Raphidin.
647 1224 778 1274 „Sin“
809 1222 921 1264 enim
949 1223 1127 1264 tentatio
1157 1222 1480 1280 interpretatur3
1522 1224 1711 1280 „Raphi-

289 1304 395 1346 din“
432 1319 533 1345 vero
580 1300 732 1344 sanitas
772 1300 932 1358 judicii.
1009 1299 1096 1355 Qui
1135 1301 1247 1342 bene
1287 1300 1429 1356 exit⁵)
1480 1302 1536 1342 de
1574 1313 1711 1343 tenta-

285 1383 418 1433 tione,
449 1394 490 1423 et
520 1396 648 1436 quem
677 1377 856 1420 tentatio
886 1378 1158 1434 probabilem
1188 1378 1351 1429 reddit,
1387 1378 1464 1420 iste
1502 1379 1617 1421 venit
1656 1381 1711 1421 ad

285 1458 507 1501 sanitatem
536 1455 696 1513 judicii.
754 1455 804 1495 In
837 1454 906 1496 die
935 1454 1048 1496 euim
1079 1453 1226 1511 judicii
1254 1472 1380 1496 sanus
1411 1456 1501 1505 erit,
1532 1468 1572 1497 et
1599 1456 1712 1497 sani-

284 1551 345 1579 tas
377 1552 473 1578 cum
507 1551 558 1575 eo
592 1532 682 1583 erit,
714 1531 786 1588 qui
817 1532 861 1573 in
890 1530 1126 1572 tentatione
1154 1548 1245 1573 non
1285 1531 1414 1573 suerit
1442 1533 1708 1576 vulneratus:
1751 1556 1752 1562 ¹

283 1614 391 1656 sicut
422 1624 462 1653 et
490 1613 534 1654 in
568 1608 830 1666 Apocalypsi
858 1609 1063 1664 scriptum
1095 1621 1175 1650 est:
1212 1607 1313 1664 „qui
1330 1607 1376 1663 ⁶)
1417 1621 1559 1651 autem
1599 1610 1709 1652 vice-

282 1690 358 1742 rit,
403 1691 516 1732 dabo
556 1687 592 1729 ei
636 1688 690 1727 de
734 1687 849 1738 lIgno
891 1685 1017 1736 vitae,
1059 1687 1178 1741 quod
1219 1697 1278 1727 est
1315 1685 1359 1726 in
1399 1687 1596 1741 paradiso
1626 1688 1710 1730 Dei
1748 1710 1752 1714 >

281 1766 406 1810 mei.“
463 1764 591 1807 Venit
621 1780 718 1815 ergo
753 1763 806 1804 ad
835 1762 1055 1804 sanitatem
1087 1760 1246 1820 judicii,
1279 1763 1350 1818 qui
1380 1764 1491 1805 bene
1520 1762 1709 1821 disponit
1747 1791 1752 1802 ·

280 1859 497 1888 sermones
526 1857 625 1883 suos
654 1841 698 1881 in
728 1838 903 1897 judicio.

393 1915 434 1956 2.
464 1913 552 1955 Sed
583 1911 684 1967 quid
717 1921 789 1958 est,
822 1910 940 1965 quod
970 1908 1190 1965 sequitur?
1223 1909 1423 1966 ‚,Sitiit⁷)
1453 1911 1525 1960 ibi,
1556 1910 1706 1967 inquit,

279 1990 467 2048 populus
497 2004 665 2044 aquam,
697 1999 736 2028 et
765 1988 1094 2028 murmurabant
1123 1989 1345 2029 adversum
1377 1986 1575 2028 Mosen.“
1631 1989 1703 2029 Vi·
1744 2016 1750 2039 3

281 2071 431 2112 dentur
468 2068 647 2108 sortasse
686 2081 732 2106 ex
779 2065 998 2121 superfluo
1047 2064 1230 2114 dictum,
1277 2066 1394 2121 quod
1437 2064 1560 2115 dixit,
1606 2065 1704 2122 quia
1743 2101 1749 2117 2

277 2163 433 2204 aquam
462 2143 609 2186 sitierit
636 2141 836 2199 populus.
907 2141 1145 2183 suffecerat
1176 2141 1288 2182 enim
1321 2142 1481 2192 dicere,
1519 2142 1617 2198 quia
1648 2143 1701 2184 si·
1742 2177 1752 2187 ,Α

276 2224 364 2276 tiit,
393 2221 498 2280 quid
527 2237 636 2277 opus
666 2219 744 2261 fuit
772 2220 951 2269 addere,
982 2236 1136 2275 aquam
1167 2218 1294 2260 sitiit?
1335 2220 1436 2260 Non
1468 2231 1526 2261 est
1553 2236 1703 2276 super·
1743 2239 1752 2273 4·

277 2302 365 2344 flua
395 2298 589 2358 adjectiO.
649 2297 761 2339 Sunt
800 2297 910 2339 enim
953 2296 1137 2339 diversae
1168 2296 1283 2347 sites,
1330 2308 1369 2337 et
1402 2296 1701 2353 'unusquisque
1740 2318 1752 2339 ,ε

276 2380 406 2420 habet
433 2375 654 2434 propriam
684 2374 810 2417 sitim.
885 2374 973 2430 Qui
1012 2375 1124 2416 beati
1163 2386 1281 2424 sunt,
1331 2375 1566 2416 secundum
1604 2391 1698 2415 ver·
1739 2391 1752 2420 ς·

274 2459 380 2498 bum
396 2455 443 2512 8)
502 2451 696 2503 Domini,
727 2451 928 2503 esurIunt,
958 2462 998 2493 et
1027 2450 1232 2509 justitiam
1262 2449 1428 2492 sitiunt:
1461 2461 1502 2491 et
1532 2450 1603 2492 alii
1633 2453 1698 2494 ni·
1737 2452 1752 2512 12

1192 2514 1210 2530 ν

393 2644 436 2698 ¹)
467 2643 602 2683 Exod.
633 2642 769 2692 XVII,
799 2643 836 2684 1.
957 2640 1003 2697 ²)
1037 2639 1124 2682 Cfr.
1155 2640 1282 2680 Num.
1315 2654 1407 2695 cap.
1437 2639 1488 2681 Π.

390 2713 437 2769 ³)
470 2713 557 2754 Cfr.
588 2712 628 2752 II
659 2711 770 2754 Tim.
803 2711 854 2762 II,
885 2713 923 2755 4,
1042 2710 1088 2767 ⁴²)
1118 2709 1228 2751 Edd.
1258 2709 1455 2751 Merlini:
1489 2708 1662 2752 dicetur.

389 2782 436 2837 ⁵)
467 2782 576 2824 Edd.
608 2780 802 2823 Merlini:
835 2781 942 2822 exiit.
1064 2780 1110 2836 ὃ)
1142 2780 1278 2835 Apoc.
1309 2778 1362 2829 II,
1395 2781 1443 2823 7.-

387 2855 432 2910 7)
460 2853 597 2895 Exod.
628 2850 764 2902 XVH,
793 2852 832 2895 3.
952 2852 999 2908 8)
1031 2851 1117 2893 Cfr.
1148 2849 1301 2891 Matth.
1334 2849 1385 2899 V,
1416 2850 1455 2893 6.
