1752 3136
402 102 449 131 m
480 89 735 130 anrrxcmu
763 83 965 126 HommA
994 82 1086 124 vn.
1369 84 1455 127 291

43 202 170 258 „et¹)
199 201 422 245 inebriabo
451 199 663 256 populum
692 199 878 237 meum.“
941 194 998 235 Et
1026 192 1169 236 Esaias
1200 192 1322 234 dicit:
1362 209 1459 243 „ec-

42 279 167 334 ce‚²)
197 278 269 334 qui
299 277 484 321 serviunt
519 273 624 315 mihi
651 271 822 321 bibent,
861 287 935 312 vos
974 281 1115 312 autem
1152 269 1335 311 sitietis.“
1400 268 1457 309 Et

39 357 170 397 multa
203 356 256 396 de
284 349 578 410 hujuscemodi
608 349 808 391 ebrietate
836 347 882 389 in
915 345 1131 403 scripturis
1163 345 1312 388 divinis
1340 346 1457 388 inve·

40 433 129 473 nies
166 428 404 473 memorari.
478 425 601 480 Quae
645 425 823 467 ebrietas
863 425 953 467 sine
993 424 1127 466 dubio
1172 440 1253 479 pro
1300 423 1454 475 gaudio

42 508 220 557 animae,
248 518 289 548 et
317 503 468 546 laetitia
497 502 650 543 mentis
680 501 907 558 accipitur,
948 500 1057 542 sicut
1095 511 1135 540 et
1176 498 1278 540 alibi
1308 499 1456 540 distin-

41 585 144 626 xisse
171 600 249 625 nos
278 579 569 629 meminimus,
600 579 716 621 aliud
748 594 835 620 esse
861 589 990 620 nocte
1019 575 1243 626 inebriari,
1273 588 1311 617 et
1341 576 1457 617 aliud
1488 595 1497 607 ι

42 659 108 701 die
136 657 348 700 inebriari.
434 651 437 653 ’

152 736 188 777 2.
220 733 266 776 Si
297 750 394 787 ergo
425 731 728 781 intelleximus,
771 743 1015 773 sanctorum
1053 747 1161 787 quae
1189 729 1240 773 sit
1268 729 1459 780 ebrietas,

40 823 80 853 et
120 812 342 867 quomodo
383 810 488 851 haec
526 826 606 866 pro
646 808 801 850 laetitia
838 808 989 851 sanctis
1027 806 1072 849 in
1107 806 1459 864 promissionibus

39 889 176 937 datur,
206 888 421 929 videamus
450 903 580 936 nunc,
610 886 833 942 quomodo
866 885 1062 928 Salvator
1087 896 1233 927 noster
1272 901 1360 925 non
1393 883 1458 924 bi-

41 963 106 1006 bit
134 963 295 1014 vinum,
325 980 546 1020 usquequo
587 963 706 1004 bibat
743 963 852 1005 illud
897 977 995 1003 cum
1033 961 1185 1003 sanctis
1223 977 1384 1002 novum
1414 962 1459 1003 in

38 1057 171 1093 regno
202 1040 298 1082 Dei.
345 1041 541 1081 Salvator
562 1056 681 1081 meus
711 1039 825 1090 luget
856 1038 980 1080 etiam
1010 1053 1127 1080 nunc
1147 1050 1322 1093 peccata
1353 1053 1458 1078 mea.

38 1117 234 1159 Salvator
260 1133 378 1158 meus
408 1117 553 1158 laetari
580 1133 672 1158 non
702 1127 864 1172 potest,
920 1116 1061 1157 donec
1104 1129 1182 1167 ego
1221 1113 1265 1155 in
1305 1113 1461 1169 iniqui-

38 1204 124 1235 tate
151 1209 397 1250 permaneo.
456 1193 603 1248 Quare
631 1210 721 1234 non
750 1191 921 1249 potest?
973 1191 1087 1248 Quia
1116 1191 1211 1248 ipse
1240 1203 1299 1233 est
1328 1191 1460 1232 advo-

40 1281 156 1313 catus
196 1280 278 1327 pro
321 1269 504 1327 peccatis
547 1269 704 1311 nostris
747 1271 864 1326 apud
894 1280 1081 1326 patrem,
1124 1269 1232 1311 sicut
1272 1269 1462 1311 Joannes

40 1358 272 1406 symmysta
304 1346 392 1402 ejus
420 1345 761 1403 praenunciat3)
791 1347 957 1396 dicens,
998 1345 1095 1402 quia
1138 1346 1265 1400 „et⁴)
1305 1345 1340 1388 si
1371 1347 1462 1403 quis

39 1423 286 1481 peccaverit,
316 1424 571 1465 advocatum
601 1424 806 1465 habemus
838 1425 953 1479 apud
981 1434 1144 1478 patrem
1161 1423 1309 1465 Jesum
1337 1422 1462 1465 Chri-

42 1513 153 1543 stum
187 1499 366 1558 justum3
405 1511 446 1541 et
481 1500 572 1555 ipse
609 1510 669 1541 est
704 1497 1000 1555 repropitiatio
1040 1515 1122 1554 pro
1162 1500 1344 1556 peccatis
1380 1517 1462 1542 no-

43 1578 195 1620 stris.“.
231 1576 473 1631 Quomodo
507 1592 605 1629 ergo
634 1587 774 1632 potest
800 1575 892 1626 ille,
931 1576 1004 1631 qui
1035 1576 1264 1617 advocatus
1295 1587 1354 1618 est
1381 1592 1462 1631 pro

41 1654 225 1710 peccatis
251 1654 370 1703 meis,
399 1654 548 1694 bibere
577 1654 723 1695 vinum
754 1652 950 1702 laetitiae,
984 1668 1110 1709 quem
1136 1668 1212 1706 ego
1243 1653 1464 1709 peccando

18 1729 283 1783 ,conti-isto?
344 1729 583 1785 Quomodo
615 1740 756 1785 potest
784 1729 886 1778 iste,
930 1729 1004 1785 qui
1046 1729 1206 1770 accedit
1235 1730 1290 1770 ad
1322 1729 1467 1778 altare,

42 1820 90 1850 ut
118 1806 370 1864 rep'ropitiet
405 1823 476 1849 me
510 1817 806 1863 peccatorem,
846 1822 932 1847 esse
960 1805 1005 1847 in
1034 1806 1212 1856 laetitia,
1257 1806 1310 1847 ad
1338 1821 1466 1861 quem

43 1871 320 1942 peccatorum
351 1901 546 1926 meorum
576 1900 753 1925 moeror
793 1899 960 1939 semper
1004 1882 1253 1925 adscendit?
1312 1881 1467 1924 Vobis-

46 1978 156 2011 cum,
185 1953 401 2017 inquit,⁷⁵)
439 1962 548 2004 illud
579 1961 724 2002 bibam
753 1960 797 2001 in
829 1976 959 2014 regno
988 1960 1117 2016 patris
1146 1959 1242 2002 mei.
1301 1958 1466 2014 Quam-

47 2038 121 2080 diu
150 2055 230 2079 nos
259 2055 350 2079 non
380 2038 436 2079 ita
467 2037 640 2090 agimus,
669 2049 717 2079 ut
736 2039 1043 2079 adscendamus
1073 2038 1127 2078 ad
1157 2052 1350 2090 regnum,
1378 2052 1467 2078 nou

49 2126 191 2171 potest
220 2114 328 2155 illud
357 2115 502 2155 vinum
531 2115 678 2156 bibere
706 2117 834 2165 solus,
866 2115 984 2171 quod
1005 2115 1228 2156 nobiscum
1254 2130 1297 2155 se
1320 2112 1468 2154 bibere

45 2189 255 2249 promisit.
300 2190 375 2232 Est
404 2207 502 2244 ergo
532 2192 694 2234 tamdiu
716 2193 760 2234 in
785 2208 998 2242 moerore,
1029 2191 1231 2248 quamdiu
1260 2207 1339 2232 nos
1368 2206 1466 2246 per-

48 2268 226 2312 sistimus
264 2268 308 2310 in
348 2284 504 2313 errore.
593 2269 639 2310 Si
688 2269 801 2311 enim
846 2270 1077 2326 Apostolus
1121 2268 1251 2324 ipsius
1290 2268 1406 2319 luget
1421 2265 1466 2322 6)

52 2346 270 2401 quosdam,
303 2344 374 2401 qui
407 2357 502 2387 ante
530 2358 820 2401 peccaverunt,
851 2358 892 2388 et
920 2363 1012 2388 non
1042 2356 1217 2399 egerunt
1245 2342 1469 2400 poeniten-

50 2421 150 2463 tiam
179 2422 225 2474 iu
255 2423 332 2471 his,
363 2438 471 2478 quae
501 2434 725 2475 gesserunt,
755 2424 859 2479 quid
879 2423 1017 2466 dicam
1040 2425 1094 2466 de
1120 2421 1228 2479 ipso,
1260 2420 1332 2478 qui
1360 2420 1470 2462 filius

169 2540 214 2595 ¹)
244 2540 400 2581 Jerem.
431 2539 594 2589 XXXI,
625 2540 693 2585 14.
820 2542 867 2597 ²)
896 2542 1020 2586 Jesai.
1049 2542 1182 2593 LXV,
1209 2541 1275 2585 13-

168 2610 215 2665 ³)
245 2610 357 2652 Edd.
386 2610 582 2650 Merlini:
612 2611 880 2665 pronuntiat,

168 2679 214 2735 ⁴)
246 2681 264 2721 I
294 2683 450 2723 Joaun.
485 2679 537 2730 ll,
568 2684 605 2724 1.
635 2682 677 2724 2.

145 2749 214 2805 ,5)
249 2748 335 2791 Csr.
367 2749 518 2793 Matth.
548 2750 708 2799 XXVI,
737 2751 804 2795 29.

168 2819 215 2874 ⁶)
247 2818 334 2862 Csr.
363 2818 403 2860 ll
435 2819 534 2862 Cor.
565 2819 663 2871 XII,
693 2820 762 2866 21.

1120 2896 1211 2940 19*
