<?xml version="1.0" encoding="UTF-8"?>
<!DOCTYPE html PUBLIC "-//W3C//DTD XHTML 1.0 Transitional//EN"
    "http://www.w3.org/TR/xhtml1/DTD/xhtml1-transitional.dtd">
<html xmlns="http://www.w3.org/1999/xhtml" xml:lang="en" lang="en">
 <head>
  <title>
</title>
<meta http-equiv="Content-Type" content="text/html;charset=utf-8" />
  <meta name='ocr-system' content='tesseract 3.04.00' />
  <meta name='ocr-capabilities' content='ocr_page ocr_carea ocr_par ocr_line ocrx_word'/>
</head>
<body>
  <div class='ocr_page' id='page_1' title='image "./operaomniaquaegr09orig_0265.png"; bbox 0 0 1752 3136; ppageno 0'>
   <div class='ocr_carea' id='block_1_1' title="bbox 502 114 1526 167">
    <p class='ocr_par' dir='ltr' id='par_1_1' title="bbox 502 114 1526 167">
     <span class='ocr_line' id='line_1_1' title="bbox 502 114 1526 167; baseline 0.003 -10"><span class='ocrx_word' id='word_1_1' title='bbox 502 129 548 158; x_wconf 77' lang='lat' dir='ltr'>m</span> <span class='ocrx_word' id='word_1_2' title='bbox 578 117 833 167; x_wconf 64' lang='lat' dir='ltr'>Lssvrricum</span> <span class='ocrx_word' id='word_1_3' title='bbox 863 114 1061 157; x_wconf 80' lang='lat' dir='ltr'>HommA</span> <span class='ocrx_word' id='word_1_4' title='bbox 1083 115 1130 155; x_wconf 89' lang='lat' dir='ltr'>V.</span> <span class='ocrx_word' id='word_1_5' title='bbox 1440 117 1526 162; x_wconf 80' lang='lat'>253</span> 
     </span>
    </p>
   </div>
   <div class='ocr_carea' id='block_1_2' title="bbox 108 225 1536 2275">
    <p class='ocr_par' dir='ltr' id='par_1_2' title="bbox 108 225 1535 2202">
     <span class='ocr_line' id='line_1_2' title="bbox 112 225 1526 283; baseline 0.001 -13"><span class='ocrx_word' id='word_1_6' title='bbox 112 229 173 271; x_wconf 85' lang='lat' dir='ltr'>cia</span> <span class='ocrx_word' id='word_1_7' title='bbox 207 229 360 270; x_wconf 81' lang='lat' dir='ltr'>debere</span> <span class='ocrx_word' id='word_1_8' title='bbox 388 227 656 283; x_wconf 77' lang='lat' dir='ltr'>praeparari:</span> <span class='ocrx_word' id='word_1_9' title='bbox 684 227 728 267; x_wconf 88' lang='lat' dir='ltr'>in</span> <span class='ocrx_word' id='word_1_10' title='bbox 760 226 950 275; x_wconf 81' lang='lat' dir='ltr'>clibano,</span> <span class='ocrx_word' id='word_1_11' title='bbox 997 226 1041 266; x_wconf 85' lang='lat' dir='ltr'>in</span> <span class='ocrx_word' id='word_1_12' title='bbox 1069 225 1297 278; x_wconf 80' lang='lat' dir='ltr'>sartagine,</span> <span class='ocrx_word' id='word_1_13' title='bbox 1327 226 1369 268; x_wconf 81' lang='lat' dir='ltr'>in</span> <span class='ocrx_word' id='word_1_14' title='bbox 1402 230 1526 271; x_wconf 84' lang='lat' dir='ltr'>crati-</span> 
     </span>
     <span class='ocr_line' id='line_1_3' title="bbox 113 302 1524 360; baseline -0.001 -14"><span class='ocrx_word' id='word_1_15' title='bbox 113 307 219 355; x_wconf 85' lang='lat' dir='ltr'>cula,</span> <span class='ocrx_word' id='word_1_16' title='bbox 252 318 292 346; x_wconf 86' lang='lat' dir='ltr'>et</span> <span class='ocrx_word' id='word_1_17' title='bbox 319 317 440 360; x_wconf 90' lang='lat' dir='ltr'>puto,</span> <span class='ocrx_word' id='word_1_18' title='bbox 473 305 589 359; x_wconf 86' lang='lat' dir='ltr'>quod</span> <span class='ocrx_word' id='word_1_19' title='bbox 622 304 811 344; x_wconf 88' lang='lat' dir='ltr'>clibanus</span> <span class='ocrx_word' id='word_1_20' title='bbox 840 304 1077 343; x_wconf 87' lang='lat' dir='ltr'>secundum</span> <span class='ocrx_word' id='word_1_21' title='bbox 1109 302 1173 344; x_wconf 85' lang='lat' dir='ltr'>sui</span> <span class='ocrx_word' id='word_1_22' title='bbox 1204 303 1390 343; x_wconf 83' lang='lat' dir='ltr'>sormam</span> <span class='ocrx_word' id='word_1_23' title='bbox 1418 320 1524 358; x_wconf 86' lang='lat' dir='ltr'>pro-</span> 
     </span>
     <span class='ocr_line' id='line_1_4' title="bbox 112 377 1527 435; baseline -0.001 -12"><span class='ocrx_word' id='word_1_24' title='bbox 112 382 328 432; x_wconf 80' lang='lat' dir='ltr'>fundiora,</span> <span class='ocrx_word' id='word_1_25' title='bbox 360 393 399 422; x_wconf 89' lang='lat' dir='ltr'>et</span> <span class='ocrx_word' id='word_1_26' title='bbox 430 397 490 428; x_wconf 83' lang='lat' dir='ltr'>ea,</span> <span class='ocrx_word' id='word_1_27' title='bbox 520 396 627 435; x_wconf 88' lang='lat' dir='ltr'>quae</span> <span class='ocrx_word' id='word_1_28' title='bbox 656 391 752 420; x_wconf 87' lang='lat' dir='ltr'>sunt</span> <span class='ocrx_word' id='word_1_29' title='bbox 780 377 1092 428; x_wconf 77' lang='lat' dir='ltr'>inenarrabilia,</span> <span class='ocrx_word' id='word_1_30' title='bbox 1119 379 1323 431; x_wconf 76' lang='lat' dir='ltr'>significet</span> <span class='ocrx_word' id='word_1_31' title='bbox 1351 379 1395 420; x_wconf 86' lang='lat' dir='ltr'>in</span> <span class='ocrx_word' id='word_1_32' title='bbox 1425 381 1527 422; x_wconf 81' lang='lat' dir='ltr'>scri-</span> 
     </span>
     <span class='ocr_line' id='line_1_5' title="bbox 109 456 1526 512; baseline -0.001 -12"><span class='ocrx_word' id='word_1_33' title='bbox 109 459 244 511; x_wconf 82' lang='lat' dir='ltr'>pturis</span> <span class='ocrx_word' id='word_1_34' title='bbox 269 458 429 499; x_wconf 87' lang='lat' dir='ltr'>divinis.</span> <span class='ocrx_word' id='word_1_35' title='bbox 508 457 685 508; x_wconf 82' lang='lat' dir='ltr'>Sartago</span> <span class='ocrx_word' id='word_1_36' title='bbox 727 472 827 496; x_wconf 78' lang='lat' dir='ltr'>vero</span> <span class='ocrx_word' id='word_1_37' title='bbox 871 472 940 504; x_wconf 89' lang='lat' dir='ltr'>ea,</span> <span class='ocrx_word' id='word_1_38' title='bbox 987 470 1094 509; x_wconf 78' lang='lat' dir='ltr'>quae</span> <span class='ocrx_word' id='word_1_39' title='bbox 1132 456 1166 495; x_wconf 87' lang='lat' dir='ltr'>si</span> <span class='ocrx_word' id='word_1_40' title='bbox 1203 458 1448 512; x_wconf 82' lang='lat' dir='ltr'>frequenter</span> <span class='ocrx_word' id='word_1_41' title='bbox 1477 474 1526 499; x_wconf 81' lang='lat' dir='ltr'>ac</span> 
     </span>
     <span class='ocr_line' id='line_1_6' title="bbox 111 531 1528 590; baseline -0.001 -14"><span class='ocrx_word' id='word_1_42' title='bbox 111 552 233 590; x_wconf 82' lang='lat' dir='ltr'>saepe</span> <span class='ocrx_word' id='word_1_43' title='bbox 261 545 497 581; x_wconf 76' lang='lat' dir='ltr'>versentur,</span> <span class='ocrx_word' id='word_1_44' title='bbox 526 532 726 583; x_wconf 70' lang='lat' dir='ltr'>intelligi,</span> <span class='ocrx_word' id='word_1_45' title='bbox 766 545 804 573; x_wconf 81' lang='lat' dir='ltr'>et</span> <span class='ocrx_word' id='word_1_46' title='bbox 836 531 1032 586; x_wconf 79' lang='lat' dir='ltr'>explicari</span> <span class='ocrx_word' id='word_1_47' title='bbox 1064 543 1251 586; x_wconf 82' lang='lat' dir='ltr'>possunt.</span> <span class='ocrx_word' id='word_1_48' title='bbox 1314 531 1528 575; x_wconf 74' lang='lat' dir='ltr'>Craticula</span> 
     </span>
     <span class='ocr_line' id='line_1_7' title="bbox 111 608 1527 664; baseline 0 -12"><span class='ocrx_word' id='word_1_49' title='bbox 111 624 248 652; x_wconf 90' lang='lat' dir='ltr'>autem</span> <span class='ocrx_word' id='word_1_50' title='bbox 280 626 346 659; x_wconf 82' lang='lat' dir='ltr'>ea,</span> <span class='ocrx_word' id='word_1_51' title='bbox 387 625 493 663; x_wconf 87' lang='lat' dir='ltr'>quae</span> <span class='ocrx_word' id='word_1_52' title='bbox 521 611 661 664; x_wconf 82' lang='lat' dir='ltr'>palam</span> <span class='ocrx_word' id='word_1_53' title='bbox 693 621 810 658; x_wconf 88' lang='lat' dir='ltr'>sunt,</span> <span class='ocrx_word' id='word_1_54' title='bbox 853 620 892 649; x_wconf 82' lang='lat' dir='ltr'>et</span> <span class='ocrx_word' id='word_1_55' title='bbox 923 609 1080 664; x_wconf 79' lang='lat' dir='ltr'>absque</span> <span class='ocrx_word' id='word_1_56' title='bbox 1110 608 1250 664; x_wconf 83' lang='lat' dir='ltr'>aliqua</span> <span class='ocrx_word' id='word_1_57' title='bbox 1282 610 1527 652; x_wconf 72' lang='lat' dir='ltr'>obtectione</span> 
     </span>
     <span class='ocr_line' id='line_1_8' title="bbox 113 685 1526 741; baseline -0.001 -12"><span class='ocrx_word' id='word_1_58' title='bbox 113 699 354 729; x_wconf 80' lang='lat' dir='ltr'>cernuntur.</span> <span class='ocrx_word' id='word_1_59' title='bbox 429 686 659 741; x_wconf 77' lang='lat' dir='ltr'>Tripliccm</span> <span class='ocrx_word' id='word_1_60' title='bbox 705 702 891 741; x_wconf 85' lang='lat' dir='ltr'>namque</span> <span class='ocrx_word' id='word_1_61' title='bbox 930 686 974 726; x_wconf 83' lang='lat' dir='ltr'>in</span> <span class='ocrx_word' id='word_1_62' title='bbox 1016 685 1230 741; x_wconf 84' lang='lat' dir='ltr'>scripturis</span> <span class='ocrx_word' id='word_1_63' title='bbox 1271 686 1418 727; x_wconf 83' lang='lat' dir='ltr'>divinis</span> <span class='ocrx_word' id='word_1_64' title='bbox 1458 687 1526 728; x_wconf 82' lang='lat' dir='ltr'>in-</span> 
     </span>
     <span class='ocr_line' id='line_1_9' title="bbox 108 763 1530 818; baseline 0 -13"><span class='ocrx_word' id='word_1_65' title='bbox 108 764 362 816; x_wconf 80' lang='lat' dir='ltr'>telligentiae</span> <span class='ocrx_word' id='word_1_66' title='bbox 405 763 585 803; x_wconf 80' lang='lat' dir='ltr'>inveniri</span> <span class='ocrx_word' id='word_1_67' title='bbox 624 779 748 818; x_wconf 84' lang='lat' dir='ltr'>saepe</span> <span class='ocrx_word' id='word_1_68' title='bbox 790 763 968 804; x_wconf 78' lang='lat' dir='ltr'>diximus</span> <span class='ocrx_word' id='word_1_69' title='bbox 1015 764 1216 803; x_wconf 85' lang='lat' dir='ltr'>modum:</span> <span class='ocrx_word' id='word_1_70' title='bbox 1265 763 1530 814; x_wconf 77' lang='lat' dir='ltr'>historicum,</span> 
     </span>
     <span class='ocr_line' id='line_1_10' title="bbox 108 839 1531 897; baseline 0.001 -16"><span class='ocrx_word' id='word_1_71' title='bbox 108 842 343 892; x_wconf 82' lang='lat' dir='ltr'>moralem,</span> <span class='ocrx_word' id='word_1_72' title='bbox 385 851 425 879; x_wconf 88' lang='lat' dir='ltr'>et</span> <span class='ocrx_word' id='word_1_73' title='bbox 467 839 703 897; x_wconf 70' lang='lat' dir='ltr'>mysticum.</span> <span class='ocrx_word' id='word_1_74' title='bbox 781 840 909 880; x_wconf 86' lang='lat' dir='ltr'>Unde</span> <span class='ocrx_word' id='word_1_75' title='bbox 943 851 983 879; x_wconf 86' lang='lat' dir='ltr'>et</span> <span class='ocrx_word' id='word_1_76' title='bbox 1022 856 1176 894; x_wconf 86' lang='lat' dir='ltr'>corpus</span> <span class='ocrx_word' id='word_1_77' title='bbox 1206 840 1339 881; x_wconf 85' lang='lat' dir='ltr'>inesse</span> <span class='ocrx_word' id='word_1_78' title='bbox 1381 840 1440 891; x_wconf 84' lang='lat' dir='ltr'>ei,</span> <span class='ocrx_word' id='word_1_79' title='bbox 1490 853 1531 882; x_wconf 91' lang='lat' dir='ltr'>et</span> 
     </span>
     <span class='ocr_line' id='line_1_11' title="bbox 112 914 1527 973; baseline 0.001 -15"><span class='ocrx_word' id='word_1_80' title='bbox 112 920 317 966; x_wconf 85' lang='lat' dir='ltr'>animam,</span> <span class='ocrx_word' id='word_1_81' title='bbox 376 933 424 957; x_wconf 86' lang='lat' dir='ltr'>ac</span> <span class='ocrx_word' id='word_1_82' title='bbox 481 916 675 972; x_wconf 87' lang='lat' dir='ltr'>spiritum</span> <span class='ocrx_word' id='word_1_83' title='bbox 715 916 1007 958; x_wconf 75' lang='lat' dir='ltr'>intelleximus.</span> <span class='ocrx_word' id='word_1_84' title='bbox 1106 914 1236 973; x_wconf 80' lang='lat' dir='ltr'>Cujus</span> <span class='ocrx_word' id='word_1_85' title='bbox 1289 917 1527 969; x_wconf 82' lang='lat' dir='ltr'>intelligen-</span> 
     </span>
     <span class='ocr_line' id='line_1_12' title="bbox 111 993 1529 1050; baseline 0.001 -15"><span class='ocrx_word' id='word_1_86' title='bbox 111 996 195 1036; x_wconf 82' lang='lat' dir='ltr'>tiae</span> <span class='ocrx_word' id='word_1_87' title='bbox 223 993 430 1048; x_wconf 76' lang='lat' dir='ltr'>triplicem</span> <span class='ocrx_word' id='word_1_88' title='bbox 461 993 671 1042; x_wconf 86' lang='lat' dir='ltr'>sormam,</span> <span class='ocrx_word' id='word_1_89' title='bbox 719 993 1022 1034; x_wconf 80' lang='lat' dir='ltr'>sacrificiorum</span> <span class='ocrx_word' id='word_1_90' title='bbox 1048 993 1197 1048; x_wconf 83' lang='lat' dir='ltr'>triplex</span> <span class='ocrx_word' id='word_1_91' title='bbox 1235 993 1306 1034; x_wconf 85' lang='lat' dir='ltr'>hic</span> <span class='ocrx_word' id='word_1_92' title='bbox 1346 1011 1529 1050; x_wconf 81' lang='lat' dir='ltr'>appara-</span> 
     </span>
     <span class='ocr_line' id='line_1_13' title="bbox 112 1069 1530 1118; baseline 0.001 -7"><span class='ocrx_word' id='word_1_93' title='bbox 112 1084 178 1113; x_wconf 84' lang='lat' dir='ltr'>tus</span> <span class='ocrx_word' id='word_1_94' title='bbox 228 1070 422 1111; x_wconf 82' lang='lat' dir='ltr'>ostendit.</span> <span class='ocrx_word' id='word_1_95' title='bbox 515 1070 601 1110; x_wconf 86' lang='lat' dir='ltr'>Sed</span> <span class='ocrx_word' id='word_1_96' title='bbox 633 1081 671 1109; x_wconf 88' lang='lat' dir='ltr'>et</span> <span class='ocrx_word' id='word_1_97' title='bbox 709 1069 809 1110; x_wconf 83' lang='lat' dir='ltr'>alibi</span> <span class='ocrx_word' id='word_1_98' title='bbox 847 1069 1106 1118; x_wconf 85' lang='lat' dir='ltr'>invenimus,</span> <span class='ocrx_word' id='word_1_99' title='bbox 1156 1071 1201 1112; x_wconf 85' lang='lat' dir='ltr'>id</span> <span class='ocrx_word' id='word_1_100' title='bbox 1252 1082 1331 1118; x_wconf 82' lang='lat' dir='ltr'>est,</span> <span class='ocrx_word' id='word_1_101' title='bbox 1381 1072 1426 1111; x_wconf 84' lang='lat' dir='ltr'>in</span> <span class='ocrx_word' id='word_1_102' title='bbox 1465 1071 1530 1114; x_wconf 81' lang='lat' dir='ltr'>his</span> 
     </span>
     <span class='ocr_line' id='line_1_14' title="bbox 110 1132 1530 1204; baseline 0 -15"><span class='ocrx_word' id='word_1_103' title='bbox 110 1148 220 1204; x_wconf 87' lang='lat' dir='ltr'>ipsis,</span> <span class='ocrx_word' id='word_1_104' title='bbox 258 1164 364 1203; x_wconf 83' lang='lat' dir='ltr'>quae</span> <span class='ocrx_word' id='word_1_105' title='bbox 394 1147 447 1186; x_wconf 81' lang='lat' dir='ltr'>de</span> <span class='ocrx_word' id='word_1_106' title='bbox 475 1132 686 1186; x_wconf 74' lang='lat' dir='ltr'>s‘acrificiis</span> <span class='ocrx_word' id='word_1_107' title='bbox 715 1158 1030 1196; x_wconf 77' lang='lat' dir='ltr'>memorantur,</span> <span class='ocrx_word' id='word_1_108' title='bbox 1063 1147 1147 1187; x_wconf 82' lang='lat' dir='ltr'>dici</span> <span class='ocrx_word' id='word_1_109' title='bbox 1177 1148 1402 1188; x_wconf 77' lang='lat' dir='ltr'>canistrum</span> <span class='ocrx_word' id='word_1_110' title='bbox 1433 1166 1530 1190; x_wconf 85' lang='lat' dir='ltr'>san-</span> 
     </span>
     <span class='ocr_line' id='line_1_15' title="bbox 114 1221 1531 1279; baseline 0.001 -14"><span class='ocrx_word' id='word_1_111' title='bbox 114 1238 227 1266; x_wconf 87' lang='lat' dir='ltr'>ctum</span> <span class='ocrx_word' id='word_1_112' title='bbox 255 1221 549 1279; x_wconf 78' lang='lat' dir='ltr'>perfectionis,</span> <span class='ocrx_word' id='word_1_113' title='bbox 596 1222 641 1262; x_wconf 80' lang='lat' dir='ltr'>in</span> <span class='ocrx_word' id='word_1_114' title='bbox 681 1238 767 1277; x_wconf 83' lang='lat' dir='ltr'>quo</span> <span class='ocrx_word' id='word_1_115' title='bbox 807 1234 892 1264; x_wconf 84' lang='lat' dir='ltr'>tres</span> <span class='ocrx_word' id='word_1_116' title='bbox 920 1240 1049 1279; x_wconf 86' lang='lat' dir='ltr'>panes</span> <span class='ocrx_word' id='word_1_117' title='bbox 1080 1225 1229 1265; x_wconf 83' lang='lat' dir='ltr'>haberi</span> <span class='ocrx_word' id='word_1_118' title='bbox 1259 1227 1531 1268; x_wconf 79' lang='lat' dir='ltr'>mandantur.</span> 
     </span>
     <span class='ocr_line' id='line_1_16' title="bbox 111 1299 1532 1345; baseline 0.002 -3"><span class='ocrx_word' id='word_1_119' title='bbox 111 1303 240 1342; x_wconf 85' lang='lat' dir='ltr'>Vides</span> <span class='ocrx_word' id='word_1_120' title='bbox 287 1315 523 1341; x_wconf 85' lang='lat' dir='ltr'>consonare</span> <span class='ocrx_word' id='word_1_121' title='bbox 569 1299 647 1341; x_wconf 75' lang='lat' dir='ltr'>sihi</span> <span class='ocrx_word' id='word_1_122' title='bbox 686 1313 1050 1341; x_wconf 81' lang='lat' dir='ltr'>sacramentorum</span> <span class='ocrx_word' id='word_1_123' title='bbox 1097 1302 1291 1342; x_wconf 88' lang='lat' dir='ltr'>omnium</span> <span class='ocrx_word' id='word_1_124' title='bbox 1339 1302 1532 1345; x_wconf 82' lang='lat' dir='ltr'>formas?</span> 
     </span>
     <span class='ocr_line' id='line_1_17' title="bbox 114 1376 1531 1435; baseline 0.001 -15"><span class='ocrx_word' id='word_1_125' title='bbox 114 1378 356 1420; x_wconf 81' lang='lat' dir='ltr'>Canistrum</span> <span class='ocrx_word' id='word_1_126' title='bbox 385 1376 684 1432; x_wconf 85' lang='lat' dir='ltr'>perfectionis,</span> <span class='ocrx_word' id='word_1_127' title='bbox 712 1376 755 1416; x_wconf 85' lang='lat' dir='ltr'>in</span> <span class='ocrx_word' id='word_1_128' title='bbox 789 1393 874 1432; x_wconf 85' lang='lat' dir='ltr'>quo</span> <span class='ocrx_word' id='word_1_129' title='bbox 907 1390 987 1419; x_wconf 90' lang='lat' dir='ltr'>tres</span> <span class='ocrx_word' id='word_1_130' title='bbox 1018 1396 1148 1434; x_wconf 76' lang='lat' dir='ltr'>panes</span> <span class='ocrx_word' id='word_1_131' title='bbox 1178 1380 1283 1433; x_wconf 80' lang='lat' dir='ltr'>poni</span> <span class='ocrx_word' id='word_1_132' title='bbox 1314 1378 1531 1435; x_wconf 76' lang='lat' dir='ltr'>jubentur,</span> 
     </span>
     <span class='ocr_line' id='line_1_18' title="bbox 115 1452 1531 1512; baseline 0.001 -16"><span class='ocrx_word' id='word_1_133' title='bbox 115 1455 215 1512; x_wconf 87' lang='lat' dir='ltr'>quid</span> <span class='ocrx_word' id='word_1_134' title='bbox 248 1455 363 1495; x_wconf 88' lang='lat' dir='ltr'>aliud</span> <span class='ocrx_word' id='word_1_135' title='bbox 396 1454 599 1494; x_wconf 81' lang='lat' dir='ltr'>debemus</span> <span class='ocrx_word' id='word_1_136' title='bbox 633 1452 843 1508; x_wconf 78' lang='lat' dir='ltr'>accipere,</span> <span class='ocrx_word' id='word_1_137' title='bbox 882 1454 962 1495; x_wconf 82' lang='lat' dir='ltr'>nisi</span> <span class='ocrx_word' id='word_1_138' title='bbox 993 1455 1222 1510; x_wconf 86' lang='lat' dir='ltr'>scripturas</span> <span class='ocrx_word' id='word_1_139' title='bbox 1254 1455 1439 1509; x_wconf 78' lang='lat' dir='ltr'>divinas,</span> <span class='ocrx_word' id='word_1_140' title='bbox 1471 1458 1531 1498; x_wconf 86' lang='lat' dir='ltr'>ci-</span> 
     </span>
     <span class='ocr_line' id='line_1_19' title="bbox 111 1528 1532 1586; baseline 0.003 -15"><span class='ocrx_word' id='word_1_141' title='bbox 111 1534 192 1574; x_wconf 86' lang='lat' dir='ltr'>bos</span> <span class='ocrx_word' id='word_1_142' title='bbox 237 1528 502 1571; x_wconf 80' lang='lat' dir='ltr'>auditoribus</span> <span class='ocrx_word' id='word_1_143' title='bbox 543 1528 765 1584; x_wconf 84' lang='lat' dir='ltr'>tripliciter</span> <span class='ocrx_word' id='word_1_144' title='bbox 804 1530 1094 1586; x_wconf 78' lang='lat' dir='ltr'>apponentes?</span> <span class='ocrx_word' id='word_1_145' title='bbox 1159 1533 1231 1573; x_wconf 84' lang='lat' dir='ltr'>Vis</span> <span class='ocrx_word' id='word_1_146' title='bbox 1280 1533 1357 1573; x_wconf 86' lang='lat' dir='ltr'>tibi</span> <span class='ocrx_word' id='word_1_147' title='bbox 1398 1545 1437 1574; x_wconf 88' lang='lat' dir='ltr'>et</span> <span class='ocrx_word' id='word_1_148' title='bbox 1478 1537 1532 1576; x_wconf 87' lang='lat' dir='ltr'>de</span> 
     </span>
     <span class='ocr_line' id='line_1_20' title="bbox 113 1605 1533 1664; baseline 0.002 -16"><span class='ocrx_word' id='word_1_149' title='bbox 113 1606 348 1658; x_wconf 74' lang='lat' dir='ltr'>Evangeliis</span> <span class='ocrx_word' id='word_1_150' title='bbox 387 1605 531 1646; x_wconf 88' lang='lat' dir='ltr'>similis</span> <span class='ocrx_word' id='word_1_151' title='bbox 560 1605 745 1663; x_wconf 75' lang='lat' dir='ltr'>mysterii</span> <span class='ocrx_word' id='word_1_152' title='bbox 786 1608 1052 1662; x_wconf 81' lang='lat' dir='ltr'>proferamus</span> <span class='ocrx_word' id='word_1_153' title='bbox 1091 1609 1314 1664; x_wconf 79' lang='lat' dir='ltr'>exempla?</span> <span class='ocrx_word' id='word_1_154' title='bbox 1348 1610 1533 1652; x_wconf 79' lang='lat' dir='ltr'>Recola-</span> 
     </span>
     <span class='ocr_line' id='line_1_21' title="bbox 112 1681 1534 1739; baseline 0.004 -16"><span class='ocrx_word' id='word_1_155' title='bbox 112 1704 205 1727; x_wconf 86' lang='lat' dir='ltr'>mus</span> <span class='ocrx_word' id='word_1_156' title='bbox 236 1681 416 1724; x_wconf 84' lang='lat' dir='ltr'>Domini</span> <span class='ocrx_word' id='word_1_157' title='bbox 445 1699 608 1731; x_wconf 83' lang='lat' dir='ltr'>vocem,</span> <span class='ocrx_word' id='word_1_158' title='bbox 637 1682 712 1722; x_wconf 88' lang='lat' dir='ltr'>ubi</span> <span class='ocrx_word' id='word_1_159' title='bbox 743 1682 865 1732; x_wconf 75' lang='lat' dir='ltr'>dicit,</span> <span class='ocrx_word' id='word_1_160' title='bbox 906 1683 1000 1737; x_wconf 89' lang='lat' dir='ltr'>quia</span> <span class='ocrx_word' id='word_1_161' title='bbox 1033 1684 1233 1739; x_wconf 79' lang='lat' dir='ltr'>media1)</span> <span class='ocrx_word' id='word_1_162' title='bbox 1265 1698 1393 1727; x_wconf 83' lang='lat' dir='ltr'>nocte</span> <span class='ocrx_word' id='word_1_163' title='bbox 1421 1689 1534 1730; x_wconf 83' lang='lat' dir='ltr'>venit</span> 
     </span>
     <span class='ocr_line' id='line_1_22' title="bbox 116 1759 1532 1819; baseline 0.001 -16"><span class='ocrx_word' id='word_1_164' title='bbox 116 1763 288 1819; x_wconf 81' lang='lat' dir='ltr'>quidam</span> <span class='ocrx_word' id='word_1_165' title='bbox 320 1761 372 1800; x_wconf 88' lang='lat' dir='ltr'>ad</span> <span class='ocrx_word' id='word_1_166' title='bbox 412 1759 597 1799; x_wconf 85' lang='lat' dir='ltr'>amicum</span> <span class='ocrx_word' id='word_1_167' title='bbox 638 1775 760 1799; x_wconf 85' lang='lat' dir='ltr'>suum</span> <span class='ocrx_word' id='word_1_168' title='bbox 800 1760 974 1814; x_wconf 83' lang='lat' dir='ltr'>pulsans</span> <span class='ocrx_word' id='word_1_169' title='bbox 1015 1760 1167 1801; x_wconf 86' lang='lat' dir='ltr'>ostium</span> <span class='ocrx_word' id='word_1_170' title='bbox 1208 1760 1318 1818; x_wconf 81' lang='lat' dir='ltr'>ejus,</span> <span class='ocrx_word' id='word_1_171' title='bbox 1365 1774 1405 1804; x_wconf 81' lang='lat' dir='ltr'>et</span> <span class='ocrx_word' id='word_1_172' title='bbox 1451 1766 1532 1807; x_wconf 85' lang='lat' dir='ltr'>ait:</span> 
     </span>
     <span class='ocr_line' id='line_1_23' title="bbox 117 1835 1534 1893; baseline 0.001 -12"><span class='ocrx_word' id='word_1_173' title='bbox 117 1838 360 1893; x_wconf 80' lang='lat' dir='ltr'>„amice,²)</span> <span class='ocrx_word' id='word_1_174' title='bbox 400 1837 628 1877; x_wconf 83' lang='lat' dir='ltr'>commoda</span> <span class='ocrx_word' id='word_1_175' title='bbox 667 1835 772 1876; x_wconf 89' lang='lat' dir='ltr'>mihi</span> <span class='ocrx_word' id='word_1_176' title='bbox 812 1847 892 1877; x_wconf 86' lang='lat' dir='ltr'>tres</span> <span class='ocrx_word' id='word_1_177' title='bbox 934 1853 1087 1891; x_wconf 86' lang='lat' dir='ltr'>panes,</span> <span class='ocrx_word' id='word_1_178' title='bbox 1133 1841 1336 1893; x_wconf 81' lang='lat' dir='ltr'>quoniam</span> <span class='ocrx_word' id='word_1_179' title='bbox 1376 1840 1534 1884; x_wconf 80' lang='lat' dir='ltr'>amicus</span> 
     </span>
     <span class='ocr_line' id='line_1_24' title="bbox 115 1913 1534 1973; baseline 0.001 -16"><span class='ocrx_word' id='word_1_180' title='bbox 115 1915 219 1958; x_wconf 80' lang='lat' dir='ltr'>mihi</span> <span class='ocrx_word' id='word_1_181' title='bbox 249 1913 489 1971; x_wconf 82' lang='lat' dir='ltr'>supervenit</span> <span class='ocrx_word' id='word_1_182' title='bbox 519 1914 571 1953; x_wconf 88' lang='lat' dir='ltr'>de</span> <span class='ocrx_word' id='word_1_183' title='bbox 603 1913 691 1962; x_wconf 80' lang='lat' dir='ltr'>via,</span> <span class='ocrx_word' id='word_1_184' title='bbox 728 1924 768 1953; x_wconf 87' lang='lat' dir='ltr'>ct</span> <span class='ocrx_word' id='word_1_185' title='bbox 808 1930 900 1954; x_wconf 88' lang='lat' dir='ltr'>non</span> <span class='ocrx_word' id='word_1_186' title='bbox 930 1914 1069 1954; x_wconf 85' lang='lat' dir='ltr'>habeo</span> <span class='ocrx_word' id='word_1_187' title='bbox 1102 1916 1220 1970; x_wconf 86' lang='lat' dir='ltr'>quod</span> <span class='ocrx_word' id='word_1_188' title='bbox 1239 1915 1284 1970; x_wconf 78' lang='lat'>3)</span> <span class='ocrx_word' id='word_1_189' title='bbox 1316 1918 1534 1973; x_wconf 79' lang='lat' dir='ltr'>adponam</span> 
     </span>
     <span class='ocr_line' id='line_1_25' title="bbox 119 1989 1531 2046; baseline 0.002 -13"><span class='ocrx_word' id='word_1_190' title='bbox 119 1993 194 2033; x_wconf 84' lang='lat' dir='ltr'>ei.“</span> <span class='ocrx_word' id='word_1_191' title='bbox 253 1992 302 2031; x_wconf 86' lang='lat' dir='ltr'>In</span> <span class='ocrx_word' id='word_1_192' title='bbox 334 1989 498 2046; x_wconf 83' lang='lat' dir='ltr'>quibus,</span> <span class='ocrx_word' id='word_1_193' title='bbox 528 2001 575 2030; x_wconf 84' lang='lat' dir='ltr'>ut</span> <span class='ocrx_word' id='word_1_194' title='bbox 602 1990 787 2030; x_wconf 80' lang='lat' dir='ltr'>breviter</span> <span class='ocrx_word' id='word_1_195' title='bbox 815 1989 1169 2044; x_wconf 80' lang='lat' dir='ltr'>perstringamus,</span> <span class='ocrx_word' id='word_1_196' title='bbox 1207 2009 1292 2032; x_wconf 80' lang='lat' dir='ltr'>nox</span> <span class='ocrx_word' id='word_1_197' title='bbox 1335 2006 1395 2034; x_wconf 87' lang='lat' dir='ltr'>est</span> <span class='ocrx_word' id='word_1_198' title='bbox 1422 2006 1531 2036; x_wconf 85' lang='lat' dir='ltr'>tem-</span> 
     </span>
     <span class='ocr_line' id='line_1_26' title="bbox 117 2067 1534 2125; baseline 0.002 -15"><span class='ocrx_word' id='word_1_199' title='bbox 117 2087 195 2125; x_wconf 86' lang='lat' dir='ltr'>pus</span> <span class='ocrx_word' id='word_1_200' title='bbox 225 2069 310 2108; x_wconf 86' lang='lat' dir='ltr'>hoc</span> <span class='ocrx_word' id='word_1_201' title='bbox 338 2067 466 2117; x_wconf 81' lang='lat' dir='ltr'>vitae,</span> <span class='ocrx_word' id='word_1_202' title='bbox 504 2079 543 2107; x_wconf 87' lang='lat' dir='ltr'>et</span> <span class='ocrx_word' id='word_1_203' title='bbox 579 2078 661 2108; x_wconf 87' lang='lat' dir='ltr'>tres</span> <span class='ocrx_word' id='word_1_204' title='bbox 691 2083 821 2122; x_wconf 83' lang='lat' dir='ltr'>panes</span> <span class='ocrx_word' id='word_1_205' title='bbox 851 2078 971 2116; x_wconf 84' lang='lat' dir='ltr'>sunt,</span> <span class='ocrx_word' id='word_1_206' title='bbox 1008 2084 1142 2117; x_wconf 90' lang='lat' dir='ltr'>unus,</span> <span class='ocrx_word' id='word_1_207' title='bbox 1172 2069 1244 2123; x_wconf 81' lang='lat' dir='ltr'>qui</span> <span class='ocrx_word' id='word_1_208' title='bbox 1272 2069 1318 2110; x_wconf 85' lang='lat' dir='ltr'>in</span> <span class='ocrx_word' id='word_1_209' title='bbox 1349 2071 1534 2123; x_wconf 82' lang='lat' dir='ltr'>clibano,</span> 
     </span>
     <span class='ocr_line' id='line_1_27' title="bbox 120 2143 1535 2202; baseline 0.001 -15"><span class='ocrx_word' id='word_1_210' title='bbox 120 2146 236 2194; x_wconf 80' lang='lat' dir='ltr'>alius,</span> <span class='ocrx_word' id='word_1_211' title='bbox 267 2144 339 2199; x_wconf 87' lang='lat' dir='ltr'>qui</span> <span class='ocrx_word' id='word_1_212' title='bbox 368 2143 412 2184; x_wconf 85' lang='lat' dir='ltr'>in</span> <span class='ocrx_word' id='word_1_213' title='bbox 443 2143 671 2195; x_wconf 74' lang='lat' dir='ltr'>sartagine,</span> <span class='ocrx_word' id='word_1_214' title='bbox 710 2143 874 2193; x_wconf 88' lang='lat' dir='ltr'>tertius,</span> <span class='ocrx_word' id='word_1_215' title='bbox 916 2144 987 2199; x_wconf 89' lang='lat' dir='ltr'>qui</span> <span class='ocrx_word' id='word_1_216' title='bbox 1015 2144 1059 2184; x_wconf 85' lang='lat' dir='ltr'>in</span> <span class='ocrx_word' id='word_1_217' title='bbox 1092 2144 1290 2186; x_wconf 83' lang='lat' dir='ltr'>craticula</span> <span class='ocrx_word' id='word_1_218' title='bbox 1323 2147 1535 2202; x_wconf 73' lang='lat' dir='ltr'>coquitur,</span> 
     </span>
    </p>

    <p class='ocr_par' dir='ltr' id='par_1_3' title="bbox 229 2219 1536 2275">
     <span class='ocr_line' id='line_1_28' title="bbox 229 2219 1536 2275; baseline 0.003 -14"><span class='ocrx_word' id='word_1_219' title='bbox 229 2224 267 2265; x_wconf 83' lang='lat'>6.</span> <span class='ocrx_word' id='word_1_220' title='bbox 302 2221 401 2261; x_wconf 85' lang='lat' dir='ltr'>Post</span> <span class='ocrx_word' id='word_1_221' title='bbox 431 2220 533 2260; x_wconf 87' lang='lat' dir='ltr'>haec</span> <span class='ocrx_word' id='word_1_222' title='bbox 561 2219 720 2274; x_wconf 81' lang='lat' dir='ltr'>inquit:</span> <span class='ocrx_word' id='word_1_223' title='bbox 765 2232 832 2269; x_wconf 89' lang='lat' dir='ltr'>„et</span> <span class='ocrx_word' id='word_1_224' title='bbox 846 2219 891 2275; x_wconf 73' lang='lat'>4)</span> <span class='ocrx_word' id='word_1_225' title='bbox 936 2237 1064 2261; x_wconf 90' lang='lat' dir='ltr'>omne</span> <span class='ocrx_word' id='word_1_226' title='bbox 1093 2221 1346 2262; x_wconf 84' lang='lat' dir='ltr'>sacrificium</span> <span class='ocrx_word' id='word_1_227' title='bbox 1375 2224 1536 2266; x_wconf 83' lang='lat' dir='ltr'>factum</span> 
     </span>
    </p>
   </div>
   <div class='ocr_carea' id='block_1_3' title="bbox 116 2286 1533 2353">
    <p class='ocr_par' dir='ltr' id='par_1_4' title="bbox 116 2286 1533 2353">
     <span class='ocr_line' id='line_1_29' title="bbox 116 2286 1533 2353; baseline 0.001 -12"><span class='ocrx_word' id='word_1_228' title='bbox 116 2301 161 2341; x_wconf 83' lang='lat' dir='ltr'>in</span> <span class='ocrx_word' id='word_1_229' title='bbox 194 2300 304 2348; x_wconf 85' lang='lat' dir='ltr'>oleo,</span> <span class='ocrx_word' id='word_1_230' title='bbox 333 2299 416 2339; x_wconf 76' lang='lat' dir='ltr'>sive</span> <span class='ocrx_word' id='word_1_231' title='bbox 448 2313 538 2336; x_wconf 88' lang='lat' dir='ltr'>non</span> <span class='ocrx_word' id='word_1_232' title='bbox 567 2297 737 2347; x_wconf 83' lang='lat' dir='ltr'>factum,</span> <span class='ocrx_word' id='word_1_233' title='bbox 768 2297 967 2338; x_wconf 82' lang='lat' dir='ltr'>omnibus</span> <span class='ocrx_word' id='word_1_234' title='bbox 1001 2286 1094 2338; x_wconf 79' lang='lat' dir='ltr'>filii&#39;s</span> <span class='ocrx_word' id='word_1_235' title='bbox 1112 2300 1256 2339; x_wconf 83' lang='lat' dir='ltr'>Aaron</span> <span class='ocrx_word' id='word_1_236' title='bbox 1281 2298 1358 2340; x_wconf 87' lang='lat' dir='ltr'>erit</span> <span class='ocrx_word' id='word_1_237' title='bbox 1374 2300 1418 2353; x_wconf 82' lang='lat'>⁵)</span> <span class='ocrx_word' id='word_1_238' title='bbox 1447 2301 1533 2343; x_wconf 87' lang='lat' dir='ltr'>sin-</span> 
     </span>
    </p>
   </div>
   <div class='ocr_carea' id='block_1_4' title="bbox 122 2414 1533 2526">
    <p class='ocr_par' dir='ltr' id='par_1_5' title="bbox 122 2414 1533 2526">
     <span class='ocr_line' id='line_1_30' title="bbox 239 2414 1533 2476; baseline 0.003 -19"><span class='ocrx_word' id='word_1_239' title='bbox 239 2417 282 2470; x_wconf 88' lang='lat'>¹)</span> <span class='ocrx_word' id='word_1_240' title='bbox 315 2416 424 2457; x_wconf 87' lang='lat' dir='ltr'>Cod.</span> <span class='ocrx_word' id='word_1_241' title='bbox 457 2414 730 2466; x_wconf 80' lang='lat' dir='ltr'>Sangerman.</span> <span class='ocrx_word' id='word_1_242' title='bbox 761 2416 927 2464; x_wconf 81' lang='lat' dir='ltr'>„media</span> <span class='ocrx_word' id='word_1_243' title='bbox 955 2421 1122 2457; x_wconf 85' lang='lat' dir='ltr'>nocte.“</span> <span class='ocrx_word' id='word_1_244' title='bbox 1188 2415 1304 2458; x_wconf 84' lang='lat' dir='ltr'>Libri</span> <span class='ocrx_word' id='word_1_245' title='bbox 1345 2418 1444 2461; x_wconf 89' lang='lat' dir='ltr'>editi</span> <span class='ocrx_word' id='word_1_246' title='bbox 1473 2419 1533 2476; x_wconf 77' lang='lat' dir='ltr'>(v.</span> 
     </span>
     <span class='ocr_line' id='line_1_31' title="bbox 122 2472 897 2526; baseline -0.003 -11"><span class='ocrx_word' id='word_1_247' title='bbox 122 2491 153 2516; x_wconf 90' lang='lat' dir='ltr'>e.</span> <span class='ocrx_word' id='word_1_248' title='bbox 186 2475 282 2516; x_wconf 87' lang='lat' dir='ltr'>edd.</span> <span class='ocrx_word' id='word_1_249' title='bbox 308 2472 416 2526; x_wconf 82' lang='lat' dir='ltr'><strong>M.):</strong></span> <span class='ocrx_word' id='word_1_250' title='bbox 450 2472 618 2521; x_wconf 85' lang='lat' dir='ltr'>„medio</span> <span class='ocrx_word' id='word_1_251' title='bbox 649 2472 822 2513; x_wconf 82' lang='lat' dir='ltr'>noctis.“</span> <span class='ocrx_word' id='word_1_252' title='bbox 847 2473 897 2513; x_wconf 88' lang='lat' dir='ltr'>R.</span> 
     </span>
    </p>
   </div>
   <div class='ocr_carea' id='block_1_5' title="bbox 237 2541 655 2597">
    <p class='ocr_par' dir='ltr' id='par_1_6' title="bbox 237 2541 655 2597">
     <span class='ocr_line' id='line_1_32' title="bbox 237 2541 655 2597; baseline -0.007 -15"><span class='ocrx_word' id='word_1_253' title='bbox 237 2543 282 2597; x_wconf 80' lang='lat'>2)</span> <span class='ocrx_word' id='word_1_254' title='bbox 312 2543 413 2582; x_wconf 73' lang='lat' dir='ltr'><strong>Luc.</strong></span> <span class='ocrx_word' id='word_1_255' title='bbox 443 2541 519 2590; x_wconf 84' lang='lat' dir='ltr'>XI,</span> <span class='ocrx_word' id='word_1_256' title='bbox 548 2543 586 2583; x_wconf 83' lang='lat'>5.</span> <span class='ocrx_word' id='word_1_257' title='bbox 617 2541 655 2583; x_wconf 87' lang='lat'>6.</span> 
     </span>
    </p>
   </div>
   <div class='ocr_carea' id='block_1_6' title="bbox 237 2611 1534 2668">
    <p class='ocr_par' dir='ltr' id='par_1_7' title="bbox 237 2611 1534 2668">
     <span class='ocr_line' id='line_1_33' title="bbox 237 2611 1534 2668; baseline 0.006 -17"><span class='ocrx_word' id='word_1_258' title='bbox 237 2612 283 2666; x_wconf 80' lang='lat'>³)</span> <span class='ocrx_word' id='word_1_259' title='bbox 316 2611 424 2654; x_wconf 81' lang='lat' dir='ltr'>Cod.</span> <span class='ocrx_word' id='word_1_260' title='bbox 469 2611 742 2662; x_wconf 80' lang='lat' dir='ltr'>Sangerman.</span> <span class='ocrx_word' id='word_1_261' title='bbox 801 2614 946 2667; x_wconf 88' lang='lat' dir='ltr'>„quod</span> <span class='ocrx_word' id='word_1_262' title='bbox 992 2613 1208 2668; x_wconf 86' lang='lat' dir='ltr'>adponam</span> <span class='ocrx_word' id='word_1_263' title='bbox 1254 2613 1330 2656; x_wconf 89' lang='lat' dir='ltr'>ei.“</span> <span class='ocrx_word' id='word_1_264' title='bbox 1415 2615 1534 2659; x_wconf 85' lang='lat' dir='ltr'>Libri</span> 
     </span>
    </p>
   </div>
   <div class='ocr_carea' id='block_1_7' title="bbox 124 2668 1201 2791">
    <p class='ocr_par' dir='ltr' id='par_1_8' title="bbox 124 2668 1201 2791">
     <span class='ocr_line' id='line_1_34' title="bbox 124 2668 1201 2725; baseline -0.001 -14"><span class='ocrx_word' id='word_1_265' title='bbox 124 2670 223 2711; x_wconf 84' lang='lat' dir='ltr'>editi</span> <span class='ocrx_word' id='word_1_266' title='bbox 253 2673 312 2725; x_wconf 72' lang='lat' dir='ltr'>(v.</span> <span class='ocrx_word' id='word_1_267' title='bbox 346 2684 377 2711; x_wconf 89' lang='lat' dir='ltr'>c.</span> <span class='ocrx_word' id='word_1_268' title='bbox 409 2669 502 2708; x_wconf 85' lang='lat' dir='ltr'>cdd.</span> <span class='ocrx_word' id='word_1_269' title='bbox 534 2668 645 2724; x_wconf 81' lang='lat' dir='ltr'>M.):</span> <span class='ocrx_word' id='word_1_270' title='bbox 675 2669 820 2724; x_wconf 81' lang='lat' dir='ltr'>„quod</span> <span class='ocrx_word' id='word_1_271' title='bbox 851 2685 1010 2725; x_wconf 87' lang='lat' dir='ltr'>ponam</span> <span class='ocrx_word' id='word_1_272' title='bbox 1043 2670 1119 2713; x_wconf 88' lang='lat' dir='ltr'>ei.“</span> <span class='ocrx_word' id='word_1_273' title='bbox 1152 2670 1201 2712; x_wconf 84' lang='lat' dir='ltr'>R.</span> 
     </span>
     <span class='ocr_line' id='line_1_35' title="bbox 241 2737 664 2791; baseline 0.007 -16"><span class='ocrx_word' id='word_1_274' title='bbox 241 2737 286 2791; x_wconf 77' lang='lat'>⁴²)</span> <span class='ocrx_word' id='word_1_275' title='bbox 316 2737 445 2779; x_wconf 86' lang='lat' dir='ltr'>Levit.</span> <span class='ocrx_word' id='word_1_276' title='bbox 475 2737 567 2788; x_wconf 86' lang='lat' dir='ltr'>VH,</span> <span class='ocrx_word' id='word_1_277' title='bbox 599 2739 664 2780; x_wconf 88' lang='lat'>10.</span> 
     </span>
    </p>
   </div>
   <div class='ocr_carea' id='block_1_8' title="bbox 123 2806 1536 2920">
    <p class='ocr_par' dir='ltr' id='par_1_9' title="bbox 123 2806 1536 2920">
     <span class='ocr_line' id='line_1_36' title="bbox 215 2806 1536 2908; baseline 0.005 -62"><span class='ocrx_word' id='word_1_278' title='bbox 215 2806 424 2908; x_wconf 51' lang='lat' dir='ltr'>(1⁵)tEdd.</span> <span class='ocrx_word' id='word_1_279' title='bbox 454 2807 627 2852; x_wconf 81' lang='lat' dir='ltr'>Merlini</span> <span class='ocrx_word' id='word_1_280' title='bbox 655 2824 902 2866; x_wconf 80' lang='lat' dir='ltr'>perperam:</span> <span class='ocrx_word' id='word_1_281' title='bbox 944 2810 1034 2855; x_wconf 82' lang='lat' dir='ltr'>erit.</span> <span class='ocrx_word' id='word_1_282' title='bbox 1093 2810 1278 2866; x_wconf 81' lang='lat' dir='ltr'>Singulis</span> <span class='ocrx_word' id='word_1_283' title='bbox 1307 2811 1536 2869; x_wconf 81' lang='lat' dir='ltr'>aequaliter</span> 
     </span>
     <span class='ocr_line' id='line_1_37' title="bbox 123 2880 348 2920; baseline -0.004 -13"><span class='ocrx_word' id='word_1_284' title='bbox 123 2880 209 2920; x_wconf 87' lang='lat' dir='ltr'>quo</span> <span class='ocrx_word' id='word_1_285' title='bbox 272 2880 348 2907; x_wconf 86' lang='lat' dir='ltr'>ec.</span> 
     </span>
    </p>
   </div>
  </div>
 </body>
</html>
