1752 3136
423 183 471 213 m
499 170 753 214 Luni-mum
781 169 983 212 HomuA
1005 168 1124 211 XIV.
1405 171 1488 215 417

62 281 378 325 immunditiam
418 283 634 324 labiorum
673 282 908 323 secundum
951 281 1101 323 Esaiae
1138 281 1402 335 verbum‚¹)
1445 292 1484 322 et

62 359 382 415 inquinamenta
415 361 498 401 oris
526 360 764 401 incurrunt.
822 358 906 400 Iste
934 369 1091 409 tamen,
1124 358 1197 414 qui
1225 360 1322 401 licet
1350 369 1484 399 matre

58 436 303 487 Israelitide,
362 436 569 495 Aegyptio
603 447 746 476 tamen
775 447 897 491 patre
929 436 1174 491 progenitus
1206 447 1277 485 est,
1306 435 1412 486 exiit,
1443 447 1485 476 et

58 514 288 555 nominans
319 530 479 554 nomen
509 512 735 553 maledixit.
787 513 855 553 Dc
887 529 972 568 quo
994 528 1070 564 ego
1102 524 1222 568 puto,
1254 513 1373 568 quod
1402 511 1483 553 nisi

60 590 215 640 exisset,
244 606 323 630 nec
355 589 553 641 litigasset
582 592 803 631 adversum
834 606 982 631 verum
1011 588 1258 639 Israelitarn,
1289 606 1369 630 nec
1397 606 1478 630 no-

56 666 223 707 minans
252 667 544 709 maledixisset.
601 666 713 708 Exiit
744 667 857 708 enim
888 682 911 707 a
941 665 1126 716 veritate,
1157 665 1252 708 exiit
1274 683 1296 708 a
1325 665 1480 709 timore

56 743 153 793 Dei,
185 759 207 784 a
237 744 336 793 fide,
368 759 390 784 a
422 744 607 793 caritate,
636 743 743 784 sicut
773 744 964 799 superius
1003 742 1209 793 diximus,
1254 744 1478 799 quomodo

54 837 133 876 per
163 821 266 861 haec
298 819 390 876 quis
422 832 538 862 exeat
578 822 630 861 de
668 819 808 862 castris
840 822 1062 871 ecclesiae,
1092 819 1252 862 etiamsi
1280 836 1358 876 per
1390 821 1481 876 epi-

55 898 175 952 scopi
206 913 351 938 vocem
381 897 558 939 minime
588 896 819 954 abjiciatur.
889 897 1010 939 Sicut
1050 913 1072 938 e
1102 896 1317 939 contrario
1347 898 1478 939 inter—

59 976 162 1015 dum
194 976 252 1024 fit,
281 986 328 1015 ut
357 974 507 1030 aliquis
544 992 634 1016 non
672 986 788 1016 recto
827 973 988 1031 judicio
1028 989 1202 1025 eorum,
1247 975 1320 1030 qui
1357 991 1482 1030 prae-

55 1063 153 1092 sunt
183 1052 403 1102 ecclesiae,
448 1052 708 1108 depellatur,
756 1062 796 1092 et
824 1052 937 1093 foras
976 1049 1179 1093 mittatur.
1268 1052 1353 1093 Sed
1381 1051 1478 1107 si²)

54 1128 144 1184 ipse
172 1145 263 1170 non
293 1140 390 1170 ante
421 1129 527 1178 exiit,
558 1129 641 1168 hoc
673 1139 744 1178 est,
774 1128 808 1170 si
838 1145 929 1169 non
959 1127 1017 1169 ita
1048 1128 1141 1181 egit,
1169 1139 1217 1169 ut.
1245 1140 1481 1170 mercretur

56 1205 178 1253 exire,
208 1205 313 1246 nihil
342 1205 525 1247 laeditur
553 1204 599 1245 in
629 1221 694 1255 eo,
725 1207 844 1260 quod
872 1221 964 1246 non
985 1216 1101 1246 recto
1120 1203 1282 1262 judicio
1313 1206 1479 1247 ab'ho-

53 1281 239 1324 minibus
268 1282 437 1324 videtur
468 1283 677 1339 expulsus.
728 1282 784 1322 Et
803 1282 860 1323 ita
890 1284 949 1334 fit,
981 1293 1028 1323 ut
1046 1282 1260 1323 interdum
1289 1282 1375 1332 ille,
1406 1283 1480 1338 qui

52 1361 168 1401 foras
197 1360 388 1410 mittitur,
414 1359 526 1401 intus
555 1361 624 1401 sit:
656 1370 697 1400 ct
725 1359 796 1400 ille
824 1359 942 1410 foris,
973 1359 1046 1415 qui
1075 1359 1187 1401 intus
1217 1360 1387 1401 retineri
1418 1360 1478 1401 vi-

56 1438 191 1478 detur.
250 1437 321 1479 Vis
350 1437 427 1478 tibi
459 1437 681 1478 ostendam
712 1447 753 1477 et
783 1435 936 1489 alium,
984 1435 1056 1492 qui
1096 1454 1118 1478 a
1158 1436 1281 1478 nullo
1323 1435 1477 1493 ejectus

56 1514 183 1555 exisse
215 1513 400 1555 dicitur?
461 1514 677 1570 Scriptum
723 1525 782 1554 est
826 1515 879 1555 de
923 1512 1052 1563 Cain,
1092 1513 1190 1568 quia
1229 1513 1413 1569 Πεξῑςίἱῐῧ)
1453 1531 1478 1556 a

53 1592 161 1632 facie
190 1592 312 1632 Dei.⁴‘
372 1591 474 1645 Quo
507 1590 602 1632 exiit
633 1608 655 1631 a
685 1589 792 1632 facie
822 1589 935 1631 Dei?
992 1589 1080 1631 Ubi
1123 1590 1236 1631 enim
1267 1607 1359 1631 non
1388 1602 1478 1632 erat

54 1668 183 1710 facies
212 1667 326 1709 Dei?
385 1669 471 1709 Sed
503 1667 646 1709 exiisse
679 1667 834 1709 dicitur
862 1684 943 1723 pro
975 1683 1049 1717 eo,
1086 1668 1204 1723 quod
1234 1669 1369 1721 legem
1399 1685 1476 1709 na-

53 1757 173 1787 turae
203 1761 387 1798 egressus
419 1758 489 1795 est,
521 1757 559 1786 et
587 1746 775 1798 ignarem
800 1744 905 1785 tanti
921 1743 1089 1786 sceleris
1105 1755 1260 1786 terram
1286 1747 1474 1787 fraterno

52 1822 254 1875 sanguine
282 1821 443 1878 primus
472 1822 630 1864 infecit.
692 1823 804 1863 Sunt
831 1833 973 1862 tamen
1005 1832 1046 1862 et
1071 1822 1142 1877 qui
1174 1824 1284 1864 bene
1315 1835 1479 1874 exeunt,

56 1911 96 1942 et
124 1899 238 1941 beati
267 1911 377 1950 sunt,
410 1898 481 1955 qui
512 1910 675 1940 exeunt.
735 1898 971 1940 Ostendam
1004 1897 1129 1940 etiam
1160 1899 1245 1940 hoc
1277 1900 1330 1941 de
1361 1899 1479 1941 Scri-

53 1977 203 2034 pturis.
270 1978 321 2017 In
350 1977 503 2018 Exodo
542 1976 750 2032 scriptum
792 1988 871 2017 est:
910 1976 1164 2031 „0mnes,4)
1204 1975 1362 2031 inquit,
1405 1977 1478 2032 qui

55 2053 317 2109 quaerebant
346 2070 507 2095 nomen
537 2053 738 2104 Domini,
778 2051 968 2094 exierunt
996 2054 1110 2093 foras
1142 2054 1194 2093 ad
1224 2052 1378 2093 Mosen
1409 2068 1478 2093 ex-

52 2143 118 2172 tra
150 2135 321 2171 castra.“
379 2130 449 2172 Isti
478 2132 588 2171 bene
619 2131 808 2172 exierunt
838 2139 949 2170 extra
970 2140 1115 2178 castra,
1147 2128 1218 2184 qui
1237 2129 1477 2183 sequeban-

52 2219 124 2249 tur
151 2206 319 2256 Mosen,
351 2206 395 2248 id
425 2217 495 2256 est,
526 2207 659 2258 legem
678 2207 774 2247 Dei.
825 2205 879 2246 Et
899 2207 951 2247 de
970 2204 1059 2246 aliis
1079 2204 1249 2246 dicitur:
1282 2206 1412 2255 „exite
1430 2205 1475 2261 ⁵)

54 2286 240 2339 populus
270 2300 388 2325 meus
421 2284 474 2324 de
504 2282 648 2323 medio
670 2299 832 2333 eorum,
865 2294 903 2323 et
924 2282 1196 2324 immundum
1217 2283 1350 2324 nolite
1373 2299 1477 2323 con-

53 2359 254 2413 tingere.“
309 2359 420 2401 Exiit
437 2359 482 2415 6)
514 2375 638 2413 ergo,
682 2358 838 2416 inquit,
870 2359 981 2402 filius
1009 2359 1197 2404 mulieris
1226 2358 1479 2411 Israelitidis‚

175 2568 220 2622 ¹)
254 2568 340 2611 Cfr.
370 2567 492 2613 Jesai.
524 2568 593 2618 VI,
623 2569 664 2615 5.

173 2635 220 2693 ²)
250 2638 382 2680 Deest
410 2638 497 2689 „si“
526 2638 571 2678 in
603 2640 668 2680 ed.
701 2637 847 2680 Ruaei.

172 2706 218 2761 ³)
254 2706 407 2749 Genes.
439 2709 512 2760 IV,
543 2708 611 2756 16.
728 2707 775 2763 4)
805 2707 940 2750 Exod.
972 2707 1090 2758 XIII,
1121 2708 1160 2751 7.

175 2775 220 2831 ⁵)
249 2776 375 2818 Jesai.
406 2778 494 2829 LlI,
527 2780 591 2821 ss.

172 2846 218 2899 ⁶)
250 2846 330 2887 Ed.
357 2847 513 2890 Ruaei:
533 2848 628 2890 Exit
650 2860 748 2898 ergo
788 2858 864 2890 etc.
891 2871 945 2880 ·-
976 2846 1209 2891 Csr.Levit.
1230 2847 1391 2902 XXIV,
1411 2848 1476 2891 10.

59 2926 284 2969 omems
319 2922 491 2969 OPERA.
524 2924 644 2966 Tom.
676 2923 749 2965 IX.
1090 2924 1146 2968 27
