1752 3136
475 125 521 153 m
552 112 804 153 anmcum
833 109 1034 151 HommA
1072 109 1148 151 IX.
1438 115 1523 158 343

112 223 220 278 quia,
251 225 368 279 quod
397 240 474 279 per
503 235 696 263 naturam
727 221 867 262 minus
905 220 950 260 in
994 236 1044 261 eo
1086 221 1313 263 honestum
1343 223 1520 273 videtur,

108 299 262 340 indutis
292 299 564 340 femoralibus
593 298 734 345 lineis,
785 308 823 337 et
852 313 959 337 zona
1000 298 1257 347 constrictis,
1301 299 1423 340 etiam
1453 316 1517 341 se-

108 378 296 417 cundum
325 376 485 417 literam
509 376 561 414 de
588 389 637 413 eo
661 373 858 414 convenit
883 373 979 423 dici,
1010 374 1107 428 quia
1137 374 1452 423 „inhonestiora
1472 375 1515 431 ¹)

104 464 245 493 nostra
277 451 627 492 abundantiorem
667 450 931 492 honestatem
970 452 1170 493 liabent.“
1243 451 1304 491 Ita
1345 468 1443 504 ergo
1477 464 1516 492 et

105 528 253 577 omnis,
284 527 355 582 qui
383 527 427 567 in
459 527 640 569 castitate
669 527 807 567 vivens
837 527 1029 568 imitatur
1061 527 1300 577 Christum,
1330 529 1415 569 hoc
1445 546 1514 569 so-

101 604 189 644 lum
220 605 271 644 de
301 603 497 645 humanis
528 604 687 644 actibus
716 603 995 654 nescientem,
1035 605 1185 660 ipse2)
1224 604 1350 645 etiam
1393 605 1514 647 lineis

99 681 372 721 femoralibus
415 679 679 721 sanctificatis
721 679 894 721 indutus
933 692 1010 730 est,
1066 693 1104 721 et
1151 680 1513 723 inhonestioribus

97 755 180 797 suis
210 756 568 797 abundantiorem
596 755 877 797 circumdedit
897 757 1171 798 honestatem.
1221 758 1388 798 Tunica
1404 774 1509 811 ‘ergo

95 831 208 873 linea
238 833 493 874 sanctificata
525 833 737 882 induitur,
780 845 820 874 et
849 835 1069 875 femoralia
1108 834 1220 876 linea
1256 852 1383 893 super
1413 852 1508 876 cor—

94 925 173 963 pus
204 908 293 965 ejus
321 921 428 951 sunt.
489 909 576 950 Sed
605 926 659 950 ne
688 912 797 950 forte
826 911 1048 951 femoralia
1078 912 1205 960 baec,
1246 912 1399 967 quibus
1428 928 1511 967 pu-

95 986 235 1027 denda
266 998 560 1038 conteguntur,
588 985 833 1042 resoluta-³>
864 986 1072 1035 defluant,
1116 999 1157 1027 et
1198 987 1509 1042 turpitudinem

94 1063 292 1111 revelent,
323 1075 394 1103 aut
422 1073 623 1114 retegant,
653 1060 863 1117 adjungit:
893 1078 1007 1111 „non
1028 1061 1074 1116 ι1)
1105 1062 1231 1112 enim,
1261 1064 1412 1117 inquit,
1443 1065 1508 1104 fa-

94 1140 176 1180 cies
205 1141 356 1190 gradus
387 1139 440 1178 ad
472 1139 625 1188 altare,
656 1154 710 1178 ne
741 1139 851 1178 forte
889 1139 934 1179 in
956 1138 1002 1193 5)
1041 1139 1104 1179 his
1137 1140 1345 1179 reveletur
1372 1140 1506 1194 turpi·

91 1217 196 1256 tudo
227 1220 340 1255 tua.“
396 1215 461 1255 Ne
491 1231 588 1267 ergo
620 1214 842 1269 turpitudo
872 1226 943 1256 tua
976 1215 1260 1256 defluentibus
1289 1217 1507 1257 femorali-

90 1293 168 1333 bus
197 1294 428 1341 revcletur,
473 1309 604 1342 zona,
635 1291 859 1347 inquit,⁶)
899 1291 1121 1333 femoralia
1154 1293 1504 1345 constringantur.

91 1370 297 1424 Quodam
325 1381 520 1424 tempore
551 1381 807 1424 exponentes
827 1371 1039 1410 Joannem
1064 1369 1305 1424 baptistam,
1335 1381 1376 1410 et
1405 1371 1505 1412 alias

88 1446 333 1494 Jeremiam,
363 1447 481 1500 quod
510 1445 716 1486 Jeremias
748 1444 917 1500 quidem
960 1461 1134 1495 zonam,
1172 1446 1363 1486 Joannes
1403 1463 1503 1487 vero

88 1523 311 1578 pelliceam
341 1539 494 1562 zonam
525 1522 636 1562 circa
673 1523 843 1563 lumbos
882 1522 1077 1563 habuisse
1116 1521 1349 1573 diceretur,
1384 1524 1503 1564 suffi-

89 1599 247 1639 cienter
279 1598 560 1648 ostendimus,
611 1599 834 1654 quomodo
877 1614 955 1653 per
993 1599 1097 1640 haec
1127 1599 1365 1640 declaretur
1391 1599 1502 1640 indi-

88 1676 212 1731 cia⁷)
242 1693 338 1731 pars
367 1676 439 1716 illa
471 1675 664 1730 corporis
693 1677 808 1731 apud
839 1675 1096 1731 -hujusmodi
1134 1676 1245 1717 viros
1273 1676 1330 1717 ita
1361 1692 1502 1717 emor-

85 1766 170 1804 tua,
201 1765 249 1793 ut
277 1768 416 1808 neque
444 1753 510 1792 vel
539 1751 638 1792 levis
669 1763 830 1801 motus,
873 1768 1013 1807 neque
1053 1752 1157 1793 alius
1198 1751 1420 1807 quisquam
1458 1752 1503 1792 in

86 1831 242 1872 lumbis
273 1846 422 1871 eorum
451 1828 577 1870 fuisse
609 1829 864 1875 crederetur,
895 1829 968 1870 sed
999 1830 1089 1870 sola
1120 1829 1296 1878 castitas,
1327 1841 1365 1869 et
1393 1845 1502 1884 pura

85 1906 302 1964 pudicitia.
362 1907 493 1952 Zona,
522 1921 620 1957 ergo
651 1905 842 1960 pontifex
875 1905 984 1946 linea
1017 1905 1214 1956 cingitur,
1261 1916 1301 1946 et
1339 1904 1502 1945 cidarin

84 1986 244 2026 lineam
272 1983 458 2039 imponit
486 1999 613 2038 super
641 1993 768 2037 caput
794 2000 930 2032 suum,
963 1982 1109 2023 omnia
1139 1982 1263 2023 linea.
1338 1980 1502 2022 Cidaris

87 2062 204 2116 quod
236 2061 401 2108 dicitur,
432 2070 605 2100 ornatus
635 2059 808 2114 quidam
839 2049 912 2109 est,
945 2058 1018 2113 qui
1036 2058 1162 2114 capiti
1183 2056 1499 2113 superponitur,

87 2155 174 2193 quo
206 2136 335 2178 utitur
363 2135 554 2191 pontifex
583 2135 628 2175 in
660 2137 888 2177 offerendis
918 2136 1086 2184 hostiis,
1117 2136 1182 2176 vel
1213 2133 1337 2174 ceteri
1366 2149 1501 2174 sacer-

86 2216 217 2255 dotes.
300 2213 386 2253 Sed
427 2213 717 2269 unusquisque
756 2226 952 2255 nostrum
1005 2228 1161 2254 ornare
1210 2211 1335 2252 debet
1374 2221 1501 2265 caput

202 2361 246 2415 ¹)
274 2361 294 2400 I
326 2360 424 2402 Cor.
454 2360 550 2408 XII,
580 2360 648 2403 23.

200 2430 246 2485 ²)
276 2430 385 2472 Edd.
414 2429 611 2471 Merlini:
645 2429 770 2469 etiam
800 2428 900 2484 ipse.

197 2501 244 2553 ³)
278 2501 386 2541 Cod.
418 2500 692 2550 Sangerman.
724 2498 993 2547 „dissoluta.“
1023 2497 1071 2536 lt.

200 2570 245 2625 ⁴²)
277 2571 414 2610 Exod.
445 2569 546 2618 XX,
577 2568 643 2610 26.

200 2639 244 2695 ⁵)
274 2640 354 2680 Ed.
385 2638 583 2681 M'erlini:
615 2639 823 2679 reveletur
852 2638 897 2678 in
928 2636 1002 2677 his.

199 2709 245 2763 6)
280 2708 366 2750 Csr.
398 2707 525 2750 Levit.
555 2707 673 2757 XVI,
701 2709 739 2750 4.

201 2778 244 2830 ⁷)
277 2779 439 2819 Omnes
477 2777 576 2821 Mss.
618 2777 839 2830 „indicia.“
918 2777 1037 2821 Libri
1081 2775 1181 2819 editi
1223 2776 1283 2831 (v.
1327 2791 1358 2815 c.
1400 2772 1492 2813 cdd.

82 2834 187 2891 M.):
220 2833 462 2885 „indicari.“
493 2834 543 2876 R.
