1752 3136
0 0 9 170 awa-m

534 143 587 173 m
616 131 817 172 Exonum
848 129 1052 169 HommA
1080 129 1151 170 VI.
1495 129 1553 173 63

136 244 341 286 talentum
369 241 550 298 plumbi,
582 253 621 282 et
652 240 757 282 dixi:
800 256 908 295 quae
947 250 1006 280 est
1037 238 1173 281 haec?
1214 239 1270 280 Et
1309 242 1552 295 respondit:

135 321 375 377 iniquitas,“
441 319 547 358 Inde
588 329 647 359 est
678 333 799 368 ergo,
846 318 964 372 quod
993 316 1128 373 iniqui
1166 317 1348 358 demersi
1382 329 1480 359 sunt
1508 318 1552 359 in

134 398 415 454 profundum,
444 394 549 436 sicut
578 395 805 449 plumbum
835 394 878 434 in
911 410 1064 449 aquam
1087 394 1398 438 validissimam.
1443 395 1552 435 San-

135 476 189 516 cti
220 485 358 516 autem
390 490 481 513 non
514 473 838 524 demerguntur,
881 472 955 513 sed
998 473 1216 512 ambulant
1253 487 1380 526 super
1411 487 1555 526 aquas,

134 551 231 607 quia
261 553 369 591 leves
399 561 506 599 sunt,
539 561 577 589 et
608 548 772 604 peccati
800 550 994 604 pondere
1026 565 1116 589 non
1156 560 1391 598 gravantur.
1459 548 1553 588 De—

132 627 262 682 nique
290 625 505 667 Dominus
546 637 584 666 et
617 625 811 666 Salvator
847 637 992 666 noster
1030 641 1158 680 super
1202 641 1328 680 aquas
1359 625 1553 665 ambula-

132 705 199 746 vit.
218 703 260 758 ¹)
316 704 413 760 Ipse
444 714 502 743 est
533 701 667 752 enim,
707 702 779 757 qui
812 719 908 743 vere
935 713 1156 757 peccatum
1184 702 1326 743 nescit.
1386 702 1554 741 Ambu-

131 781 229 822 lavlt
260 792 299 822 et
329 779 557 835 discipulus
588 778 674 835 ejus
703 779 866 830 Petrus,
895 780 991 820 licet
1019 779 1243 835 paululum
1267 777 1554 834 trepidaverit,

131 859 230 899 Non
262 857 376 899 enim
405 868 543 898 tantus
575 867 663 897 erat
692 873 740 897 ae
769 856 885 906 talis,
925 856 998 912 qui
1026 856 1134 898 nihil
1164 855 1342 896 omnino
1378 857 1430 896 de
1458 870 1554 909 spe-

134 936 197 977 cie
225 933 394 990 plumbi
422 935 467 975 in
497 950 540 974 se
571 934 746 975 haberet
777 934 1021 974 admixtum.
1069 933 1243 982 Habuit,
1272 932 1370 972 licet
1387 948 1552 987 parum.

77 1015 86 1019 ’
132 1011 317 1067 Propter
348 1012 465 1066 quod
496 1011 597 1052 dicit
627 1012 680 1051 ad
712 1027 807 1051 eum
840 1009 1076 1051 Dominus:
1116 1007 1398 1061 ‚,modicae²)
1439 1007 1553 1056 fidei,

133 1105 264 1146 quare
293 1086 493 1129 dubitasti
507 1086 553 1128 ?“
604 1087 769 1129 Idcirco
801 1087 928 1138 igitur
950 1086 1021 1142 qui
1051 1087 1186 1127 salvus
1216 1087 1275 1134 fit,
1305 1101 1382 1140 per
1411 1085 1550 1136 ignem

130 1166 266 1208 salvus
296 1165 354 1213 fit,
384 1176 442 1213 ut,
473 1164 506 1204 si
536 1166 639 1220 quid
668 1166 781 1206 forte
813 1165 865 1205 de
896 1163 1034 1218 specie
1062 1164 1230 1219 plumbi
1248 1161 1445 1204 habuerit
1476 1162 1551 1201 ad-

132 1243 328 1292 mixtum,
369 1241 413 1282 id
445 1240 548 1293 ignis
580 1242 815 1297 decoquat,
848 1253 886 1282 et
916 1242 1117 1289 resolvat,
1159 1253 1203 1282 ut
1235 1239 1471 1282 efficiantur
1503 1254 1551 1277 0-

132 1337 252 1361 mnes
295 1336 446 1361 aurum
491 1320 677 1360 bonum:
729 1317 827 1374 quia
868 1336 1018 1359 aurum
1060 1330 1197 1359 terrae
1233 1318 1344 1359 illius
1386 1317 1552 1356 bonum

134 1415 219 1440 esse
250 1397 422 1447 dicitur,
464 1413 590 1452 quam
631 1395 819 1436 habituri
857 1407 955 1437 sunt
990 1395 1141 1437 sancti:
1183 1408 1222 1436 et
1258 1395 1362 1436 sicut
1400 1396 1552 1434 fornax

131 1477 289 1530 probat
318 1490 492 1521 aurum,
530 1472 587 1513 sie
624 1472 817 1514 homines
858 1471 989 1526 justos
1021 1471 1210 1514 tentatio.
1280 1471 1551 1512 Veniendum

136 1551 254 1607 est3)
286 1567 384 1603 ergo
418 1550 615 1590 omnibus
645 1550 698 1589 ad
728 1549 889 1599 ignem,
927 1548 1184 1590 veniendum
1216 1560 1275 1589 est
1305 1550 1358 1590 ad
1390 1549 1553 1589 confla-

133 1630 306 1670 torium.
376 1628 506 1670 Sedet
522 1625 567 1681 4)
599 1625 711 1666 enim
751 1624 989 1675 Dominus,
1033 1638 1072 1666 et
1112 1625 1288 1674 conflat,
1328 1636 1366 1665 et
1402 1637 1554 1680 purgat

132 1706 243 1748 filios
272 1704 397 1746 Juda.
472 1703 558 1745 Sed
597 1714 637 1743 et
675 1701 836 1757 illu05)
876 1718 973 1742 cum
1003 1702 1189 1753 venitur,
1233 1702 1265 1743 si
1296 1701 1388 1758 quis
1418 1703 1552 1742 multa

134 1799 264 1838 opera
292 1783 431 1832 bona,
471 1793 510 1821 et
547 1796 699 1835 parum
731 1779 892 1834 aliquid
927 1778 1158 1835 iniquitatis
1197 1779 1402 1826 attulerit,
1443 1779 1553 1820 illud

132 1877 287 1917 parum
317 1870 520 1914 tanquam
551 1857 780 1913 plumbum
809 1855 895 1908 igni
924 1854 1150 1897 resolvitur
1180 1873 1227 1897 ac
1256 1868 1481 1912 purgatur,
1513 1868 1553 1896 et

131 1950 270 1980 totum
311 1947 501 1977 remanet
540 1951 692 1977 aurum
738 1950 909 1990 purum.
998 1932 1052 1973 Et
1095 1933 1130 1975 si
1175 1933 1266 1990 quis
1313 1933 1408 1989 plus
1449 1933 1552 1974 illue

132 2013 299 2070 plumbi
342 2014 560 2063 detulerit,
589 2013 684 2069 plus
715 2011 923 2060 exuritur,
964 2022 1012 2051 ut
1049 2011 1232 2067 amplius
1273 2012 1552 2065 decoquatur,

134 2104 180 2133 ut
210 2090 283 2133 etsi
310 2108 462 2146 parum
490 2089 649 2145 aliquid
680 2089 730 2130 sit
761 2088 872 2138 auri,
916 2101 1144 2144 purgatum
1180 2101 1321 2129 tamen
1359 2087 1550 2130 resideat.

136 2168 269 2223 Quod
299 2167 332 2209 si
363 2167 512 2223 aliquis
549 2167 651 2207 illuc
680 2177 791 2206 totus
822 2166 1048 2222 plumbeus
1080 2166 1259 2214 venerit,
1290 2167 1361 2206 fiet
1392 2165 1444 2204 de
1472 2163 1551 2204 illo

134 2247 231 2296 hoc,
263 2246 381 2302 quod
410 2245 614 2300 scriptum
645 2255 726 2293 est,
767 2244 1034 2295 demergetur
1061 2243 1104 2284 in
1134 2243 1426 2299 profundum,
1456 2253 1548 2281 tan-

135 2340 263 2379 quam
294 2323 521 2379 plumbum
550 2320 593 2362 in
613 2320 656 2374 6)
688 2336 841 2376 aquam
873 2321 1179 2363 validissimam.
1246 2319 1332 2360 Sed
1372 2318 1549 2372 longum

252 2530 297 2585 ¹)
327 2529 476 2570 Matth.
508 2529 624 2579 XIV,
655 2529 721 2570 25.
754 2529 850 2569 coll.
880 2530 948 2572 29.

249 2599 297 2654 2)
327 2600 480 2640 Matth.
514 2599 629 2648 XIV,
658 2600 725 2640 31.
843 2599 888 2653 ³)
918 2599 1029 2639 Edd.
1060 2597 1257 2639 Merlini:
1292 2613 1389 2650 ergo
1422 2607 1491 2637 est.

250 2668 296 2723 ⁴)
326 2669 436 2710 Edd.
467 2658 643 2711 Merl'ini
672 2668 805 2708 male:
835 2667 922 2710 Sed
951 2667 1107 2710 etenim
1128 2666 1343 2710 Dominus
1374 2678 1414 2708 et
1445 2682 1548 2707 con-

134 2724 209 2767 flat
237 2736 315 2766 etc.
344 2750 399 2756 —
432 2725 519 2767 Cfr.
549 2724 735 2765 Malach.
766 2724 838 2773 ΙΙΙ,
867 2726 907 2767 3.

252 2794 297 2848 5)
327 2796 440 2838 Edd.
469 2793 666 2836 Merlini:
696 2793 798 2834 illuc
830 2794 1089 2837 convenitur.

248 2864 294 2920 θ)
323 2866 435 2908 Edd.
464 2865 658 2909 Merlini:
687 2865 731 2908 in
762 2882 872 2922 aqua
903 2863 1166 2908 validissima.
