1752 3136
177 128 263 174 428
785 129 1010 171 Omessms

179 242 283 298 quid
315 241 440 283 etiam
473 251 569 298 post
597 241 700 283 haec
731 240 1088 284 remunerationis
1106 254 1320 285 mereatur
1341 245 1482 300 palma
1512 244 1603 286 vin-

178 320 321 369 centis,
351 319 447 375 ipsis
477 319 758 362 nihilominus
801 319 985 373 agonicis
1017 320 1178 373 legibus
1209 332 1379 361 cautum
1413 334 1482 363 est.
1542 322 1604 362 Ita

178 408 217 437 et
247 412 362 437 nunc
394 397 670 452 omnipotens
700 398 818 440 Deus
859 398 1150 439 observandae
1185 397 1285 449 legis
1315 414 1414 439 suae
1443 398 1487 439 in
1518 399 1603 439 hoe

174 474 342 514 mundo
375 490 554 526 agonem
596 475 850 518 mortalibus
889 492 1075 531 ponens,
1112 488 1390 531 posteaquam
1430 476 1606 516 tradidit

174 552 439 592 observanda
475 568 601 607 quam
634 552 832 607 plurima,
864 565 903 594 et
935 554 1037 609 quid
1070 553 1173 602 fieri,
1206 553 1361 608 quidve
1393 569 1483 592 non
1512 551 1605 594 fieri

177 629 352 678 debeat,
385 629 628 684 adscripsit:
671 630 971 670 convenienter
1001 632 1053 670 ad
1084 629 1284 671 ultimum
1316 628 1400 685 jam
1432 628 1606 670 Levitici

174 706 347 755 librum,
382 706 426 746 in
459 722 544 761 quo
578 707 630 746 de
659 705 831 756 singulis
856 706 1096 762 quibusque
1114 707 1480 748 observationibus
1499 724 1603 747 con-

173 782 365 824 stitutum
400 794 469 831 est,
503 782 605 837 quid
635 782 824 823 muneris
841 794 1030 838 reportet
1060 784 1131 839 qui
1150 783 1399 839 impleverit,
1429 797 1469 825 et
1500 784 1604 839 quid

173 876 342 915 poenae
371 860 520 900 subeat
552 858 624 915 qui
654 877 745 902 non
777 860 1071 910 observaverit,
1105 860 1306 902 enuntiat.
1354 862 1440 903 Sed
1458 861 1491 902 si
1522 862 1601 912 lex,

172 937 410 979 secundum
443 937 561 991 quod
592 937 748 978 Judaei
778 938 950 986 volunt,
997 949 1037 978 et
1075 936 1143 986 hi,
1194 938 1267 993 qui
1299 955 1449 979 eorum
1479 954 1604 979 sensu

172 1015 413 1069 Scripturas
443 1014 737 1065 intelligendas
767 1027 940 1071 putant,
979 1032 1071 1057 non
1091 1015 1134 1071 ¹)
1165 1027 1224 1056 est
1253 1015 1501 1071 spiritualis,
1531 1016 1605 1056 sed

174 1092 367 1144 carnalis,
401 1092 581 1133 dubium
610 1109 701 1133 non
733 1104 803 1142 est,
835 1093 936 1148 quin
963 1095 1183 1135 observata
1204 1092 1441 1142 carnaliter,
1472 1094 1604 1134 bene-

173 1171 381 1212 dictiones
412 1186 585 1225 quoque
617 1170 803 1212 carnales
836 1172 1157 1212 observantibus
1188 1170 1356 1211 tribuat.
1416 1169 1462 1212 Si
1491 1186 1607 1220 vero,

171 1260 220 1289 ut
250 1248 385 1287 Paulo
418 1246 584 1290 videtur
617 1249 841 1302 Apostolo,
874 1249 938 1288 lex
968 1246 1195 1303 spiritualis
1229 1259 1308 1296 est,
1347 1247 1437 1288 sine
1468 1247 1602 1288 dubio

173 1337 214 1366 ct
243 1324 516 1380 spiritualiter
547 1326 811 1365 observanda
845 1335 918 1374 est,
951 1336 991 1365 et
1012 1324 1241 1380 spiritualis
1273 1340 1319 1364 ex
1348 1340 1394 1365 ea
1425 1323 1605 1364 benedi-

173 1402 365 1443 ctionum
403 1403 615 1457 speranda
655 1403 957 1443 remuneratio.
1040 1401 1191 1443 Totius
1226 1416 1415 1455 namque
1455 1417 1604 1442 conse-

173 1479 372 1533 quentiae
403 1490 482 1529 est,
520 1479 781 1534 spiritualem
822 1481 959 1531 legem
1000 1480 1320 1521 benedictiones
1351 1479 1454 1518 dare
1481 1476 1605 1533 spiri-

171 1556 320 1606 tuales,
354 1567 393 1596 et
423 1553 614 1612 ejusdem
654 1555 939 1598 nihilominus
978 1555 1309 1613 consequentiae
1350 1566 1430 1605 est,
1479 1555 1605 1596 etiam

170 1633 398 1674 maledicta
430 1644 469 1674 et
500 1635 881 1675 condemnationes
911 1633 1009 1686 legis
1039 1633 1267 1690 spiritualis
1288 1649 1378 1673 non
1396 1648 1483 1673 esse
1509 1648 1607 1672 cor-

169 1727 336 1768 poreas.
397 1711 484 1752 Sed
516 1722 564 1751 ut
593 1710 882 1751 indubitatum
901 1711 953 1752 sit
970 1713 1087 1767 quod
1110 1710 1302 1761 dicimus,
1330 1710 1459 1766 ipsius
1480 1709 1605 1750 Pauli

170 1788 371 1844 Apostoli
400 1804 504 1829 voce
533 1799 718 1837 utamur,
751 1804 833 1843 qua
865 1789 921 1829 ad
942 1788 1151 1844 Ephesios
1179 1787 1367 1829 scribens
1398 1789 1451 1828 de
1476 1786 1603 1843 spiri-

170 1865 358 1906 tualibus
387 1864 760 1906 benedictionibus
797 1865 881 1905 hoe
911 1867 1047 1905 modo
1081 1865 1355 1923 pronuntiat:
1396 1864 1601 1914 „benedi-

173 1956 276 1993 ctus,
296 1943 341 1997 ²)
373 1943 524 1998 inquit,
556 1942 687 1992 Deus,
719 1954 759 1982 et
789 1953 909 1998 pater
937 1942 1120 1983 Domini
1149 1943 1282 1983 nostri
1312 1942 1414 1982 Jesu
1433 1940 1602 1991 Christi,

172 2020 246 2076 qui
276 2020 493 2063 benedixit
520 2036 599 2061 nos
628 2019 672 2059 iu
705 2019 824 2061 omni
853 2019 1152 2060 benedictione
1191 2019 1398 2074 spirituali
1428 2019 1470 2059 in
1503 2035 1603 2060 coe-

169 2097 345 2139 lestibus
374 2098 419 2139 in
453 2097 667 2138 Christo.“
719 2096 940 2151 Quoniam
972 2096 1146 2152 quidem
1177 2097 1336 2137 sciebat
1365 2097 1601 2138 nonnullos

170 2175 356 2227 legentes
403 2176 458 2215 de
495 2172 868 2216 benedictionibus
907 2191 1033 2231 posse
1063 2175 1106 2215 in
1136 2173 1181 2214 id
1215 2173 1408 2230 prolabi,
1455 2185 1503 2214 ut
1534 2190 1601 2215 eas

171 2253 421 2307 corporales
451 2265 652 2308 putarent
683 2264 723 2292 et
751 2264 960 2301 terrenas,
991 2251 1126 2293 voluit
1154 2251 1202 2293 iis
1234 2251 1468 2293 evidentius
1499 2268 1600 2307 ape-

168 2329 268 2378 rire,
300 2346 409 2385 quae
439 2330 489 2372 sit
531 2329 770 2372 divinarum
815 2330 1168 2371 benedictionum
1208 2342 1380 2380 natura,
1429 2329 1494 2370 vel
1523 2329 1600 2371 ubi

171 2409 431 2461 quaerenda,
462 2419 502 2448 et
531 2407 630 2449 ideo
666 2408 743 2448 ait:
776 2408 937 2464 „qui3)
956 2408 1173 2449 benedixit
1191 2425 1270 2448 nos
1300 2407 1342 2447 in
1377 2406 1496 2448 omni
1525 2408 1601 2448 be-

170 2483 419 2525 nedictione
448 2485 656 2540 spirituali
694 2485 739 2526 in
780 2484 1032 2527 coelestibus
1076 2485 1121 2525 in
1162 2484 1376 2526 Christo.“
1441 2485 1527 2527 Sed
1558 2496 1600 2525 et

169 2559 270 2612 hoc,
302 2564 423 2617 quod
453 2562 637 2604 addidit:
670 2562 741 2614 „in
763 2562 882 2604 omni
900 2562 1202 2606 benedictione
1220 2562 1476 2620 spirituali;“
1507 2578 1598 2604 non

291 2756 334 2810 ¹)
365 2756 476 2798 Edd,
507 2759 705 2803 Merlini:
734 2772 775 2803 et
804 2777 896 2802 non
927 2776 1014 2803 esse
1043 2760 1303 2817 spirituales,
1347 2762 1420 2804 sed
1451 2776 1598 2803 carna-

170 2813 242 2863 les,
277 2813 458 2854 dubium
491 2827 568 2857 etc.

291 2883 337 2938 ²)
369 2884 528 2940 Ephe&
561 2888 594 2937 l,
624 2889 663 2931 3.
785 2887 832 2942 ³)
863 2886 1020 2943 Eplles·
1053 2886 1085 2938 1,
1115 2888 1154 2931 3·
