1752 3136
543 147 590 178 m
621 135 874 177 an1r1cum
905 133 1106 176 HommA
1124 133 1194 175 lv.
1500 136 1583 181 221

163 249 284 307 Deo,
324 259 372 290 ut
398 247 447 290 iis
476 257 571 288 utar
597 246 641 287 in
676 245 768 296 his,
812 260 921 301 quae
957 245 1174 301 praecepit
1210 245 1277 287 lex
1317 244 1470 290 divina.
1535 247 1584 290 Si

162 343 262 368 vero
293 327 347 368 ad
374 324 505 365 malas
534 335 640 364 artes
669 324 799 365 solers
831 335 870 363 et
892 322 1112 378 perspicax
1128 333 1334 364 vertamus
1351 323 1584 376 ingenium,

162 414 204 443 et
231 403 356 443 rebus
385 399 470 440 Dei
499 400 728 441 abutamur
755 399 801 441 in
830 399 907 449 his,
937 415 1046 455 quae
1073 416 1164 440 non
1194 400 1283 441 vult
1310 399 1451 441 Deus:
1495 400 1582 442 hoe

160 490 220 520 est
248 476 443 534 abjurare
473 472 738 532 depositum,
776 488 815 517 et
843 475 1049 517 beneficia
1079 487 1239 517 vertere
1266 475 1311 518 in
1341 476 1581 533 perfidiam.

268 556 307 595 4.
337 553 566 594 Videamus
596 569 732 602 nunc,
779 552 882 608 quid
921 552 1045 594 etiam
1084 552 1262 594 societas
1305 554 1579 607 intelligenda

154 631 216 674 sit.
274 629 424 679 Putas,
458 641 515 671 est
545 628 716 684 aliquis,
748 629 821 684 qui
851 631 1086 671 secundum
1115 628 1282 671 literam
1313 631 1580 673 commoneri

154 709 326 759 debeat,
368 723 423 748 ne
453 709 564 749 forte
601 705 647 747 in
688 705 852 747 ratione
894 706 1122 761 pecuniae,
1169 708 1235 749 vel
1280 708 1467 764 qualibet
1496 709 1579 751 alia

151 786 292 842 specie
319 784 540 833 societatis,
569 782 735 824 socium
765 784 918 824 fraude
947 783 1159 840 decipiat?
1202 783 1581 828 Ultimaemiseri-

152 861 325 903 cordiae
355 872 416 902 est
443 861 582 902 anima
612 859 705 909 illa,
745 859 790 900 in
821 876 950 916 quam
969 859 1012 915 ¹)
1055 862 1206 903 cadere
1243 863 1385 905 adhuc
1414 863 1577 903 fraudis

152 939 237 978 hoe
268 953 399 990 genus
429 948 582 992 potest.
641 937 802 978 Verum
840 948 982 978 tamen
1024 938 1227 992 quoniam
1265 939 1399 981 multa
1443 939 1577 985 estin

151 1013 328 1055 homine
357 1013 578 1065 fragilitas,
610 1013 737 1054 etiarn
769 1014 821 1054 de
860 1012 922 1054 his
953 1029 1324 1066 commoneamus,
1369 1016 1466 1071 quia
1495 1032 1577 1057 nec

149 1092 410 1147 Apostolum
437 1089 570 1146 piguit
597 1090 673 1132 ista
703 1091 920 1131 mandare.
978 1089 1098 1130 Dicit
1127 1092 1264 1133 enim:
1310 1107 1391 1141 „ne
1406 1091 1451 1147 ²)
1483 1092 1577 1147 quis

149 1167 464 1209 circumscribat
491 1168 535 1208 in
565 1167 736 1221 negotio
767 1167 942 1208 fratrem
989 1182 1136 1216 suum,
1181 1168 1386 1223 quoniam
1424 1168 1577 1211 vindex

149 1255 210 1286 est
241 1245 293 1285 de
322 1243 384 1286 his
414 1242 611 1286 omnibus
641 1243 800 1285 Deus.“
857 1242 985 1283 Nunc
1015 1259 1115 1284 vero
1146 1245 1436 1300 requiramus,
1466 1262 1576 1301 quae

147 1320 198 1364 sit
227 1321 352 1362 etiam
382 1320 556 1363 societas
583 1320 762 1377 spiritus.
819 1319 939 1362 Audi
969 1321 1022 1361 de
1052 1319 1115 1362 his
1143 1320 1244 1377 ipsis
1282 1323 1420 1365 verbis
1454 1325 1574 1379 Apo—

147 1399 306 1440 stolum
335 1396 568 1438 dicentem:
621 1396 740 1451 ‚,si³)
779 1399 898 1452 quod
933 1397 1133 1439 solatium
1175 1398 1376 1449 caritatis,
1424 1402 1574 1455 siqua

147 1474 321 1517 societas
353 1473 535 1529 spiritus,
564 1473 598 1515 si
627 1489 710 1529 qua
739 1472 894 1515 viscera
923 1473 1226 1525 miserationis,
1265 1476 1440 1532 implete
1469 1495 1572 1530 gau-

149 1550 268 1592 dium
297 1555 480 1592 meum.“
537 1549 665 1591 Vides
694 1548 901 1591 societatis
930 1551 1078 1601 legem,
1110 1554 1333 1607 quomodo
1369 1554 1574 1596 intellexit

146 1628 379 1683 Apostolus
410 1627 579 1668 Paulus.
639 1625 755 1667 Audi
785 1638 824 1667 et
852 1626 1089 1677 Joannem,
1122 1630 1344 1684 quomodo
1376 1649 1464 1672 uno
1496 1649 1572 1673 eo-

146 1705 329 1759 demque
365 1702 514 1760 spiritu
552 1704 849 1759 proloquatur.
924 1703 1006 1753 „Et
1021 1704 1067 1759 4)
1106 1705 1372 1757 societatem,
1418 1708 1570 1765 inquit,

84 1790 86 1794 ’
142 1781 348 1823 habemus
378 1796 476 1821 cum
505 1790 638 1836 patre,
669 1791 710 1821 et
740 1796 834 1820 cum
865 1777 954 1820 filio
986 1778 1074 1836 ejus
1115 1783 1214 1822 Jesu
1247 1782 1458 1827 Christo.“
1511 1786 1571 1828 Et

143 1857 297 1899 iterum
327 1857 476 1899 Petrus
508 1856 629 1897 dicit:
664 1867 931 1906 „consortes‚
951 1855 996 1913 ⁵)
1026 1857 1188 1913 inquit,
1214 1860 1312 1902 sacti
1341 1862 1433 1904 estis
1464 1864 1570 1907 divi..

143 1950 225 1976 nae
252 1939 469 1983 naturae‚“
498 1935 615 1989 quod
647 1944 718 1984 est,
747 1932 863 1975 socii.
936 1933 993 1973 Et
1021 1933 1176 1975 iterum
1208 1935 1309 1977 dicit
1336 1938 1569 1994 Apostolus

143 2011 324 2053 Paulus:
355 2028 490 2067 „quae
505 2011 550 2066 5)
581 2010 694 2052 enim
722 2009 899 2053 societas
928 2009 1022 2069 luci
1044 2012 1097 2052 ad
1125 2013 1321 2055 tenebras
1334 2012 1383 2055 ?“
1433 2015 1568 2069 Quod
1623 2011 1625 2013 ¹

142 2086 177 2129 si
204 2087 292 2128 luci
322 2089 376 2129 ad
403 2089 598 2130 tenebras
627 2088 806 2131 societas
834 2087 954 2129 nulla
985 2099 1063 2139 est,
1093 2100 1234 2145 potest
1263 2105 1360 2142 ergo
1389 2091 1569 2134 societa-

142 2175 227 2206 tem
258 2165 327 2204 lux
355 2165 514 2206 habere
542 2182 638 2206 cum
667 2167 774 2207 luce.
841 2164 972 2217 Igitur
1008 2164 1042 2207 si
1071 2166 1195 2208 nobis
1228 2182 1325 2206 cum
1356 2165 1494 2217 Patre,
1526 2180 1566 2210 et

141 2240 270 2293 Filio,
301 2253 340 2282 et
370 2241 531 2296 Spiritu
558 2254 703 2284 sancto
734 2241 910 2284 societas
942 2242 1038 2283 data
1069 2254 1150 2294 est,
1179 2242 1412 2285 videndum
1440 2245 1567 2288 nobis

142 2329 228 2368 est,
272 2334 327 2358 ne
370 2330 556 2359 sanctam
589 2318 711 2360 istam
740 2318 1011 2374 divinamque
1055 2319 1296 2361 societatem
1341 2323 1563 2376 peccando

141 2395 409 2447 abnegemus.
470 2395 516 2437 Si
546 2395 660 2436 enim
689 2411 857 2447 agamus
895 2411 1026 2451 opera
1066 2397 1362 2448 tenebrarum,
1401 2410 1564 2441 certum

143 2484 214 2521 est,
243 2472 341 2528 quia
368 2474 612 2516 societatem
643 2471 883 2523 negavimus
922 2471 1040 2513 lucis.
1108 2473 1193 2514 Sed
1233 2485 1273 2514 et
1316 2487 1562 2518 sanctorum

138 2549 280 2599 socios
307 2565 386 2592 nos
416 2549 518 2592 dicit
560 2549 812 2606 Apostolus:
851 2564 930 2590 nec
968 2547 1138 2591 mirum.
1225 2550 1273 2592 Si
1310 2551 1420 2594 enim
1464 2570 1561 2595 cum

257 2738 302 2792 ¹)
331 2738 441 2781 Edd.
471 2738 665 2781 Merlini:
693 2754 790 2794 qua.
910 2737 955 2792 ²)
984 2737 1003 2779 Ι
1034 2736 1178 2779 Thess.
1208 2738 1350 2789 IV„6.

255 2807 303 2862 3)
332 2807 518 2866 Philipp.
550 2811 602 2859 Π,
632 2813 670 2855 1.
700 2811 740 2853 2.
858 2806 904 2864 ⁴)
937 2807 1024 2849 Csr.
1053 2809 1074 2849 I
1101 2809 1260 2851 Joann.
1289 2809 1324 2859 Ῐ,
1350 2811 1390 2853 3.

258 2877 303 2932 ⁵)
337 2877 375 2921 Il
404 2877 514 2923 Petr.
545 2881 578 2934 I,
608 2882 648 2925 4.
767 2877 814 2935 ⁶)
846 2877 883 2920 ΙΙ
914 2878 1018 2923 Cor.
1046 2880 1118 2931 VI,
1150 2882 1216 2925 14.
