1752 3136
412 86 464 116 m
495 73 749 115 Ll-:vrmcUM
779 72 979 113 Horum
1009 71 1122 113 VIII.
1400 72 1483 117 337

70 188 242 230 viditur:
273 202 428 235 unum,
466 201 552 240 quo
591 182 725 225 simila
755 181 1068 237 conspergitur,
1109 180 1261 231 alium,
1302 197 1388 237 quo
1417 200 1481 225 sa-

69 266 218 306 cerdos
249 263 400 319 accipit
421 261 624 313 integram
649 274 891 299 mensuram
915 258 1070 314 cyathi,
1100 269 1147 299 ut
1177 258 1244 299 ait.
1300 257 1350 299 In
1381 275 1483 314 que,

67 353 116 381 ut
146 357 221 393 ego
251 340 409 388 sentio,
451 348 491 378 et
528 336 650 391 panis
682 334 769 392 ejus
799 334 963 390 pinguis
997 335 1182 376 efficitur
1208 351 1288 390 pro
1319 335 1482 377 miseri-

71 417 229 466 cordia,
261 429 299 458 et
330 416 485 464 oleum,
516 428 602 467 quo
632 412 703 452 lux
733 427 830 452 vera
862 422 900 452 et
927 410 1126 453 scientiae
1153 412 1258 463 ignis
1288 413 1483 454 accendi-

68 505 150 543 tur,
180 509 256 549 per
282 506 430 532 manus
456 488 683 530 sacerdotis
714 487 842 543 capiti
872 486 959 542 ejus
985 487 1233 543 imponitur.
1276 489 1338 530 Ita
1370 489 1483 531 enim

70 569 193 611 dicit:
223 567 349 622 „et¹)
378 577 552 615 statuet,
596 564 758 620 inquit,
803 580 900 605 eum
939 566 1159 615 sacerdos,
1205 565 1278 621 qui
1305 568 1483 608 mundat

70 661 180 694 eum,
195 643 240 685 in
271 655 499 699 conspectu
519 641 713 691 Domini,
743 642 798 682 ad
830 640 982 683 ostium
1000 643 1265 684 tabernaculi
1295 642 1481 686 testimo-

68 721 165 761 nii.“
204 719 344 770 Vides,
376 719 474 775 quia
502 718 731 762 sacerdotis
762 730 820 760 est
848 729 1032 765 statuere
1061 735 1170 772 eum,
1203 720 1276 775 qui
1305 736 1480 762 conver-

67 797 170 838 titur
199 812 222 837 a
252 808 450 852 peccato,
488 810 534 838 ut
563 796 721 839 stabilis
753 812 837 838 esse
865 797 1018 851 possit,
1060 808 1098 837 et
1144 798 1255 838 ultra
1283 813 1374 838 non
1399 798 1482 838 flu-

24 878 30 881 ’
69 886 236 923 ctuare,
274 889 354 914 nec
391 873 554 915 moveri
595 873 712 914 omni
741 883 866 913 vento
900 872 1130 914 doctrinae.
1202 874 1354 915 Statuit
1383 889 1480 926 ergo

71 967 168 991 eum
198 966 290 991 non
318 950 459 992 solum
488 949 597 991 intra
628 960 772 998 castra,
801 949 875 990 sed
905 950 958 989 ad
988 948 1128 1004 ipsum
1158 948 1310 991 ostium
1342 951 1482 992 taber-

68 1027 212 1068 naculi
240 1026 471 1068 testimonii
500 1037 596 1066 ante
619 1018 876 1066 Dominum.
942 1025 999 1065 Et
1028 1038 1306 1081 posteaquam
1334 1043 1482 1068 secun-

72 1106 175 1145 dum
207 1120 267 1152 ea,
296 1119 403 1158 quae
433 1101 625 1157 superius
656 1101 766 1142 dicta
798 1113 907 1151 sunt,
940 1102 1182 1143 offeruntur
1202 1101 1372 1169 'hostiae
1401 1120 1482 1159 pro

68 1179 379 1235 purificatione,
411 1178 596 1229 adhibet,
626 1177 776 1232 inquit,
807 1189 847 1219 et
877 1179 1076 1236 cyathum
1108 1178 1210 1228 olei,
1252 1191 1290 1220 et
1317 1192 1484 1235 separat

66 1256 176 1298 illud
204 1267 300 1297 ante
327 1254 581 1298 Dominum.
640 1254 777 1306 „Et²)
807 1254 997 1311 accipiet,
1024 1255 1176 1311 inquit,
1206 1257 1402 1298 sacerdos
1433 1258 1486 1297 de

69 1333 294 1385 sanguine,
340 1344 380 1374 et
417 1344 549 1388 ponet
589 1348 715 1387 super
745 1344 972 1373 extremam
1002 1332 1236 1374 auriculam
1268 1331 1356 1389 ejus
1387 1335 1486 1374 dex·

68 1421 192 1460 tram,
223 1422 262 1451 et
289 1425 418 1465 super
447 1421 674 1451 extremam
705 1425 877 1450 manum
909 1407 997 1465 ejus
1028 1409 1238 1458 dextram,
1284 1420 1324 1450 et
1360 1427 1486 1466 super

72 1498 304 1528 extremum
334 1486 489 1542 pedem
522 1484 609 1542 ejus
640 1487 874 1527 dextrurn.“
938 1484 994 1525 Et
1030 1496 1128 1541 post
1168 1485 1296 1537 haec,
1334 1485 1485 1542 inquit,

74 1563 250 1618 accipiet
289 1562 484 1603 sacerdos
516 1578 608 1602 non
638 1561 778 1617 ipsum
802 1561 1006 1620 cyathum
1039 1561 1145 1612 olei,
1182 1564 1256 1604 sed
1286 1578 1333 1604 ex
1368 1562 1484 1619 ipso:

72 1639 200 1695 „et3)
233 1637 527 1692 diffundet,⁴)
566 1638 723 1694 inquit,
759 1637 804 1679 in
834 1655 1008 1680 manum
1038 1655 1157 1680 suam
1186 1639 1417 1691 sinistram,
1447 1653 1486 1683 et

73 1716 248 1769 intinget
279 1714 453 1768 digitum
484 1730 606 1755 suum
636 1716 833 1757 sacerdos
863 1715 907 1756 in
938 1715 1049 1764 oleo,
1081 1717 1198 1771 quod
1217 1716 1486 1760 estinmauu

75 1792 162 1850 ejus
190 1792 368 1842 sinistra,
399 1804 438 1832 et
469 1793 688 1847 adsperget
715 1791 864 1847 septies
895 1803 992 1832 ante
1022 1792 1263 1834 Dominum
1276 1798 1312 1834 :“
1343 1805 1383 1835 et
1408 1795 1487 1848 ite-

22 1891 24 1894 >
75 1887 192 1911 rum:
223 1885 297 1921 „ex
315 1869 358 1924 ⁵)
392 1885 456 1919 e0,
489 1869 607 1924 quod
636 1880 824 1924 superest
850 1867 896 1909 in
925 1885 1055 1909 manu
1087 1867 1175 1926 ejus
1202 1870 1379 1922 sinistra,
1408 1872 1488 1913 im-

73 1958 209 2004 ponet
238 1962 364 2001 super
393 1944 625 1987 auriculam
657 1943 766 2002 ejus,
803 1946 875 2001 qui
913 1944 1181 2001 purificatur,
1208 1948 1418 2001 dextram,
1450 1961 1489 1990 et

77 2040 204 2080 super
236 2035 459 2074 extremam
490 2038 663 2063 manum
698 2020 785 2078 ejus
806 2023 1006 2071 dextram,
1036 2034 1076 2063 et
1108 2039 1234 2078 super
1256 2035 1488 2065 extremum

75 2103 231 2157 pedem
264 2098 351 2155 ejus
382 2101 611 2140 dextrum.“

668 2098 724 2139 Et
765 2111 863 2154 post
901 2100 1024 2141 haec:
1066 2100 1196 2152 „id5)
1236 2102 1353 2156 quod
1389 2101 1488 2142 reli-

78 2189 192 2218 ctum
221 2175 349 2235 fuerit
379 2192 425 2216 ex
458 2175 579 2224 oleo,
616 2176 821 2230 imponet,
850 2176 1008 2231 inquit,
1042 2178 1240 2218 sacerdos
1278 2178 1331 2218 de
1359 2194 1490 2220 manu

78 2271 151 2296 sua
181 2267 307 2309 super
338 2263 463 2307 caput
494 2250 603 2308 ejus,
636 2252 708 2307 qui
735 2252 1024 2308 purificatur.“
1078 2252 1228 2304 Vides,
1267 2257 1487 2308 quomodo

79 2331 253 2372 ulti-mae
284 2341 323 2370 et
354 2344 543 2370 summae
573 2328 878 2384 purificationis
909 2340 981 2381 est,
1012 2344 1156 2371 aurem
1187 2330 1416 2386 purificari,
1445 2343 1490 2373 ut

198 2531 242 2586 ι)
271 2531 398 2574 Lex-it.
428 2530 546 2580 xlv,
578 2531 641 2573 11.
1029 2581 1034 2585 ,

194 2601 242 2655 2)
271 2600 399 2641 Levit.
429 2601 546 2650 xiv,
578 2602 642 2645 14.
759 2601 807 2656 ³)
834 2600 961 2643 Lavit.
992 2600 1106 2652 mv,
1136 2602 1202 2645 15.
1234 2604 1300 2647 16.

195 2669 240 2724 ⁴)
269 2670 369 2712 Mss.
414 2670 710 2721 ‚,diffundet.“
776 2670 893 2713 Libri
935 2670 1034 2712 editi
1079 2670 1137 2727 (v.
1179 2689 1212 2715 c.
1253 2674 1349 2717 edd.
1387 2673 1494 2727 M.):

80 2727 352 2779 „defundet.“
381 2726 433 2768 R.

196 2795 241 2850 ⁵)
273 2795 403 2837 Lavit.
436 2784 553 2847 xiv,
583 2797 650 2840 17.
771 2797 817 2854 6>
846 2797 973 2843 tevit.
1004 2797 1121 2849 xlv,
1151 2798 1217 2842 18.

83 2873 306 2917 Omcams
340 2872 515 2917 OPERA.
549 2873 668 2917 Tom.
703 2874 776 2935 IX.
1118 2875 1175 2919 22
