1752 3136
436 157 483 187 m
511 144 764 188 szlTlcUM
792 140 992 184 HommA
1018 138 1091 180 111.
1398 142 1482 184 209

65 259 162 315 quia
193 257 472 315 pronuntiare
500 265 734 312 peccatum,
762 249 1055 294 remissionem
1089 248 1253 306 peccati
1282 263 1480 294 meretur.

60 334 317 377 Praeventus
358 334 470 375 enim
500 330 694 382 diabolus
722 328 767 369 in
794 327 1076 378 accusatione,
1104 327 1217 371 ultra
1245 343 1324 370 nos
1355 344 1482 370 accu-

63 429 155 454 sare
185 429 275 453 non
304 410 474 468 poterit,
504 419 545 449 et
572 406 606 449 si
635 405 716 462 ipsi
743 405 879 448 nostri
905 404 1035 446 simus
1064 417 1351 455 accusatores,
1375 421 1481 462 pro-

63 488 151 530 ficit
179 487 302 530 nohis
333 487 388 527 ad
416 485 617 528 salutem:
650 482 683 524 si
712 498 814 523 vero
846 492 1145 536 exspectemus,
1173 493 1221 523 ut
1250 499 1273 523 a
1304 483 1480 525 diabolo

63 579 320 612 accusemur,
353 560 564 603 accusatio
594 559 667 601 illa
686 559 799 601 cedit
826 558 955 600 nobis
985 559 1038 599 ad
1068 574 1276 615 poenam:
1306 559 1483 602 habebit

63 640 176 682 enirn
205 640 343 681 socios
372 638 417 679 in
447 637 652 690 gehenna,
681 652 790 692 quos
820 634 1051 677 convicerit
1074 635 1301 678 criminum
1329 636 1482 679 socios.

174 716 214 757 5.
244 715 433 756 Multum
466 713 544 755 erit
571 729 686 754 nunc
716 712 951 755 hostiarum
980 711 1257 763 diversitates,
1287 724 1328 754 et
1353 712 1482 757 sacri-

2 784 15 789 „
60 791 257 833 ficiorum
287 791 402 841 ritus,
433 807 480 832 ac
508 790 725 832 varietates
755 788 936 846 exsequi,
967 801 1006 830 et
1031 790 1158 842 longe
1175 790 1344 832 alterius
1375 806 1480 846 ope-

61 869 131 920 ris,
160 885 286 924 quam
319 868 406 925 ejus
434 868 576 919 verbi,
618 867 738 924 quod
765 868 810 910 in
841 866 1062 907 communi
1090 865 1306 909 auditorio
1335 868 1484 920 vulgus

63 945 256 1001 excipiat.
293 945 454 986 Verum
470 955 518 985 ut
540 943 681 1000 aliqua
700 943 746 985 in
767 955 1009 985 transcursu
1031 943 1313 999 perstringere
1339 944 1482 987 videa-

26 1017 29 1019 *
62 1039 176 1076 mur,
209 1020 346 1063 omnis
378 1021 551 1076 quidem
581 1037 692 1077 pene
719 1019 870 1069 hostia,
900 1035 1009 1075 quae
1025 1021 1220 1072 offertur,
1249 1021 1379 1062 habet
1406 1022 1483 1063 ali-

62 1099 168 1154 quid
206 1100 395 1148 formae,
444 1110 485 1139 et
533 1097 725 1150 imaginis
767 1094 934 1137 Christi.
1018 1096 1070 1137 In
1116 1095 1257 1154 ipsum
1295 1114 1483 1154 namque

63 1174 201 1216 omnis
230 1173 364 1216 hostia
394 1173 718 1229 recapitulatur,
755 1171 801 1214 in
830 1183 997 1214 tantum
1024 1184 1097 1223 ut,
1134 1185 1365 1231 postquam
1391 1175 1483 1232 ipse

63 1252 232 1293 oblatus
263 1261 333 1300 est,
364 1266 511 1293 omnes
540 1250 703 1292 hostiae
732 1250 1003 1301 cessaverint,
1037 1267 1146 1307 quae
1176 1267 1273 1293 eum
1301 1251 1347 1293 in
1376 1263 1481 1312 typo

62 1339 104 1370 et
130 1329 282 1369 umbra
312 1338 648 1384 praecesserantz
681 1328 735 1369 de
764 1328 930 1383 quibus,
958 1338 1090 1384 prout
1116 1328 1348 1384 potuimus,
1375 1331 1421 1372 in
1439 1330 1482 1386 ¹)

62 1405 368 1461 superioribus,
397 1405 620 1459 quomodo
651 1403 805 1445 vitulus
836 1421 859 1446 a
888 1404 1093 1460 pontifice
1114 1405 1295 1456 oblatus,
1323 1407 1408 1449 sive
1437 1408 1483 1450 in

62 1497 254 1529 munere,
281 1480 366 1522 sive
396 1497 478 1535 pro
509 1492 701 1536 peccato,
730 1481 917 1522 formam
949 1480 1038 1538 ejus
1066 1482 1265 1533 haberet,
1295 1485 1484 1526 ostendi-

62 1576 171 1601 mus.
232 1556 391 1612 Adipes
422 1572 535 1607 vero,
566 1556 638 1612 qui
668 1558 910 1599 offeruntur
938 1558 983 1600 in
1013 1575 1206 1611 munere,
1243 1561 1482 1617 operientes

63 1633 281 1684 interiora,
311 1645 352 1674 et
379 1633 552 1675 renibus
583 1634 879 1684 cohaerentes,
925 1646 1067 1691 potest
1103 1647 1248 1678 sancta
1288 1637 1362 1679 illa
1395 1637 1483 1696 eius

66 1712 208 1755 anima
235 1709 430 1760 intelligi:
464 1725 572 1763 quae
600 1708 805 1751 interiora
836 1709 1037 1766 quidem,
1072 1711 1119 1753 id
1148 1723 1229 1763 est,
1259 1712 1484 1757 divinitatis

66 1788 156 1846 ejus
173 1783 341 1832 Jsecreta
369 1785 556 1827 velabat:
603 1785 776 1828 renibus
807 1798 970 1839 autem,
1015 1788 1099 1829 hoc
1142 1800 1224 1839 est,
1270 1793 1485 1846 corporali

63 1864 284 1914 materiae,
325 1878 433 1919 quae
475 1878 522 1903 ex
562 1861 688 1905 nobis
727 1874 837 1905 caste
865 1875 1004 1906 sumta
1031 1865 1180 1916 suerat,
1211 1863 1485 1911 cohaerebat:

68 1955 109 1985 et
137 1941 277 1983 media
304 1940 415 1982 inter
446 1955 618 1981 carnem
656 1940 889 1996 Deumque
926 1939 1083 1996 posita,
1128 1942 1484 2003 deificandarn,²)

67 2018 411 2062 sanctificandam
439 2015 566 2058 sacris
595 2016 809 2070 altaribus,
841 2028 882 2058 et
911 2017 1060 2060 divinis
1078 2019 1246 2073 ignibus
1272 2020 1487 2064 illustran-

71 2098 196 2145 dam,
233 2106 274 2135 et
313 2094 645 2136 conservandam
685 2110 829 2136 secum
869 2095 923 2136 ad
953 2097 1096 2137 coelos
1125 2109 1319 2140 naturam
1353 2100 1487 2142 carnis

69 2171 267 2228 imponit.
334 2169 578 2212 Renuneuli
624 2181 764 2212 autem
802 2170 970 2224 ignibus
1007 2173 1163 2224 traditi,
1203 2175 1294 2230 quis
1325 2176 1490 2219 dubitet

69 2250 188 2304 quod
226 2248 368 2288 nullos
406 2244 451 2286 in
493 2245 662 2288 Christo
711 2247 840 2289 fuisse
878 2247 1068 2290 indicent
1106 2249 1351 2303 genitalium
1387 2271 1486 2309 par-

66 2325 175 2367 tium
205 2322 377 2366 motus?
410 2322 544 2377 Quod
573 2339 674 2365 vero
706 2325 760 2366 de
786 2326 989 2380 sanguiue
1021 2327 1182 2370 hostiae
1210 2329 1362 2384 septies
1393 2343 1488 2373 ante

35 2393 41 2403 x
67 2401 311 2443 Dominum
342 2401 539 2443 sacerdos
569 2416 811 2456 respergere
837 2415 1114 2455 memoratur,
1146 2403 1362 2448 evidenter
1391 2424 1486 2450 san-

186 2638 231 2692 ¹)
257 2636 376 2678 Libri
406 2637 506 2679 editi
544 2637 604 2694 (v.
636 2654 670 2678 c.
707 2638 802 2680 edd.
811 2638 941 2703 .Μ.;)
980 2639 1052 2690 „in
1091 2642 1385 2698 superioribus
1425 2647 1490 2688 di-

68 2692 511 2791 ximus,unomodo“
553 2706 628 2736 etc.
642 2724 654 2744 ,
691 2695 765 2736 sed
807 2693 854 2736 in
893 2695 1036 2745 Codd
1078 2696 1179 2742 Mss.
1212 2701 1367 2753 deest,
1370 2702 1489 2753 ,dixi-

67 2767 162 2792 mus
176 2755 200 2775 “

186 2818 234 2874 ²)
263 2819 312 2859 Iu
345 2817 454 2861 Cod.
485 2819 763 2872 Sangermau.
794 2822 933 2867 deest:
962 2822 1314 2876 „deificandam.“
1345 2827 1396 2869 R.

70 2895 295 2941 Omeems
324 2894 497 2941 Oreas.
527 2896 651 2941 Tou.
683 2897 757 2942 IX.
1106 2902 1164 2948 14
