1752 3136
444 153 491 181 ΙΝ
521 140 774 189 LEVITICUM
804 140 1004 179 ΗοΜῙιΙΛ
1030 138 1083 178 Χ.
1404 144 1486 186 371

61 265 261 308 tanquam
297 269 318 294 a
349 251 531 293 Domini
560 251 723 306 spiritu.
780 249 904 302 Unge
934 250 1058 291 etiarn
1088 261 1214 306 caput
1242 242 1484 303 tuumfsed

62 331 235 379 observa
266 344 321 369 ne
353 330 449 370 oleo
479 328 665 386 peccati:
706 328 880 381 „oleum
901 326 944 382 ¹)
983 327 1095 368 enim
1128 326 1364 382 peccatoris
1395 345 1486 369 non

58 406 294 463 impinguet
323 405 509 460 caput2)
539 408 699 446 tuum.“
758 404 845 445 Sed
874 419 986 455 unge
1017 415 1144 459 caput
1173 404 1270 446 oleo
1304 406 1483 448 exsulta-

59 483 199 533 tionis,
231 482 326 523 oleo
357 481 551 531 laetitiae,
583 483 680 523 oleo
712 479 1052 529 misericordiae,
1083 480 1139 522 ita
1170 492 1217 523 ut
1245 483 1483 524 secundum

58 560 303 600 mandatum
335 557 586 613 sapientiae,
623 559 911 600 misericordia
944 570 984 599 et
1022 558 1127 599 fides
1166 573 1257 598 non
1290 560 1487 601 deserant

58 648 112 677 te.
171 628 404 689 Propterea
437 634 550 675 enim
581 646 620 675 et
650 635 904 690 Apostolus,
944 635 1089 676 volens
1130 635 1374 676 abstrahere
1403 652 1484 677 nos

58 715 111 754 ab
143 712 205 753 his
238 710 469 753 visibilibus
501 723 541 752 et
568 712 758 760 terrenis,
789 724 827 752 et
859 711 1017 763 erigere
1048 711 1225 762 animos,
1254 728 1484 768 sensusque

55 799 224 830 nostros
251 791 304 830 ad
336 788 558 838 coelestia,
604 789 755 829 clamat
793 800 832 830 et
871 787 993 829 dicit:
1043 788 1166 844 „si³)
1206 789 1484 831 resurrexistis

57 882 153 906 cum
187 857 369 916 Christo,
399 882 509 921 quae
537 882 703 908 sursum
735 876 834 907 sunt
865 865 1065 922 quaerite,
1095 882 1187 907 non
1220 882 1329 921 quae
1357 882 1485 922 super
1542 868 1546 871 ’

57 949 255 984 terram.“
313 945 471 984 Nonne
502 954 645 997 aperte
674 942 751 983 tibi
782 943 906 993 dicit,
936 943 1028 984 noli
1060 958 1265 997 quaerere
1293 931 1337 984 in
1368 926 1488 985 terris

55 1019 304 1070 Jerusalem,
334 1037 414 1062 nec
435 1018 730 1061 >observantias
760 1018 881 1071 legis,
918 1035 998 1060 nec
1035 1017 1244 1075 jejunium
1291 1020 1484 1062 Judaeo-

57 1114 168 1147 rum,
199 1097 272 1137 sed
300 1094 509 1152 jejunium
541 1094 726 1136 Christi?
789 1094 995 1151 Jejunans
1041 1096 1152 1136 enim
1196 1096 1325 1137 debes
1367 1096 1484 1138 adire

57 1173 303 1229 pontificem
334 1185 456 1213 tuum
490 1171 727 1221 Christum,
779 1171 852 1227 qui
891 1172 1040 1227 utique
1069 1189 1159 1213 non
1190 1173 1235 1213 in
1266 1173 1387 1214 terris
1418 1190 1487 1215 re-

58 1252 288 1306 quirendus
320 1262 389 1299 est,
417 1251 491 1292 sed
520 1249 565 1290 in
598 1249 749 1300 coelis,
789 1261 829 1290 et
873 1266 951 1304 per
987 1250 1127 1305 ipsum
1168 1252 1296 1293 debes
1328 1253 1487 1292 offerre

59 1328 240 1370 hostiam
261 1329 372 1369 Deo.
433 1327 504 1367 Vis
533 1325 610 1367 tibi
641 1326 782 1367 adhuc
813 1328 1050 1376 ostendam,
1083 1329 1207 1382 quale
1235 1339 1276 1368 te
1309 1340 1482 1384 oportet

59 1405 255 1463 jejunare
284 1402 522 1462 jejunium?
572 1402 728 1458 Jejuna
758 1405 812 1443 ab
846 1403 963 1444 omni
993 1415 1201 1467 peccato,
1229 1405 1398 1447 nullum
1429 1406 1487 1448 ci-

59 1482 164 1522 bum
195 1498 334 1523 sumas
363 1479 562 1529 malitiae,
591 1480 731 1520 nullas
763 1482 901 1536 capias
920 1482 1063 1537 epulas
1088 1481 1328 1537 voluptatis,
1358 1483 1480 1524 nullo

25 1584 27 1587 ·
65 1559 164 1599 vino
196 1558 387 1599 luxuriae
429 1558 703 1600 eoncalescas.
770 1554 932 1615 Jejuna¹
957 1576 980 1600 a
1012 1558 1135 1600 malis
1164 1559 1349 1612 actibus,
1388 1560 1485 1602 abs-

60 1636 148 1676 tine
191 1652 212 1675 a
245 1634 366 1675 malis
395 1634 678 1686 sermonibus,
709 1635 882 1676 contine
913 1647 951 1676 te
981 1652 1004 1676 a
1034 1635 1360 1693 cogitationibus
1389 1652 1485 1692 pes-

56 1711 183 1754 simis.
239 1711 342 1751 Noli
373 1711 617 1764 contingere
646 1728 776 1767 panes
807 1712 1221 1769 furtivos-perversae
1249 1712 1480 1757 doctrinae.

58 1790 160 1830 Non
191 1787 465 1843 concupiscas
495 1790 664 1830 fallaces
694 1789 995 1844 philosophiae
1024 1790 1156 1839 cibos,
1188 1789 1260 1845 qui
1290 1801 1331 1830 te
1361 1807 1382 1831 a
1415 1807 1484 1833 ve-

60 1866 180 1908 ritate
208 1867 423 1909 seducant.
492 1865 599 1907 Tale
636 1865 845 1924 jejunium
889 1867 988 1907 Deo
1027 1866 1176 1921 placet.
1261 1867 1487 1910 Abstinere

59 1961 159 1986 vero
194 1936 372 1993 a’cibis,
416 1960 522 1999 quos
553 1944 672 1984 Deus
715 1943 889 1994 creavit,
938 1945 992 1985 ad
1031 1943 1357 1999 percipiendum
1389 1962 1486 1986 cum

63 2021 291 2075 gratiarum
321 2020 488 2066 actione
517 2021 740 2069 fidelibus,
764 2014 820 2061 ‘et
860 2021 943 2062 hoc
982 2023 1122 2062 facere
1160 2037 1256 2062 cum
1288 2021 1375 2072 his,
1413 2021 1487 2077 qui

65 2097 280 2139 Christum
313 2097 635 2147 crucifixerunt,
661 2099 898 2154 'acceptum
941 2099 1152 2139 esse'non
1193 2109 1334 2153 potest
1371 2098 1485 2140 Deo.

63 2174 275 2228 Indignati
304 2185 402 2215 sunt
436 2174 667 2230 aliquando
700 2188 739 2216 et
768 2174 983 2216 Pharisaei
1013 2173 1233 2224 Domino,
1279 2191 1354 2215 cur
1396 2191 1486 2216 non

63 2252 304 2311 jejunarent
333 2251 530 2306 discipuli
560 2250 660 2308 ejus.
730 2251 899 2306 Quibus
937 2251 1008 2292 ille
1038 2250 1349 2307 respondit,‘²)
1389 2250 1487 2306 quia

65 2347 156 2371 non
186 2336 365 2386 possunt
393 2327 469 2368 filii
499 2328 642 2384 sponsi
673 2327 884 2386 jejunare,
925 2328 1130 2384 quamdiu
1172 2344 1268 2369 cum
1300 2327 1399 2383 ipsis
1430 2340 1490 2370 est

69 2424 262 2464 sponsus,
334 2404 402 2446 Illi
443 2420 541 2457 ergo
581 2403 792 2462 jejunent,
838 2406 910 2462 qui
949 2405 1231 2462 perdiderunt
1268 2421 1489 2461 sponsum,

70 2500 150 2524 nos
181 2484 384 2526 habentes
414 2481 639 2524 nobiscum
670 2484 885 2537 sponsum>
904 2481 1097 2540 jejunare
1126 2499 1216 2524 non
1252 2499 1489 2539 possumus.

187 2692 230 2747 ¹)
262 2692 416 2736 Psalm.
449 2692 596 2743 CXLI,
623 2693 664 2735 5.

185 2761 232 2816 ²)
261 2762 362 2802 Mss.
391 2774 544 2818 „caput
572 2766 734 2805 tuum.“
808 2760 925 2802 Libri
957 2759 1057 2802 editi
1096 2760 1155 2816 (v.
1189 2780 1222 2804 c.
1254 2763 1348 2805 edd.
1380 2762 1487 2817 Μ.)-

71 2830 225 2875 „eaput
253 2822 440 2859 meum.“
471 2820 520 2860 R.

188 2888 236 2944 ³)
268 2887 429 2933 coloss.
458 2889 531 2941 111,
564 2893 599 2933 1.
721 2889 766 2944 ⁴)
796 2859 945 2930 matth.
968 2858 1053 2938 ix,
1082 2887 1148 2929 15.

1063 2963 1157 3005 24*
