1752 3136
516 119 569 151 m
598 105 801 148 Exonmu
831 104 1031 146 Homms
1060 103 1155 146 Χῐῐ.
1399 163 1406 171 ·
1435 103 1520 148 143

103 233 219 263 retur
247 222 451 262 velamen.
506 217 640 270 Igitur
669 232 837 258 causam
877 215 1098 256 auferendi
1136 213 1374 263 velaminis,
1414 230 1519 256 con-

103 299 338 340 versionem
367 306 555 338 nostram
587 309 672 335 csse
703 291 806 356 ‹ii-cit
835 293 889 333 ad
918 291 1173 334 Dominum.
1215 292 1280 333 Ex
1309 307 1396 346 quo
1429 292 1520 333 (201-

103 373 271 426 ligenda
301 385 400 416 sunt
427 370 553 413 nobis
582 369 754 420 indicia,
788 370 929 425 quod,
960 369 1098 410 donec
1125 370 1310 419 legentes
1340 367 1520 423 scriptu-

104 468 170 492 ras
198 450 355 493 divinas
383 450 483 490 latet
510 464 588 490 nos
617 447 881 496 intellectus,
919 448 1059 487 donec
1100 447 1280 486 obscura
1310 456 1408 486 sunt
1435 462 1518 486 no-

102 528 166 582 his
196 540 235 568 et
277 528 437 576 clausa,
480 541 590 581 quae
636 524 792 580 scripta
835 535 954 573 sunt,
994 524 1193 564 nondum
1235 523 1426 564 conversi
1464 524 1518 565 ad

100 603 340 645 Dominum
370 620 524 645 sumus.
594 603 641 644 Si
680 603 795 643 enim
834 599 1025 643 conversi
1067 616 1247 642 essemus
1278 602 1333 641 ad
1362 600 1517 642 Domi-

101 697 219 730 num,
247 680 336 739 sine
368 680 501 722 dubio
533 681 769 721 auferretur
799 678 1004 720 velamen.

208 760 247 801 2.
279 758 365 799 Sed
408 770 447 800 et
485 758 569 798 hoc
608 757 748 813 ipsum
790 754 980 797 converti
1018 755 1071 795 ad
1113 753 1352 795 Dominum
1395 755 1520 809 quale

96 835 160 885 sit,
190 834 416 877 videamus.
483 834 540 874 Et
568 845 615 874 ut
646 833 876 875 evidentius
917 832 1024 874 scire
1054 830 1286 886 possimus,
1333 831 1436 886 quid
1466 831 1518 872 sit

100 928 347 962 conversus,
388 911 620 953 dicendum
659 911 785 952 nobis
829 910 947 966 prius
988 920 1067 957 est,
1109 907 1213 963 quid
1252 908 1302 948 sit
1342 924 1518 950 aversus.

100 974 251 1051 Omnis
281 990 366 1046 qui,
396 1006 490 1030 cum
522 988 754 1030 recitantur
792 987 918 1027 verba
962 984 1083 1038 legis,
1125 984 1424 1026 communibus
1454 987 1518 1026 fa-

99 1065 210 1107 bulis
251 1078 508 1122 occupatur,
554 1081 719 1106 aversus
751 1076 823 1110 est.
894 1063 1056 1105 Omnes
1087 1062 1182 1117 qui,
1229 1078 1325 1102 cum
1366 1063 1519 1112 legitur

97 1141 255 1193 Moses,
286 1143 339 1183 de
368 1140 544 1195 negotiis
570 1142 740 1193 saeculi,
769 1141 823 1181 de
852 1139 1046 1196 pecunia,
1078 1141 1131 1181 de
1160 1138 1289 1179 lucris
1312 1138 1516 1180 sollicitu-

96 1217 238 1260 dinem
270 1218 386 1271 gerit,
417 1234 582 1259 aversus
614 1229 683 1259 est.
746 1217 920 1268 Omnis,
960 1216 1032 1273 qui
1061 1214 1376 1272 possessionum
1407 1216 1518 1258 curis

97 1296 324 1350 stringitur,
357 1308 397 1336 et
427 1294 669 1336 divitiarum
701 1294 931 1350 cupiditate
963 1293 1224 1342 distenditur,
1256 1292 1329 1348 qui
1359 1292 1518 1345 gloriae

96 1373 265 1423 saeculi,
295 1384 335 1414 et
364 1373 515 1415 mundi
545 1371 784 1413 honoribus
813 1372 970 1422 studet,
1010 1387 1178 1412 aversus
1217 1380 1289 1411 est.
1358 1370 1446 1411 Sed
1478 1382 1518 1411 et

95 1452 170 1506 qui
200 1451 253 1491 ab
284 1449 348 1490 his
380 1449 551 1505 quidem
582 1449 749 1490 videtur
778 1448 959 1496 alienus,
1005 1446 1153 1488 assistit
1180 1458 1342 1495 autem,
1372 1459 1412 1488 et
1440 1464 1516 1489 au-

97 1528 159 1569 dit
188 1523 316 1568 verba
348 1525 460 1578 legis,
493 1538 532 1566 et
560 1527 678 1566 vultu
710 1537 837 1581 atque
868 1524 1001 1565 oculis
1037 1522 1244 1573 intentus,
1284 1526 1416 1565 corde
1451 1535 1517 1566 ta-

97 1619 196 1644 men
227 1615 266 1644 et
296 1602 623 1656 cogitationibus
663 1614 879 1654 evagatur,
924 1618 1089 1642 aversus
1121 1612 1190 1642 est.
1258 1600 1378 1655 Quid
1416 1618 1516 1655 ergo

96 1691 156 1721 est
185 1680 407 1723 converti?
453 1679 499 1721 Si
538 1680 600 1721 his
641 1679 838 1720 omnibus
867 1691 979 1731 terga
1009 1690 1240 1728 vertamus,
1284 1689 1324 1719 et
1359 1679 1517 1729 studio,

96 1756 281 1807 actibus,
318 1769 482 1807 mente,
522 1755 832 1806 sollicitudine,
870 1757 1002 1797 verbo
1032 1755 1117 1796 Dei
1147 1771 1323 1810 operam
1355 1756 1518 1806 demus,

97 1845 138 1874 et
164 1832 208 1874 in
237 1833 329 1885 lege
359 1831 447 1889 ejus
478 1834 547 1875 die
577 1850 626 1875 ac
655 1845 781 1875 nocte
811 1831 1093 1882 meditemur,
1122 1831 1283 1873 omissis
1315 1834 1517 1874 omnibus

94 1911 192 1953 Deo
231 1926 448 1960 vacemus,
497 1927 768 1952 exerceamur
805 1910 850 1951 in
887 1909 1138 1951 testimoniis
1179 1908 1289 1966 ejus,
1334 1910 1419 1951 hoc
1456 1922 1518 1951 est

98 2003 346 2029 conversum
380 2004 467 2029 esse
497 1990 550 2030 ad
581 1988 834 2029 Dominum.
882 1986 951 2027 Tu
969 2002 1068 2038 ergo
1100 1986 1133 2027 si
1163 1986 1346 2028 volueris
1376 1987 1514 2028 filium

94 2077 215 2107 tuum
244 2065 351 2107 scire
380 2065 541 2115 literas,
585 2082 687 2122 quas
717 2065 911 2106 liberales
942 2074 1107 2112 vocant,
1134 2063 1243 2105 scire
1273 2065 1516 2117 grammati-

96 2159 202 2191 cam,
231 2144 296 2183 vel
327 2142 584 2184 rhetoricam
614 2143 896 2199 disciplinam,
928 2140 1140 2196 numquid
1169 2157 1260 2180 non
1279 2141 1342 2200 vab
1376 2140 1516 2181 omni-

94 2220 173 2259 bus
205 2234 299 2260 eum
330 2235 510 2261 vacuum
542 2231 581 2260 et
610 2220 790 2261 liberum
820 2219 992 2261 reddis?
1022 2217 1241 2273 Numquid
1271 2235 1360 2259 non
1387 2217 1516 2260 omis-

93 2295 147 2338 sis
179 2295 346 2346 ceteris,
377 2296 476 2338 huic
506 2296 580 2337 uni
615 2296 756 2338 studio
798 2298 899 2338 dare
947 2311 1121 2351 operam
1163 2293 1295 2336 facis?
1351 2295 1516 2337 Paeda-

95 2387 247 2424 gogos,
286 2373 527 2426 magistros,
568 2373 724 2423 libros,
768 2373 1002 2430 impensas,
1032 2372 1139 2413 nihil
1169 2389 1343 2426 prorsus
1373 2372 1516 2415 deesse

94 2449 216 2499 facis,
254 2452 398 2506 quoad
438 2466 571 2506 usque
607 2452 844 2506 perfectum
884 2448 1097 2506 propositi
1139 2448 1266 2489 studii
1307 2466 1416 2505 opus
1446 2466 1515 2491 re-

92 2538 246 2581 portet.
307 2527 415 2582 Quis
445 2540 638 2569 nostrum
667 2527 723 2569 ita
754 2544 799 2569 se
828 2528 883 2568 ad
913 2526 1079 2568 divinae
1109 2525 1210 2576 legis
1239 2525 1378 2568 studia
1408 2543 1513 2568 con-

92 2603 245 2646 vertit?
287 2605 394 2660 Quis
425 2617 617 2647 nostrum
650 2605 705 2646 ita
737 2621 912 2661 operam
945 2603 1092 2646 dedit?
1139 2601 1247 2656 Quis
1276 2613 1394 2643 tanto
1425 2614 1515 2644 stu-

94 2679 166 2721 dio
198 2697 244 2722 ac
275 2682 425 2724 labore
455 2683 595 2724 divina
628 2682 792 2738 quaerit
822 2680 982 2731 studia,
1012 2691 1172 2736 quanto
1206 2679 1409 2735 quaesivit
1433 2680 1514 2720 hu-

93 2758 251 2799 mana?
311 2759 366 2800 Et
397 2760 499 2816 quid
531 2758 856 2816 conquerImur,
892 2758 946 2809 si,
986 2760 1106 2814 quod
1144 2773 1233 2798 non
1276 2755 1514 2805 didicimus,

94 2825 364 2887 ignoramus?
396 2837 540 2893 Aliqui
571 2849 753 2880 vestrum
785 2849 830 2880 ut
860 2834 1025 2879 recitari
1055 2834 1281 2889 audierint,
1314 2849 1422 2890 quae
1452 2833 1512 2873 le-
