1752 3136
523 126 569 158 m
599 113 851 156 LEWTICUM
881 110 1081 152 HomuA
1106 108 1158 148 V.
1474 105 1559 148 249

146 227 381 271 nominari:
411 228 455 269 in
485 227 568 268 hoc
596 237 740 266 tamen
769 224 868 264 loco
899 218 1170 273 invenitur¹)
1206 232 1290 258 csse
1321 215 1558 257 discrctum.

146 307 257 348 Nam
288 323 383 347 cum
414 302 602 359 superius
639 300 683 340 in
721 299 861 341 hostia
890 314 971 353 pro
1003 306 1179 352 peccato
1212 293 1338 335 ritum
1367 291 1562 332 sacrificii

147 395 275 439 atque
304 382 497 423 ordinem
526 364 775 427 tradidisset,
801 392 917 416 nunc
947 373 1170 428 separatim
1199 371 1374 411 mandat
1401 366 1561 409 sacrifi-

149 461 260 501 cium
289 475 368 514 pro
405 456 584 498 delicto:
621 467 660 495 ct
697 453 886 509 quamvis
927 452 1076 492 eodem
1120 447 1291 497 ordine,
1336 457 1462 501 atque
1493 460 1563 484 ea-

149 538 245 577 dem
278 532 539 576 observantia
571 542 720 571 cuncta
750 531 1028 577 mandentur,
1079 538 1118 567 et
1156 526 1283 566 addat
1311 522 1355 563 in
1386 519 1562 562 novissi-

146 612 247 653 mis:
277 609 467 662 ‚,sicut2)
506 607 572 659 id,
605 608 722 663 quod
752 624 832 663 pro
864 616 1041 662 peccato
1074 614 1144 652 est,
1174 603 1230 642 ita
1265 612 1304 640 et
1332 598 1400 647 id,
1446 597 1565 653 quod

145 704 226 742 pro
260 687 411 728 delicto
445 698 524 727 est:
555 686 619 725 lex
651 701 736 725 una
769 684 845 724 crit
874 686 1072 724 eorum:“
1102 692 1243 721 tamen
1271 675 1404 717 voluit
1424 684 1566 715 osten-

147 765 247 803 dere
280 780 364 804 esse
396 762 556 818 aliquid
588 762 852 803 differentiae
880 759 924 800 in
954 758 1040 809 his,
1077 757 1231 812 quibus
1269 751 1472 796 sacrificia
1504 748 1568 790 di-

144 839 230 880 visa
260 839 486 882 mandavit.
544 840 593 880 In
626 856 711 894 quo
743 854 818 890 ego
836 836 881 893 3)
902 848 1006 892 puto
1030 835 1229 876 delictum
1251 830 1424 886 quidem
1448 843 1566 868 com-

146 918 321 958 missum
354 932 439 957 esse
467 916 597 958 levius
628 916 869 970 aliquanto,
912 929 1037 967 quam
1066 920 1300 966 peccatum.
1359 906 1470 946 Nam
1500 903 1569 944 in·-

147 993 339 1035 venimus
355 991 401 1048 4)
432 994 484 1033 de
513 1005 688 1048 peccato
722 991 826 1040 dici,
869 990 986 1045 quod
1030 987 1082 1029 sit
1112 997 1332 1042 peccatum
1368 983 1422 1022 ad
1451 997 1569 1021 mor-

150 1081 249 1111 tem.
306 1070 376 1111 De
406 1071 560 1111 delicto
595 1085 685 1110 non
716 1068 905 1119 legimus,
937 1067 1055 1120 quod
1087 1079 1172 1105 esse
1192 1061 1358 1103 dicatur
1377 1059 1431 1098 ad
1449 1074 1568 1098 mor-

149 1159 246 1189 tem.
307 1147 407 1189 Scio
438 1159 580 1188 tamen
622 1157 660 1186 et
689 1145 807 1185 illam
851 1141 1155 1190 differentiam,
1201 1154 1310 1195 quae
1348 1134 1570 1177 nonnullis

149 1224 402 1279 sapientium
435 1223 518 1265 visa
549 1235 627 1273 est,
660 1223 778 1278 quod
811 1222 1015 1262 delictum
1047 1219 1219 1275 quidem
1251 1217 1320 1265 sit,
1352 1230 1449 1256 cum
1479 1229 1572 1253 non

151 1300 330 1342 facimus
361 1318 422 1351 ca,
455 1318 562 1357 quae
590 1303 732 1342 facere
757 1301 984 1341 debemus:
1011 1307 1232 1352 peccatum
1255 1309 1354 1334 vero
1376 1291 1439 1341 sit,
1474 1307 1573 1330 cum

153 1378 458 1419 committimus
501 1395 569 1428 ea,
620 1393 728 1433 quae
767 1374 1031 1417 committere
1067 1390 1158 1413 non
1198 1371 1415 1412 debemus.
1485 1368 1574 1410 Sed

152 1455 259 1496 haec
291 1456 495 1510 quoniam
536 1472 628 1495 non
662 1469 831 1508 semper
869 1453 916 1493 in
955 1451 1171 1507 scripturis
1210 1448 1359 1490 divinis
1387 1447 1466 1488 sub
1495 1447 1574 1487 ista

153 1531 422 1574 distinctione
450 1532 708 1579 invenimus,
751 1530 912 1572 idcirco
955 1525 1204 1579 generaliter
1241 1524 1453 1565 affirmare
1482 1539 1574 1564 non

153 1625 395 1664 possumus.
453 1608 584 1660 Igitur
615 1609 765 1648 eodem
797 1607 955 1656 modo,
1000 1616 1126 1659 atque
1167 1603 1314 1644 eadem
1344 1601 1576 1642 traditione

157 1687 210 1726 de
240 1685 458 1734 sacrificio,
492 1685 609 1739 quod
638 1701 718 1739 pro
752 1683 906 1723 delicto
940 1683 1143 1730 offertur,
1174 1679 1473 1735 accipiendum
1505 1689 1577 1727 est,

158 1779 244 1818 quo
278 1774 318 1803 ct
346 1778 473 1817 supra
505 1761 772 1816 exposuimus
818 1761 871 1800 de
901 1776 976 1809 eo,
1019 1761 1137 1814 quod
1174 1774 1255 1814 pro
1293 1768 1471 1812 peccato
1503 1766 1576 1796 est.

157 1838 361 1881 Similiter
390 1840 502 1880 enim
530 1836 734 1895 jubentur
776 1838 920 1892 adipes
952 1836 1112 1884 arietis,
1138 1835 1181 1885 ii,
1214 1835 1286 1890 qui
1318 1833 1428 1875 circa
1456 1849 1577 1875 renes

157 1929 266 1967 sunt,
298 1928 338 1957 et
364 1917 406 1966 ii,
437 1916 509 1970 qui
537 1915 741 1956 interiora
772 1914 983 1970 operiunt,
1012 1912 1179 1969 imponi
1200 1929 1329 1968 super
1347 1913 1499 1953 altare:
1527 1922 1578 1951 ut

160 2005 202 2034 et
230 2005 288 2043 tu,
319 1992 390 2049 qui
419 1995 525 2033 haec
556 1993 686 2044 audis,
717 1993 834 2041 scias,
865 2008 993 2032 omne
1023 1991 1142 2047 quod
1173 2002 1231 2031 est
1257 1990 1365 2030 intra
1397 2001 1438 2031 te
1469 2004 1579 2028 cras-

160 2070 258 2119 sius,
289 2081 329 2110 et
358 2071 492 2126 operit
521 2070 724 2112 interiora
753 2082 835 2119 tua,
868 2071 1023 2110 debere
1052 2080 1094 2108 te
1126 2068 1282 2108 offerre
1311 2066 1399 2119 igni
1427 2066 1578 2116 altaris,

162 2157 210 2187 ut
238 2157 473 2202 purgentur
503 2145 643 2187 omnia
675 2146 877 2188 interiora
906 2158 1000 2194 tua,
1027 2157 1067 2186 et
1096 2144 1208 2187 dicas
1240 2157 1278 2186 et
1306 2156 1375 2196 tu,
1404 2143 1512 2185 sicut
1540 2155 1580 2185 et

161 2224 306 2265 David
353 2222 539 2263 dicebat:
589 2224 793 2272 „benedic
812 2225 856 2278 5>
903 2223 1043 2264 anima
1089 2239 1184 2264 mea
1230 2222 1490 2272 Dominum,
1540 2234 1580 2263 ct

165 2301 309 2342 onmia
340 2301 542 2341 interiora
578 2317 673 2340 mea
714 2317 875 2342 nornen
913 2312 1102 2342 sanctum
1142 2299 1268 2356 ejusf‘
1335 2299 1425 2340 Nisi
1467 2299 1582 2341 enim

165 2380 303 2420 ablata
334 2378 461 2419 suerit
492 2377 723 2418 crassitudo
753 2377 846 2426 illa,
874 2394 980 2434 quae
1009 2377 1107 2431 tegit
1135 2378 1336 2420 interiora
1368 2390 1459 2426 tua,
1488 2394 1580 2418 non

164 2467 343 2511 possunt
371 2455 567 2497 subtilem
600 2467 639 2495 ct
668 2454 928 2511 spiritualem
961 2472 1111 2512 capere
1142 2472 1331 2505 sensum,
1369 2472 1449 2497 nec.
1479 2472 1580 2511 pos-

284 2589 328 2643 1)
360 2589 467 2632 cod.
511 2590 783 2641 Sangcrman.
824 2589 1034 2644 (itemque
1072 2591 1166 2631 cdd.
1197 2590 1302 2643 Μ.>;
1344 2589 1581 2639 „invenitur

169 2662 254 2688 esse
285 2646 553 2688 discretum.‘⁶
611 2646 727 2688 Libri
756 2646 876 2688 editi:
907 2647 1168 2696 „invenietur
1198 2647 1466 2690 discretum.“
1498 2649 1551 2688 R.

286 2716 331 2770 ²)
362 2716 488 2756 Levit.
520 2716 609 2766 Vll,
642 2719 678 2759 7.

284 2785 330 2839 3)
360 2785 470 2826 Edd.
498 2785 693 2828 Merlini:
724 2801 828 2842 puto
860 2804 935 2841 ego
969 2801 1042 2831 etc.

283 2854 325 2910 ⁴)
361 2855 446 2897 Csr.
477 2856 494 2898 l
523 2859 678 2901 Joann.
711 2860 761 2909 V,
793 2861 858 2903 16.
891 2862 956 2903 17.
1079 2860 1122 2916 ⁵)
1151 2861 1305 2904 Psalm.
1339 2860 1449 2908 CIII,
1479 2861 1517 2901 1.
