1752 3136
240 99 325 145 364
838 102 1065 146 Omussms

242 229 414 256 censum
444 229 571 270 super
600 212 738 267 ignem
769 215 813 257 in
846 226 1075 271 conspectu
1109 215 1302 265 Domini,
1335 227 1373 257 et
1404 216 1566 273 operiet
1597 220 1662 261 fu-

238 308 333 333 Jnus
363 291 522 333 incensi
550 291 917 348 propitiatorium,
938 292 978 347 Ι)
1011 293 1128 347 quod
1162 304 1220 334 est
1250 310 1378 349 super
1408 295 1663 346 testimonio,

240 381 281 410 ct
310 386 402 410 non
432 370 653 414 morietur,
710 370 766 411 Et
797 381 931 411 sumet
963 370 1015 409 de
1045 370 1248 420 sangnine
1266 369 1397 423 vituli,
1431 383 1470 412 et
1497 389 1660 428 resper-

238 459 306 497 get
355 445 486 498 digito
527 463 604 487 suo
653 464 781 502 super
819 446 1165 502 propitiatorium
1213 460 1361 489 contra
1416 449 1662 489 01·ientem.“

236 522 357 565 Ritus
389 523 561 579 quidem
593 525 707 580 apud
738 536 894 565 veteres
924 525 1241 580 propitiationis
1284 543 1365 581 pro
1400 526 1660 575 hominibus,

236 602 311 657 qui
341 602 470 642 fiebat
512 603 564 642 ad
595 602 760 651 Deum,
806 601 986 656 qualiter
1024 602 1311 644 celebraretur
1350 604 1544 645 edocuit:
1587 605 1659 645 sed

234 691 296 729 tu,
327 681 399 734 qui
429 681 482 720 ad
516 679 729 720 Christum
764 678 932 727 venisti,
965 679 1213 733 pontificem
1244 697 1410 731 verum,
1457 681 1529 737 qui
1563 699 1658 723 san—

235 758 361 810 guine
391 774 469 798 suo
500 757 642 797 Deum
676 755 752 795 tibi
784 755 1018 810 propitium
1055 756 1176 805 fecit,
1224 769 1262 797 et
1305 760 1593 800 reconciliavit
1620 772 1661 800 te

234 835 370 892 patri,
406 849 497 874 non
527 834 699 873 haereas
738 832 781 872 in
811 831 1014 884 sanguine
1046 833 1203 875 carnis:
1246 835 1318 874 scd
1364 837 1476 877 disce
1516 837 1659 892 potius

233 912 481 964 sanguinem
514 910 644 960 verbi,
677 921 717 950 et
749 909 1005 965 audiipsum
1024 910 1100 951 tibi
1122 910 1346 961 dicentem,
1379 912 1475 967 quia
1507 913 1660 968 ‚,hic²)

233 989 400 1043 sanguis
429 1005 547 1029 meus
580 999 660 1035 est,
702 988 773 1042 qui
815 1004 896 1042 pro
934 987 1057 1028 vobis
1097 989 1343 1029 effundetur
1373 989 1417 1029 in
1448 989 1658 1032 remissio-

233 1085 332 1109 nem
364 1070 683 1123 peccatorum.“
738 1065 886 1115 Novit,
934 1065 1008 1120 qui
1042 1065 1247 1124 mysteriis
1277 1066 1466 1108 imbutus
1497 1079 1576 1118 est,
1618 1080 1658 1109 et

237 1162 423 1195 carnem,
455 1156 494 1185 et
521 1142 768 1195 sanguinem
808 1143 925 1183 verbi
956 1142 1053 1184 Dei.
1111 1145 1212 1184 Non
1246 1161 1343 1196 ergo
1376 1145 1659 1186 immoremur

234 1224 279 1266 in
312 1224 400 1273 his,
439 1238 547 1278 quae
577 1233 617 1262 et
643 1220 869 1262 scientibus
899 1232 1000 1261 nota
1030 1233 1148 1271 sunt,
1188 1233 1226 1262 et
1255 1221 1551 1274 ignorantibus
1581 1239 1658 1278 pa-

233 1313 324 1341 tere
353 1316 441 1340 non
473 1310 660 1354 possunt.
732 1297 865 1351 Quod
896 1309 1038 1338 autem
1071 1310 1217 1340 contra
1249 1299 1459 1340 orientem
1490 1316 1654 1355 resper-

234 1380 303 1430 git,
333 1395 423 1419 non
457 1376 592 1418 otiose
623 1375 816 1430 accipias.
884 1376 952 1415 Ab
992 1376 1158 1417 oriente
1197 1377 1275 1417 tibi
1305 1376 1554 1432 propitiatio
1587 1394 1654 1417 ve-

233 1456 311 1496 nit.
368 1455 478 1495 Inde
509 1465 566 1495 est
598 1452 708 1494 enim
741 1451 822 1502 vir,
873 1452 940 1493 cui
973 1453 1129 1494 Oriens
1159 1471 1320 1495 nomen
1353 1464 1433 1503 est,
1464 1453 1537 1508 qui
1568 1470 1658 1494 me-

235 1535 376 1575 diator
413 1532 497 1572 Dei
539 1543 577 1571 et
622 1530 849 1571 hominum
889 1532 1023 1572 sactus
1062 1544 1133 1572 est.
1222 1529 1414 1571 Invitaris
1447 1547 1546 1584 ergo
1582 1548 1659 1587 per

232 1613 342 1661 hoc,
385 1622 433 1651 ut
471 1610 524 1650 ad
556 1609 764 1650 orientem
796 1625 964 1663 semper
995 1609 1225 1664 adspicias,
1272 1609 1389 1650 unde
1418 1608 1496 1650 tibi
1524 1608 1660 1649 oritur

231 1691 299 1731 sol
328 1687 530 1746 justitiae,
568 1687 685 1727 'unde
713 1703 881 1741 semper
909 1685 986 1726 tibi
1026 1687 1171 1726 lumen
1212 1686 1419 1727 nascitur:
1459 1698 1506 1727 ut
1546 1704 1658 1727 nun-

235 1747 363 1823 quam
393 1766 436 1806 in
467 1763 653 1806 tenebris
682 1764 892 1812 ambules,
932 1780 1072 1818 neque
1110 1763 1197 1804 dies
1235 1762 1307 1803 ille
1336 1763 1586 1804 novissimus
1616 1775 1658 1803 te

232 1846 280 1886 in
310 1841 496 1884 tenebris
528 1841 884 1897 comprehendat:
914 1856 968 1880 ne
998 1838 1075 1880 tibi
1107 1840 1369 1892 ignorantiae
1398 1858 1483 1881 nox
1516 1851 1556 1880 et
1586 1856 1653 1880 ca—

232 1923 319 1975 ligo
353 1922 578 1974 subrepat,
619 1920 692 1959 sed
734 1929 780 1958 ut
820 1933 985 1972 semper
1029 1918 1072 1957 in
1113 1916 1310 1957 scientiae
1340 1918 1435 1957 luce
1470 1917 1655 1966 verseris,

233 2015 400 2054 semper
428 1997 583 2038 habeas
613 1996 726 2037 diem
756 1995 867 2044 fidei,
896 2011 1064 2050 semper
1083 1995 1229 2035 lumen
1261 1994 1442 2036 caritatis
1473 2006 1512 2035 et
1541 1994 1654 2050 pacis

234 2078 441 2120 obtineas.

348 2155 414 2199 11.
446 2151 578 2194 Addit
607 2162 703 2207 post
740 2151 844 2192 haec
876 2150 1117 2206 Scriptura:
1157 2162 1222 2200 „et
1242 2150 1288 2204 3)
1326 2167 1415 2191 non
1450 2150 1546 2200 erit,
1584 2150 1650 2190 in-

235 2233 338 2289 quit,
369 2233 516 2279 homo,
547 2246 643 2271 cum
673 2229 934 2282 ingredictur
963 2228 1153 2284 pontifex
1181 2228 1293 2268 intra
1322 2228 1514 2268 velamen
1546 2228 1652 2268 inte-

233 2311 320 2351 rius
357 2309 400 2349 in
440 2308 764 2349 tabernaculum
806 2305 1072 2347 testimonii.“
1152 2304 1389 2358 Quomodo
1436 2320 1527 2344 non
1576 2304 1653 2344 erit

233 2386 401 2428 homo?
459 2385 551 2438 Ego
582 2384 641 2425 sic
671 2383 856 2439 accipio,
887 2385 1027 2439 quod,
1060 2383 1132 2438 qui
1161 2379 1347 2438 potuerit
1376 2380 1495 2435 sequi
1528 2379 1652 2420 Chri-

233 2475 357 2512 stum,
389 2474 428 2503 et
456 2474 678 2517 penetrare
709 2478 806 2503 cum
837 2477 886 2501 eo
918 2459 1094 2501 interius
1122 2458 1456 2506 tabernaculum,
1484 2469 1523 2497 et
1554 2474 1652 2498 coe·

232 2540 376 2580 lorum
409 2540 568 2580 excelsa
599 2539 905 2588 conscendere,
943 2536 1028 2594 jam
1061 2554 1152 2579 non
1183 2535 1260 2577 erit
1288 2535 1446 2584 homo,
1482 2536 1554 2576 sed
1585 2551 1649 2576 se-

353 2671 397 2725 1)
427 2671 545 2711 Libri
576 2673 674 2713 editi
712 2673 772 2729 (v.
804 2690 838 2714 c.
870 2674 963 2714 edd.
994 2673 1079 2726 M.)
1118 2683 1215 2728 post
1253 2668 1652 2725 „propitiatorium“

236 2729 422 2768 addunt:
452 2740 629 2776 „contra
660 2731 908 2777 orientem,“
941 2733 1057 2784 quod
1089 2731 1205 2770 abest
1233 2741 1322 2768 tum
1354 2748 1377 2772 a
1406 2732 1531 2780 {Mssq
1558 2741 1650 2770 tum

236 2801 258 2825 a
290 2795 487 2826 contextu
518 2800 667 2835 graeco
699 2787 833 2827 LXX.
864 2788 1158 2842 interpretum.
1189 2784 1238 2825 R.

351 2852 398 2909 ²)
427 2853 580 2897 Matth.
611 2855 770 2906 XXVI,
799 2856 868 2899 28.
986 2855 1034 2912 ³)
1066 2855 1154 2898 Cfr.
1185 2854 1314 2912 Levit.
1344 2859 1463 2909 XVI,
1493 2856 1558 2899 17.
