1752 3136
544 105 590 137 m
618 93 867 137 anmcnm
896 91 1096 135 Hommii
1120 92 1209 135 VII.
1492 96 1574 141 301

167 219 238 250 aut
268 207 311 250 in
340 217 460 264 parte
490 205 574 248 diei
603 205 709 255 festi,
739 217 810 247 aut
826 205 1088 255 neomeniae,
1119 216 1191 246 aut
1210 204 1251 260 ¹)
1279 206 1579 252 sabbatorum:

166 302 273 342 quae
300 295 398 326 sunt
423 284 576 324 umbra
604 283 891 323 futurorumf·
935 283 1064 324 Vides
1085 298 1196 335 ergo,
1229 286 1451 338 quomodo
1472 287 1578 330 haec
1601 312 1609 316 »

166 361 322 410 omnia,
353 375 457 416 quae
487 360 539 399 de
571 357 696 406 cibis,
732 359 797 398 vel
836 369 945 414 potu
982 359 1173 414 loquitur
1202 360 1368 410 Moses,
1406 360 1578 414 Paulus,

166 439 240 494 qui
267 436 413 477 melius
441 435 517 481 ista
549 434 772 483 didicerat,
813 452 940 499 quam
981 435 1048 501 hi,
1096 437 1168 491 qui
1208 453 1322 478 nunc
1352 437 1505 493 jactant
1532 456 1577 481 se

166 531 250 556 esse
266 514 475 560 doctores,
505 509 647 551 omnia
674 511 778 552 haee
797 512 996 553 umbram
1012 512 1057 568 ²)
1086 512 1186 554 dicit
1213 529 1297 554 esse
1317 515 1574 560 futurorum.

162 592 218 633 Et
244 589 357 638 ideo,
384 589 491 630 sicut
521 587 714 636 diximus,
743 589 796 628 ab
828 589 905 630 hac
936 592 1089 631 umbra
1120 591 1174 630 ad
1205 589 1420 632 veritatem
1444 594 1576 635 debe-

161 684 253 708 mus
283 665 550 707 adscendere.
613 663 918 721 Christianis3)
951 677 989 707 et
1014 683 1037 707 a
1060 666 1304 709 Christianis
1333 684 1471 710 sermo
1504 683 1576 721 est,

161 743 314 799 quibus
344 741 694 797 Apostolicorum
729 729 939 783 dictorum
984 759 1078 785 cara
1119 759 1203 786 esse
1234 736 1363 787 debet'
1389 748 1574 789 auctori-

159 832 233 863 tas.
301 819 348 861 Si
390 820 481 875 quis
528 833 627 858 vero
670 818 908 870 arrogantia
947 819 1135 862 tumidus
1176 822 1423 877 Apostolica
1462 824 1576 867 dieta

161 895 396 939 contemnit
426 907 495 936 aut
524 894 696 951 spernit,
725 895 815 951 ipse
833 896 995 938 viderit.
1038 896 1149 939 Mihi
1173 910 1325 949 autem,
1353 899 1459 941 sicut
1475 901 1574 943 Deo

160 986 200 1016 et
227 972 422 1014 Domino
451 983 600 1013 nostro
627 972 728 1012 Jesu
759 971 944 1021 Christo,
973 973 1027 1013 ita
1060 984 1100 1013 et
1130 975 1348 1029 Apostolis
1380 976 1466 1031 ejus
1497 979 1573 1020 ad-

159 1053 332 1092 haerere
360 1052 526 1090 bonum
556 1059 635 1097 est,
675 1059 715 1088 et
746 1065 791 1088 ex
824 1048 972 1090 divinis
1000 1049 1216 1105 scripturis
1245 1055 1478 1095 secundum
1507 1055 1574 1111 ip-

159 1144 305 1170 sorum
333 1124 604 1166 traditionem
633 1123 949 1176 intelligentiam
981 1142 1143 1181 capere.
1201 1128 1294 1169 Erit
1323 1141 1463 1172 autem
1495 1149 1576 1188 op-

158 1216 390 1260 portunum
417 1204 593 1243 fortasse
620 1212 797 1257 tempus,
826 1202 862 1243 si
889 1214 1032 1243 tamen
1061 1203 1145 1245 Dei
1185 1206 1395 1268 voluntas·
1412 1207 1457 1249 in
1490 1208 1575 1251 hoc

158 1281 300 1332 fuerit,
330 1291 370 1321 et
397 1295 539 1321 rerum
570 1278 849 1334 tranquillitas
879 1279 1031 1330 siverit,
1049 1281 1094 1336 ¹²)
1125 1306 1178 1314 —
1209 1283 1417 1327 nescimus
1447 1288 1574 1337 enim,

159 1358 263 1414 quid
292 1356 428 1413 pariat
454 1367 754 1411 superventura
787 1356 874 1397 dies
904 1383 980 1407 -‚
1017 1369 1065 1399 ut
1103 1358 1226 1400 etiarn
1270 1376 1316 1401 ex
1354 1363 1484 1406 veteri
1511 1375 1574 1405 te-

157 1445 366 1477 stamento
397 1431 683 1483 adsignemus,
711 1435 944 1474 secundum
965 1434 1007 1487 ⁵)
1039 1434 1084 1476 id
1116 1437 1234 1492 quod
1265 1439 1481 1493 Apostolis
1510 1439 1573 1482 vi-

157 1529 252 1554 sum
271 1521 342 1561 est,
370 1509 578 1550 rationem
612 1508 808 1550 ciborum
837 1511 1113 1561 mundorum,
1144 1514 1207 1553 vel
1232 1511 1573 1567 immundorum,

158 1589 232 1630 sed
262 1598 303 1629 et
330 1584 598 1634 animalium,
637 1584 702 1625 vel
732 1584 892 1635 avium,
929 1586 994 1627 vel
1025 1589 1223 1643 piscium,
1262 1591 1315 1632 de
1346 1591 1498 1647 quibus
1526 1594 1574 1635 in

156 1666 247 1718 lege
275 1661 482 1712 scribitur,
512 1659 830 1712 intelligentiam
860 1664 914 1703 ad
943 1664 1135 1707 homines
1162 1668 1441 1711 referendam.
1485 1670 1573 1712 Sed

156 1757 271 1782 nunc
302 1739 506 1795 quoniam
550 1730 700 1778 latiore
740 1738 802 1779 uti
841 1740 1136 1794 explanatione
1173 1760 1261 1784 non
1301 1756 1362 1785 est
1390 1757 1572 1802 tempus,

156 1818 327 1859 duobus
354 1814 586 1858 luminibus
619 1816 954 1871 Apostolorum,
992 1817 1120 1859 Petro
1160 1832 1200 1860 et
1226 1822 1365 1862 Paulo
1397 1823 1570 1865 testibus

158 1892 345 1935 contenti
382 1892 523 1934 simus.
590 1891 646 1932 Et
687 1891 858 1947 quidem
898 1893 1055 1936 Paulus
1095 1912 1202 1952 quae
1241 1899 1437 1949 senserit,
1484 1900 1571 1958 jam

156 1970 425 2025 protulimus.
471 1970 621 2010 Petrus
639 1966 683 2023 6)
714 1973 1082 2026 vero-Apostolus,
1114 1990 1210 2015 cum
1231 1987 1334 2017 esset
1351 1975 1394 2018 in
1413 1978 1571 2035 Joppe,

276 2142 320 2196 ¹)
351 2143 453 2184 Duo
484 2145 584 2186 Mss.
616 2157 714 2196 „aut
743 2147 962 2188 sabbato.¹‘
992 2146 1043 2189 R.

273 2213 320 2268 2)
349 2213 431 2256 Ed.
463 2215 597 2257 Ruaei
627 2218 736 2258 sola:
765 2219 934 2259 umbra.

272 2283 318 2339 ³)
350 2284 510 2326 Omnes
543 2285 643 2326 Mss.
690 2287 960 2337 „Christianis
990 2298 1029 2327 et
1060 2304 1080 2328 a
1115 2286 1398 2334 Christianis.“
1457 2293 1574 2337 Libri

157 2340 258 2382 editi
290 2344 346 2395 (v.
379 2357 413 2383 e.
447 2342 542 2382 edd.
572 2341 679 2396 M.):
723 2343 1000 2392 ‚,Christiani,
1032 2355 1070 2384 et
1101 2346 1152 2385 ad
1189 2344 1490 2392 Christianos.“
1521 2352 1572 2392 R.

156 2421 208 2430 —
239 2397 464 2452 Equidem,
491 2400 672 2453 probata
704 2416 751 2440 ex
773 2414 891 2456 parte
911 2400 1118 2441 librorum
1142 2401 1353 2444 editorum
1377 2406 1573 2458 lectione,

153 2453 213 2494 sic
251 2455 395 2494 locum
438 2466 631 2495 nostrum
684 2457 1019 2498 emendaverim:
1068 2459 1357 2506 „adscendere
1406 2462 1574 2505 Christi.

154 2509 324 2550 Etenim
356 2511 410 2550 ad
442 2510 703 2554 Christianos
735 2529 874 2555 sermo
908 2519 990 2554 est“
1024 2525 1099 2554 etc.
1149 2532 1157 2541 ·

269 2578 316 2635 ⁴²)
345 2580 456 2622 Edd.
488 2580 682 2622 Merlini:
713 2582 917 2631 ‚,siverit.“
975 2583 1056 2625 Ed.
1088 2583 1243 2628 Ruaei:
1275 2587 1466 2636 „fuerit.“

271 2649 316 2704 ⁵)
345 2651 464 2693 Libri
495 2663 615 2693 antea
647 2652 746 2694 editi
776 2655 836 2710 (v.
865 2671 897 2695 c.
918 2655 1012 2696 edd.
1034 2655 1139 2707 M.):
1171 2658 1430 2706 „secundum
1464 2674 1570 2709 eam,

155 2721 263 2760 quae
294 2708 511 2762 Apostolis
542 2707 623 2750 visa
658 2721 738 2761 est,
779 2711 1017 2754 rationem“
1060 2723 1157 2764 etc.,
1195 2714 1269 2755 sed
1307 2713 1406 2757 Mss.
1451 2716 1570 2757 utin

151 2773 297 2804 nostro
330 2773 454 2804 textu.
487 2765 536 2806 R.

267 2831 314 2888 6)
346 2831 430 2876 Csr.
463 2834 551 2879 Act.
581 2836 636 2887 X,
668 2837 706 2881 9.
739 2853 853 2894 seqq.
