1752 3136
295 125 380 168 324
900 124 1119 167 Omeams

297 239 467 280 dolore:
498 252 588 278 non
619 246 692 286 est,
723 234 794 291 qui
824 234 984 294 judicet
1015 236 1219 294 judicium
1251 248 1397 287 tuum,
1439 254 1535 279 cum
1567 239 1717 281 dolore

298 327 441 356 curata
472 331 528 364 es,
557 313 712 355 utilitas
742 330 830 354 non
872 325 931 354 est
961 315 1004 355 in
1036 325 1086 356 te.
1157 314 1319 357 Omnes
1350 314 1472 356 amici
1504 316 1564 356 tui
1595 315 1718 356 obliti

298 404 396 434 sunt
427 392 501 440 tui,
530 407 608 432 nec
636 389 723 447 jam
752 390 1076 444 interrogabunt
1107 393 1158 433 de
1188 404 1246 433 te:
1279 392 1378 448 quia
1407 394 1529 449 plaga
1558 391 1720 433 inimici

297 468 487 526 percussi
533 480 575 510 te
610 468 884 524 correptione
921 469 1058 510 valida
1098 486 1178 526 pro
1221 470 1340 511 omni
1378 469 1599 525 iniquitate
1637 481 1721 518 tua,

300 546 503 602 quoniam
529 545 810 602 ‘multiplicata
842 557 940 586 sunt
969 559 1141 601 peecata
1173 559 1256 589 tua.
1329 547 1444 602 Quid
1478 545 1718 587 vociferaris

297 640 425 680 super
456 622 716 664 contritione
747 621 848 662 tua?
903 622 1125 665 Violentus
1157 636 1216 666 est
1246 625 1374 666 dolor
1403 636 1512 672 tuus,
1541 633 1722 679 propter

297 700 615 742 multitudinem
655 697 925 752 iniquitatum
970 711 1139 740 tuarum
1185 702 1513 754 praevaluerunt
1548 708 1722 753 peccata

299 789 384 825 tua,
416 788 455 817 et
484 776 676 816 fecerunt
705 774 781 814 tibi
813 774 927 815 haec.
998 774 1231 829 Propterea
1272 792 1442 825 omnes,
1483 775 1555 831 qui
1588 777 1718 816 devo-

300 866 393 894 rant
421 866 475 902 te,
502 852 841 900 devorabuntur,
873 863 912 891 et
942 866 1089 891 omnes
1120 849 1279 891 inimici
1309 852 1372 892 tui
1392 868 1536 892 carnes
1564 868 1657 893 suas
1677 851 1719 903 ¹)

298 931 589 972 devorabunt:
628 939 668 968 et
697 939 845 976 erunt,
883 915 955 983 qui
994 939 1033 968 te
1063 927 1303 969 afflixerunt
1332 929 1376 969 in
1406 927 1649 976 afflictione,
1682 938 1721 967 et

299 1024 468 1057 omnes,
512 1006 585 1062 qui
616 1006 936 1046 devastaverunt
964 1017 1027 1055 te,
1075 1006 1188 1046 dabo
1228 1005 1273 1046 in
1311 1005 1718 1060 depraedationem:

299 1085 504 1141 quoniam
540 1083 821 1137 -revocabo²)
851 1082 1071 1123 sanitatem
1102 1096 1238 1133 tuam,
1290 1095 1329 1124 et
1373 1100 1396 1124 a
1435 1082 1619 1122 vulneris
1658 1083 1718 1123 tui

298 1164 452 1205 dolore
482 1162 693 1203 revocabo
724 1171 786 1208 te,
827 1159 930 1201 dixit
961 1159 1216 1201 Dominus.“
1287 1161 1509 1202 blemento
1541 1159 1719 1211 diligen-

295 1241 376 1281 tius
409 1256 518 1295 quae
548 1237 730 1279 audieris
762 1254 784 1278 a
823 1237 1034 1293 propheta
1069 1240 1121 1279 de
1150 1238 1415 1287 vulneribus,
1460 1250 1497 1278 et
1528 1239 1579 1278 de
1611 1237 1720 1278 cica-

295 1317 484 1366 tricibus,
514 1328 553 1356 et
585 1317 637 1356 de
666 1314 908 1355 tumoribus
939 1314 1035 1356 dici.
1108 1314 1226 1356 Haec
1272 1314 1385 1356 enim
1423 1314 1548 1355 nobis
1578 1330 1722 1356 neces-

295 1394 401 1436 saria
433 1403 531 1434 sunt
561 1392 615 1433 ad
647 1391 952 1447 expositionem
985 1391 1254 1442 cicatricum,
1285 1393 1349 1432 vel
1378 1393 1625 1442 vulnerum,
1655 1393 1720 1433 vel

296 1472 478 1512 aliorum
512 1466 834 1525 hujuscemodi,
880 1485 989 1524 quae
1020 1468 1063 1508 in
1094 1469 1239 1523 leprae
1267 1467 1603 1523 inspectionibus
1632 1486 1721 1510 me-

295 1559 533 1590 morantur.
605 1547 824 1588 Addemus
866 1557 1010 1586 tamen
1050 1546 1191 1587 adhuc
1224 1562 1333 1600 quae
1363 1558 1403 1587 et
1432 1545 1476 1586 in
1506 1546 1589 1587 alio
1621 1548 1719 1588 loco

293 1628 411 1668 idem
440 1623 648 1666 Jeremias
680 1624 734 1665 ad
765 1622 930 1664 ani-mae
962 1624 1148 1673 vulnera,
1178 1634 1218 1663 et
1247 1639 1381 1671 curas,
1410 1622 1627 1678 inquibus
1657 1636 1719 1665 ta-

296 1720 394 1744 men
425 1700 590 1752 vestigia
628 1702 851 1742 vulnerum
893 1699 1125 1741 resederint
1154 1712 1251 1754 post
1290 1701 1524 1741 obductam
1555 1700 1719 1742 cicatri-

297 1796 402 1828 cem,
431 1778 492 1818 his
523 1778 792 1818 sermonibus
822 1788 1052 1818 memorat:
1083 1775 1285 1832 „ecce,³)
1317 1793 1392 1829 ego
1417 1778 1629 1819 adducam
1660 1778 1718 1819 ci-

295 1854 492 1897 catricem
523 1852 626 1910 ejus,
657 1865 697 1895 et
726 1855 852 1895 simul
883 1855 1044 1894 curabo
1079 1870 1163 1903 eos,
1195 1865 1235 1894 et
1254 1855 1534 1896 manifestabo
1567 1856 1614 1897 iis
1645 1873 1720 1911 pa-

295 1950 386 1974 cem
419 1943 457 1972 et
486 1931 639 1972 fidem:
669 1930 774 1986 οὔ)
805 1943 1050 1972 convertam
1083 1931 1365 1987 captivitatem
1396 1932 1549 1982 Judae,
1580 1945 1620 1974 et
1651 1950 1720 1975 ca-

293 2008 527 2066 ptivitatem
558 2008 891 2064 Jerusaiemf‘f‘)
952 2008 997 2051 Si
1029 2025 1128 2060 ergo
1162 2008 1421 2050 sufficienter
1451 2027 1475 2052 a
1505 2012 1718 2068 propheta

294 2086 520 2128 didicimus
552 2087 606 2126 de
637 2086 883 2127 vulneribus
915 2097 955 2126 et
985 2085 1250 2126 cicatricibus
1289 2087 1541 2137 animarum,
1572 2079 1611 2129 et
1644 2106 1718 2130 cu-

293 2164 348 2205 ris
391 2181 439 2205 ac
476 2161 744 2213 sanitatibus,
784 2179 893 2218 quae
931 2163 1028 2203 Deo
1070 2163 1311 2204 medicante
1352 2163 1614 2215 inseruntur,
1651 2166 1718 2207 in-

293 2254 412 2284 tuere
450 2258 564 2283 nunc
606 2240 723 2282 illam
757 2240 965 2290 animam,
1010 2240 1062 2280 de
1094 2257 1175 2294 qua
1210 2239 1308 2281 dicit
1338 2240 1575 2291 Dominus,
1616 2243 1717 2298 quia
1750 2281 1752 2285 Α

294 2334 369 2371 ego
412 2316 569 2359 adduxi
610 2316 848 2359 cicatricem
889 2315 987 2373 ejus.
1076 2316 1180 2358 Post
1226 2317 1401 2358 vulnera
1447 2318 1537 2359 sine
1582 2319 1715 2360 dubio
1750 2333 1752 2343 ³

412 2472 454 2525 ¹)
489 2473 651 2514 Omnes
681 2473 782 2514 Μεε.
814 2477 971 2522 ‚,tuas.“
1000 2471 1052 2511 R.
1084 2496 1135 2503 -
1170 2469 1256 2512 Csr.
1287 2471 1443 2511 Jerem.
1477 2470 1618 2521 XXX,
1649 2471 1715 2516 16.
1749 2482 1752 2511 ἒ

410 2541 455 2597 ²>
489 2542 604 2583 Libri
646 2543 746 2585 editi
787 2546 842 2597 (v.
882 2559 915 2584 c.
958 2543 1052 2583 edd.
1094 2540 1201 2595 Μ.);
1243 2542 1480 2589 „revocabo
1518 2541 1752 2593 sanctita-³¹

293 2603 419 2638 tem.“
478 2599 562 2639 Sed
594 2599 693 2643 Mss.
722 2600 960 2649 „revocabo
991 2598 1251 2640 sanitatem-¹⁶
1283 2598 1331 2637 R.

411 2668 456 2719 ³)
487 2668 643 2711 serem.
675 2669 881 2719 xxxin,
912 2670 949 2712 6.
982 2671 1019 2712 7.
1262 2664 1265 2667 ’

410 2736 455 2791 ⁴²)
489 2737 596 2779 Cod.
629 2741 902 2792 Sangerman.
934 2751 1001 2789 „et
1031 2748 1274 2780 convertam
1305 2737 1504 2779 Judam.“
1534 2737 1583 2778 R.

412 2809 457 2860 ⁵)
490 2807 598 2850 Edd.
641 2808 700 2850 M.
741 2820 780 2850 et
822 2808 895 2860 R.‚
945 2809 1020 2851 cfr.
1062 2808 1218 2849 Jerem.
1250 2807 1460 2860 XXXIII,
1491 2810 1531 2853 7.
1562 2808 1716 2859 „Jeru-
1750 2847 1752 2849 .

294 2865 463 2906 salem.“

1717 2915 1722 2918 ,
1742 2881 1752 2915 i
