1752 3136
489 143 536 173 m
564 129 773 195 Exonuml
795 128 996 170 Homua
1030 119 1103 170 VI.
1455 134 1505 174 71

79 258 186 297 quae
215 258 305 282 non
333 241 434 283 facit
462 242 648 282 fructum
680 240 859 290 bonum,
878 240 921 296 ¹)
952 238 1182 290 excidetur,
1218 252 1258 281 et
1287 240 1329 281 in
1361 241 1500 295 ignem

76 318 307 360 mittetur.“

187 394 253 436 11.
284 390 421 447 ‚‚In²)
449 404 698 448 praeparata
730 392 992 435 habitatione
1021 406 1117 445 tua,
1159 411 1288 451 quam
1317 411 1499 451 praepau

74 471 184 521 rasti,
215 469 442 511 Domine.“
500 468 609 510 Vide
639 469 856 510 clementis
885 471 1068 513 Domini
1097 471 1333 513 bonitatem
1351 503 1361 522 ,
1404 489 1496 513 non

6 555 11 558 “
71 550 159 589 vult
188 559 228 588 te
259 548 460 588 inducere
492 547 543 587 ad
574 547 781 596 laborem,
811 563 902 588 non
935 549 1035 597 vuit,
1067 561 1115 589 ut
1143 548 1235 604 ipse
1258 548 1336 589 tibi
1366 549 1493 590 facias

70 623 370 673 habitaculum,
400 621 488 678 jam
516 633 558 663 te
588 624 638 663 ad
665 635 960 679 praeparatam
983 625 1153 666 deducit
1174 626 1490 668 habitationem.

69 702 182 742 Audi
213 701 355 741 Deum
388 698 597 740 dicentem
629 699 674 741 in
699 701 953 753 Evangelio:
986 702 1083 752 „alii
1101 701 1145 758 ³)
1175 703 1492 753 laboraverunt,

46 764 107 819 *ct
136 795 208 820 vos
238 778 283 818 in
312 778 480 817 labores
509 792 658 816 eorum
690 775 934 818 introistis.“

175 851 715 910 12.<‚‚Sanctimonium‚⁴)
746 854 951 906 Domine,
983 857 1102 910 quod
1131 866 1491 912 praeparaverunt

64 950 216 973 manus
246 931 387 972 tuae.“
447 929 788 971 sanctimonium
833 931 988 972 dicitur
1026 933 1350 973 tabernaculum
1390 932 1487 980 Dei,

63 1012 124 1051 vel
157 1009 366 1064 templum
398 1007 450 1047 ab
483 1022 547 1055 ee,
579 1008 698 1060 quod
721 1007 953 1049 sanctificat
972 1010 1231 1050 accedentes.
1277 1008 1373 1049 Hoc
1394 1024 1484 1048 non

63 1086 163 1127 dicit
192 1102 322 1126 manu
352 1082 536 1124 hominis
566 1083 738 1134 sactum,
770 1086 844 1125 sed
874 1102 1005 1124 manu
1037 1085 1133 1125 Dei.
1202 1084 1324 1138 Quid
1355 1084 1485 1137 ergo?

62 1162 244 1217 Propter
272 1172 314 1201 te
341 1160 460 1200 Deus
492 1171 531 1200 et
561 1160 736 1214 plantat,
770 1173 810 1201 ct
836 1161 1042 1209 aedificat,
1073 1162 1256 1213 agricola
1290 1162 1483 1212 efficitur,

6 1291 9 1292 ⁷
57 1250 240 1281 structor
271 1237 474 1285 efficitur,
505 1252 559 1276 ne
587 1235 666 1277 tibi
697 1237 856 1292 aliquid
889 1237 1006 1279 desit.
1075 1239 1188 1280 Audi
1230 1250 1270 1280 et
1299 1238 1482 1279 Paulum

59 1316 267 1355 dicentem
286 1331 293 1353 :
325 1313 437 1363 „Dei
454 1312 499 1368 ⁵)
521 1314 789 1364 agricultura,
809 1315 891 1356 Dei
911 1315 1150 1356 aedificatio
1169 1315 1304 1357 estis.“
1347 1316 1479 1369 Quod

56 1408 156 1444 ergo
186 1391 297 1432 istud
329 1401 388 1431 est
419 1390 762 1442 sanctimonium,
795 1395 911 1448 quod
942 1410 1031 1434 non
1053 1409 1184 1433 manu
1201 1392 1387 1434 hominis
1417 1394 1479 1433 sa-

56 1481 170 1510 ctum
203 1479 274 1517 est,
304 1467 386 1508 sed'
407 1467 604 1508 manibus
629 1467 710 1508 Dei
731 1468 957 1522 paratum?
989 1469 1100 1511 Audi
1120 1469 1381 1525 Sapientiam
1415 1468 1478 1509 di-

57 1556 235 1592 centem,
266 1544 364 1599 quia
393 1543 712 1598 ‚‚aedificavit⁶)
731 1546 811 1586 sibi
838 1547 1058 1587 domum.“
1088 1566 1095 1568 ⁴
1115 1546 1208 1597 Ego
1230 1557 1371 1587 autem
1394 1546 1477 1586 hoc

58 1624 111 1663 de
140 1621 432 1661 incarnatione
463 1619 644 1661 Domini
673 1623 828 1663 rectius
845 1621 1166 1674 intelligendum
1198 1634 1317 1678 puto.
1374 1623 1474 1662 Nou

53 1699 167 1739 enim
197 1696 583 1738 manuhominum
614 1699 772 1738 factum
804 1710 884 1747 cst,
915 1700 957 1739 id
992 1710 1072 1747 est,
1112 1716 1203 1740 non
1235 1715 1364 1755 opere
1394 1700 1473 1739 hu—

53 1792 182 1816 mano
214 1774 421 1829 templum
464 1773 598 1815 carnis
639 1774 886 1815 aedificatur
924 1775 967 1815 in
1007 1775 1188 1827 virgine,
1226 1778 1326 1825 sed,
1368 1776 1475 1817 sicut

52 1852 316 1908 praedixerat
351 1849 592 1905 Daniel,⁷)
630 1840 735 1907 lapis
775 1851 864 1892 sine
908 1851 1105 1893 manibus
1146 1852 1302 1894 excisus
1333 1853 1473 1903 crevit,

52 1941 91 1970 et
120 1931 251 1970 sactus
280 1940 337 1969 est
368 1944 490 1969 mons
521 1943 709 1979 magnus.
780 1929 897 1970 Istud
930 1941 989 1971 est
1017 1929 1350 1971 sanctimonium
1382 1946 1473 1971 car-

50 2006 114 2047 nis
145 2017 361 2052 assumtae,
393 2016 432 2045 et
461 2004 550 2045 sine
580 2005 788 2056 manibus,
818 2006 863 2047 id
895 2020 964 2056 est,
993 2009 1156 2063 absque
1178 2023 1308 2063 opere
1328 2008 1469 2047 homi-

49 2100 176 2131 num,
217 2084 270 2123 de
300 2093 446 2122 monte
475 2081 687 2123 humanae
716 2095 917 2136 naturae,
957 2096 996 2125 et
1031 2085 1289 2126 substantiae
1334 2083 1470 2124 carnis

50 2159 245 2199 excisum.

161 2236 226 2276 13.
257 2235 547 2289 ,‚D01nine,⁸)
594 2235 667 2290 qui
705 2253 849 2288 regnas
879 2238 923 2279 in
953 2239 1191 2287 saeculum,
1236 2250 1276 2278 et
1304 2237 1345 2277 in
1377 2254 1467 2278 sae-

20 2342 23 2345 ·
51 2313 207 2361 culum,
238 2323 276 2352 ct
303 2312 483 2353 adhuc.“
542 2313 718 2374 Quoties
747 2313 790 2354 in
812 2315 1026 2355 saeculum
1047 2314 1213 2365 dicitur,
1240 2314 1464 2367 longitudo

50 2388 220 2444 quidem
251 2389 470 2443 temporis,
500 2391 574 2430 sed
605 2406 690 2431 csse
724 2390 818 2432 finis
849 2390 999 2445 aliquis
1028 2391 1256 2441 indicatur,
1289 2403 1327 2432 ct
1358 2392 1390 2433 si
1422 2392 1464 2432 in

167 2585 209 2637 Γ)
241 2584 371 2625 Deest
400 2585 618 2634 ,‚b0num“
647 2583 691 2624 in
723 2586 818 2626 edd.
849 2585 907 2627 Μ.

162 2656 208 2707 ²)
239 2654 373 2695 Exod.
404 2655 500 2704 XV,
531 2654 597 2696 17.
713 2655 759 2709 3)
791 2656 866 2697 Ev.
897 2658 1052 2697 Joann.
1095 2658 1160 2705 1V,
1191 2658 1256 2700 38

163 2722 208 2775 ⁴)
240 2723 374 2765 Exod.
409 2725 501 2773 XV,
533 2726 597 2767 17.
720 2726 763 2777 ὁ)
795 2725 810 2764 Ι
844 2725 944 2768 Cor.
979 2727 1050 2775 ln,
1081 2728 1119 2769 9.

159 2794 204 2847 ⁶)
237 2793 362 2840 Prov,
393 2794 466 2842 IX,
498 2796 534 2836 1.
657 2796 699 2849 ἲ)
731 2795 816 2837 Csr.
849 2797 1014 2838 Daniel,
1051 2798 1096 2846 ii,
1127 2800 1178 2839 ''i-2

162 2865 208 2918 ὃ)
239 2863 372 2907 Exod.
405 2864 595 2914 XV,.18.
