1752 3136
444 128 496 160 m
524 103 724 157 Exommi
753 113 956 154 HommA
971 110 1083 152 VIII.
1418 108 1498 153 101

85 230 185 285 01¹)
215 228 442 280 legitimum
476 242 572 266 cum
604 241 653 265 eo
684 222 831 266 sortita
860 221 988 264 fuerit
1009 219 1341 269 matrimonium,
1372 220 1497 261 etiam

83 306 116 347 si
145 305 226 356 fuit,
255 303 482 359 aliquando
512 301 747 357 peccatrix,
787 299 913 340 etiam
946 299 980 340 si
1010 296 1274 339 meretricata
1311 306 1393 347 est,
1434 307 1498 336 ta·-

82 399 181 423 men
211 382 244 423 si
272 397 316 422 se
345 379 442 420 huic
461 377 550 419 viro
580 376 766 427 tradidit,
797 377 907 417 ultra
938 391 1029 416 eam
1060 389 1239 430 peccare
1267 389 1356 414 non
1386 371 1497 427 pati-

83 470 163 499 rur.
220 458 318 497 Non
349 465 488 511 potest
516 456 640 504 ferre,
670 466 716 494 ut
744 469 913 494 rursum
943 453 1109 503 anima,
1144 467 1253 507 quae
1280 465 1324 491 se
1352 448 1498 490 'sortita

84 546 145 576 est
174 533 322 581 virum,
353 532 512 573 alludat
543 547 638 570 cum
670 530 884 579 adulteris,
914 529 1011 584 quia
1034 527 1236 569 excitatur
1257 542 1385 582 super
1404 541 1497 565 eam

81 612 192 652 zelus
229 607 316 665 ejus
346 607 439 656 viri,
465 618 505 647 et
545 607 736 647 defendit
778 603 964 663 conjugii
999 603 1240 646 castitatem.
1312 602 1369 643 Et
1396 600 1496 642 ideo

81 688 217 728 zelans
259 684 412 725 dicitur
448 685 686 734 Dominus,
739 683 836 739 quia
874 681 1058 724 animam
1096 681 1176 722 sibi
1213 678 1499 734 mancipatam
1539 724 1553 735 Δ

78 780 167 804 non
199 762 356 819 patitur
385 761 665 802 daemonibus
695 759 928 801 admisceri.
996 756 1202 813 Alioquin
1243 757 1289 799 si*
1314 773 1407 797 eam
1435 753 1497 795 vi-

82 839 190 881 derit
218 850 492 880 temerantem
532 835 625 893 jura
659 835 867 894 conjugii,
908 846 949 876 et
987 834 1256 890 occasionem
1295 847 1502 889 quaerere

83 912 136 958 ad
166 916 456 972 peccandum,
485 926 600 965 tunc,
631 925 678 953 ut
706 913 910 968 scriptum
942 924 1012 962 est,
1047 914 1119 953 dat
1150 911 1187 952 ei
1217 910 1409 951 libellum
1432 924 1501 948 re-

84 992 218 1049 pudii,
250 1004 287 1033 et
319 990 488 1033 dimittit
519 1007 611 1032 eam
643 990 807 1031 dicens:
846 990 1009 1045 ‚,ubi²)
1049 1001 1108 1030 est
1136 988 1304 1028 libellus
1332 983 1503 1040 repudii

84 1068 229 1109 matris
258 1065 428 1118 vestrae,
461 1084 546 1123 quo
578 1066 715 1108 dimisi
746 1066 898 1108 eam?“
956 1066 1125 1120 Quibus
1158 1062 1282 1104 etiam
1313 1061 1432 1103 addit
1462 1070 1502 1100 et

85 1145 210 1186 dicit:
243 1160 388 1194 ,‚ecce,
428 1145 609 1199 pcccatis
645 1143 788 1186 vestris
826 1138 1055 1183 venundati
1086 1141 1204 1190 estis,
1246 1151 1286 1180 et
1324 1148 1503 1195 propter

83 1221 325 1278 iniquitates
357 1233 510 1262 vestras
541 1220 678 1262 dimisi
707 1231 884 1262 matrem
920 1224 1141 1261 vestram.“
1189 1217 1306 1258 Haec
1334 1215 1406 1271 qui
1435 1215 1500 1254 lo-

85 1299 239 1354 quitur,
270 1299 406 1340 zelans
438 1310 508 1346 est,
538 1310 577 1338 et
606 1299 696 1339 zelo
729 1309 971 1338 commotus
1001 1297 1105 1336 haec
1146 1295 1266 1336 dicit:
1305 1304 1403 1348 post
1432 1306 1502 1342 ag-

83 1375 289 1417 nitionem
321 1374 431 1416 enim
462 1374 541 1424 sui,
569 1386 666 1429 post
700 1373 1057 1415 illuminationem
1088 1372 1204 1414 verbi
1234 1370 1376 1419 divini,
1406 1379 1505 1424 post

85 1453 259 1505 gratiam
289 1451 500 1506 baptismi,
530 1462 627 1505 post
659 1451 969 1492 consessionem
987 1451 1101 1500 fidei,
1131 1461 1172 1490 et
1200 1459 1266 1489 tot
1291 1446 1504 1501 tantisque

85 1527 358 1577 sacramentis
386 1526 705 1567 matrimonium
739 1520 1174 1576 confirmatuminon
1202 1525 1292 1565 vult
1327 1539 1407 1563 nos
1436 1523 1502 1561 ul·-

87 1617 150 1646 tra
182 1621 370 1660 peccare,
400 1620 489 1644 non
520 1603 678 1659 patitur
709 1603 915 1653 animam,
946 1603 1064 1660 cujus
1094 1603 1184 1659 ipse
1216 1602 1280 1642 vel
1308 1615 1503 1656 sponsus,

86 1682 150 1723 vel
182 1681 244 1721 vir
273 1681 526 1736 appellatur,
557 1696 653 1719 cum
685 1681 969 1722 daemonibus
998 1681 1168 1731 ludere,
1198 1675 1376 1720 scortari
1406 1691 1504 1715 cum

86 1758 319 1800 immundis
357 1755 594 1812 spiritibus,
634 1773 731 1796 cuin
771 1756 874 1798 vitiis
914 1769 954 1797 et
992 1754 1274 1797 immunditiis
1311 1750 1506 1795 volutari.

89 1837 223 1891 Quod
254 1846 293 1877 et
322 1835 355 1877 si
393 1836 507 1874 forte
542 1832 835 1889 aliquand03)
879 1834 1042 1875 eveniat
1069 1831 1317 1880 infeliciter,
1359 1830 1506 1871 saltem

68 1925 136 1954 <ut
166 1922 448 1960 convartatur,
480 1922 519 1951 et
548 1911 693 1959 redeat
723 1922 762 1957 et
785 1910 1014 1965 poeniteat,
1043 1909 1263 1950 miseratus
1287 1915 1506 1961 exspectat.

89 1990 259 2030 Novum
292 1987 405 2029 enim
437 1988 520 2028 hoc
550 1987 749 2028 bonitatis
780 1986 866 2044 ejus
883 1984 927 2041 4)
970 1998 1028 2027 est
1058 2001 1207 2037 genus,
1245 1983 1350 2038 ut⁵)
1381 1981 1507 2023 etiam

89 2078 185 2122 post
216 2063 483 2113 adulterium,
513 2075 789 2105 revertentem
819 2075 962 2104 tamen
995 2074 1034 2103 et
1064 2079 1111 2103 ex
1131 2073 1222 2102 toto
1251 2061 1380 2101 corde
1398 2074 1505 2114 poe-

90 2145 293 2184 nitentem
323 2141 519 2195 suscipiat
549 2140 746 2183 animam.
807 2140 926 2182 Sicut
956 2151 996 2181 et
1024 2139 1115 2196 ipse
1142 2155 1220 2194 per
1248 2137 1506 2193 prophetam

92 2219 214 2260 dicit:
244 2218 483 2273 „numquid
501 2216 545 2272 6)
576 2218 730 2258 mulier
757 2218 791 2259 si
823 2217 966 2259 exierit
1006 2234 1030 2258 a
1058 2217 1171 2266 viro,
1217 2226 1256 2255 et
1290 2210 1511 2254 dormierit

95 2313 189 2336 cum
224 2294 306 2336 alio
336 2294 442 2343 vim,
473 2306 703 2336 revertetur
739 2296 793 2336 ad
832 2293 968 2333 virum
997 2291 1153 2333 suum?
1208 2292 1369 2332 Nonne
1406 2305 1509 2329 con-

94 2371 370 2413 taminatione
400 2370 787 2413 contaminabitur?
834 2369 902 2410 Tu
933 2381 1073 2410 autem
1103 2368 1309 2410 fornicata
1339 2383 1381 2408 es
1411 2382 1509 2407 cum

215 2511 258 2565 ¹)
290 2511 404 2553 Alias
434 2510 491 2565 (e.
523 2527 556 2551 c.
587 2510 633 2551 in
664 2509 760 2550 edd.
790 2507 900 2565 Μ.);
931 2519 999 2562 „et
1028 2507 1212 2562 legitimo
1245 2523 1342 2549 eum
1365 2505 1511 2549 sortita

97 2567 223 2609 fuerit
252 2566 568 2608 matriinonio.“
598 2566 647 2608 Ρι.

213 2639 259 2691 2)
287 2635 411 2677 Jesai.
444 2637 489 2686 L,
519 2639 557 2682 ’1.
677 2636 722 2691 3)
753 2635 863 2676 Edd.
897 2633 1091 2676 Merlini:
1124 2633 1371 2690 aliqualiter.

213 2706 259 2762 ⁴¹)
290 2707 420 2748 De'est
447 2705 588 2762 „ejus“
618 2706 662 2747 in
695 2707 758 2747 ed.
789 2705 935 2748 Ruaei.

215 2778 260 2832 ⁵)
289 2777 398 2818 Edd.
428 2777 621 2820 Merlini:
651 2789 697 2819 ut
717 2801 765 2808 —
786 2787 1064 2818 revertentem
1080 2786 1222 2816 tamen
1253 2790 1301 2814 ex
1327 2784 1418 2813 toto
1441 2783 1513 2812 etc.

214 2847 261 2903 ²⁵)
294 2847 380 2890 Csr.
418 2848 576 2891 Jerem.
609 2848 682 2900 ΙΙΙ,
713 2849 748 2893 1.
783 2848 878 2891 coll.
909 2847 1041 2889 LXX.
1081 2846 1270 2888 virorum
1311 2841 1513 2884 versione:
