1752 3136
228 123 312 166 154
831 123 1052 167 Omonms

227 251 273 288 ut
301 249 448 280 nostro
492 237 665 294 quidem
701 236 860 289 ingenti
897 239 1046 280 labore
1088 237 1300 287 dicantur,
1339 238 1392 277 ab
1437 240 1649 294 occupatis

227 334 326 358 vero
360 314 649 362 auditoribus,
690 326 730 356 ct
772 314 835 355 vix
867 316 989 356 unius
1030 315 1161 356 horae
1199 326 1360 369 puncto
1403 316 1533 356 verbo
1567 316 1649 358 Dei

224 394 508 436 assistentibus
536 404 803 447 spernantur,
838 403 877 432 ct
906 391 1110 448 pereant?
1149 391 1264 441 „Nisi
1283 391 1326 446 ¹)
1359 391 1470 432 enim
1495 393 1650 433 Domi-

222 489 301 513 nus
333 470 614 511 aedificaverit
643 471 835 519 domum,
866 469 908 510 in
941 486 1094 510 vanum
1127 470 1441 518 laboraverunt,
1477 470 1548 525 qui
1581 486 1649 510 ae—

226 549 398 591 dificant
431 552 563 589 eam.“
618 548 922 587 Verumtamen
954 562 1046 594 nos,
1078 557 1122 585 ut
1153 562 1279 600 supra
1311 545 1457 602 jam2)
1490 549 1649 588 dictum

226 639 297 677 est,
326 626 531 667 tradimus
564 626 617 665 ad
648 640 837 665 mensam
870 622 1092 678 pecuniam
1127 623 1329 675 Domini;
1369 624 1506 665 videat
1537 625 1647 666 enim
1701 628 1704 631 ’

222 704 511 760 unusquisque
542 701 800 749 auditorum,
833 700 1054 754 quomodo
1085 701 1302 755 suscipiat,
1334 718 1441 757 quae
1472 704 1648 744 tradun-

222 794 303 824 tur.
360 777 750 833 ‚,Unusquisque³)
781 787 933 826 autem,
963 775 1114 831 inquit,
1143 788 1349 826 nostrum,
1381 780 1487 820 sicut
1518 781 1649 821 corde

226 857 438 913 concepit,
456 857 608 897 offerat
627 853 744 894 initia
767 852 1002 893 Domin0.“
1044 851 1177 906 Quod
1205 852 1306 894 dixit
1330 855 1463 905 initia,
1486 873 1646 911 quaero

223 952 331 993 quae
360 934 442 976 sint
471 931 591 974 initia
622 930 735 980 auri,
773 930 837 970 vel
869 946 978 985 quae
1017 929 1228 986 primitiae
1270 932 1460 982 argenti?
1524 936 1646 994 Quo-

218 1016 355 1056 modo
387 1024 526 1053 autem
561 1012 612 1051 de
644 1025 776 1049 cocco
810 1018 850 1047 et
879 1023 1070 1063 purpura
1098 1017 1137 1047 ct
1168 1008 1291 1064 bysso
1315 1009 1512 1050 videntur
1543 1027 1648 1051 con-

219 1091 321 1135 ferri
360 1086 601 1145 primitiae?
666 1088 753 1127 Aut
799 1084 1022 1140 quomodo
1068 1083 1175 1124 sicut
1225 1087 1356 1126 corde
1402 1088 1648 1142 conceperit

220 1168 314 1225 quis
345 1163 503 1207 offert?
564 1164 661 1205 Hoc
690 1162 775 1220 jam
806 1162 992 1213 singulos
1023 1173 1216 1202 nostrum
1247 1164 1397 1216 pulsat,
1428 1163 1644 1206 videamus

215 1245 342 1289 simul
373 1255 413 1284 et
443 1242 665 1298 quomodo
697 1240 828 1281 corde
858 1238 1142 1294 concepimus.
1212 1238 1374 1293 Quanti
1414 1244 1547 1283 modo
1579 1243 1648 1284 hie

215 1333 455 1380 praesentes
483 1335 640 1367 sumus,
671 1328 710 1357 et
739 1332 878 1356 sermo
912 1315 993 1356 Dei
1022 1314 1255 1357 tractatur?
1298 1317 1419 1369 Sunt,
1452 1319 1522 1373 qui
1543 1320 1665 1361 con-⁷

217 1400 382 1455 cipiunt
421 1397 572 1444 corde,
616 1410 724 1449 quae
762 1393 870 1434 lecta
909 1405 1028 1442 sunt,
1064 1405 1181 1442 sunt,
1227 1395 1297 1447 qui
1337 1395 1514 1436 omnino
1553 1414 1645 1438 non

219 1474 488 1530 concipiunt,
520 1487 629 1527 quae
660 1469 882 1518 dicuntur,
922 1471 994 1510 sed
1037 1481 1096 1510 est
1139 1486 1257 1511 mens
1297 1488 1447 1512 eorum
1491 1484 1532 1513 et
1569 1490 1646 1514 cor

218 1565 291 1596 aut
320 1553 364 1594 in
393 1549 584 1603 negotiis,
613 1559 686 1589 aut
715 1546 758 1587 in
793 1547 954 1587 actibus
984 1547 1153 1595 saeculi,
1185 1558 1255 1587 aut
1271 1549 1643 1604 supputationibus

214 1629 345 1673 lucri:
378 1640 417 1669 et
444 1625 673 1684 praecipue
703 1624 915 1674 mulieres,
947 1626 1186 1679 quomodo,
1215 1636 1351 1680 putas,
1383 1627 1514 1668 corde
1537 1644 1642 1668 con-

215 1708 400 1764 cipiunt,
439 1720 547 1757 quae
575 1715 739 1744 tanturn
770 1701 982 1753 garriunt,
1024 1718 1131 1756 quae
1166 1713 1328 1742 tantum
1372 1705 1527 1745 fabulis
1564 1706 1643 1746 ob-

217 1794 431 1839 strepunt,
468 1793 514 1822 ut
553 1797 643 1820 non
690 1779 829 1820 sinant
869 1794 955 1819 esse.
1002 1777 1245 1821 silentium?
1303 1780 1400 1820 Jam
1443 1781 1545 1836 quid
1587 1783 1640 1823 de

215 1872 360 1903 mente
389 1875 548 1907 earum,
579 1856 681 1912 quid
713 1857 765 1896 de
797 1856 929 1896 corde
960 1854 1201 1905 discutiam,
1247 1856 1279 1897 si
1323 1859 1375 1898 de
1407 1858 1641 1900 infantibus

211 1940 309 1989 suis,
341 1949 412 1979 aut
443 1938 495 1977 de
523 1938 618 1977 lana
651 1931 846 1986 cogitent,
878 1945 949 1973 aut
979 1934 1031 1973 de
1059 1934 1302 1976 necessariis
1333 1935 1518 1977 domus?
1557 1937 1643 1977 Ve-

214 2033 315 2059 reor
343 2014 472 2066 magis
517 2030 572 2054 ne
609 2022 839 2066 sequantur
869 2010 978 2059 illas,
1021 2011 1074 2050 de
1115 2011 1265 2066 quibus
1308 2012 1408 2053 dicit
1450 2015 1640 2070 Aposto-

216 2094 303 2139 lus:
334 2107 472 2147 „quae
487 2089 533 2145 ⁴²)
565 2089 730 2131 discunt
761 2086 982 2128 circumire
1023 2089 1200 2138 domos,
1240 2106 1331 2130 non
1367 2090 1506 2131 solum
1547 2107 1638 2131 ver-

215 2171 367 2219 bosae,
406 2169 480 2209 sed
519 2179 558 2208 et
604 2166 816 2214 curiosae,
863 2167 1107 2220 loquentes,
1149 2183 1256 2222 quae
1294 2176 1383 2208 non
1426 2173 1638 2223 oportet.“

216 2247 456 2302 Quomodo
489 2261 587 2297 ergo
618 2247 721 2285 istae
748 2244 852 2284 tales
885 2245 1014 2284 corde
1045 2243 1322 2300 concipiunt}>
1359 2245 1460 2285 Non
1491 2244 1636 2285 conci-

213 2324 361 2381 piet⁵)
393 2323 524 2365 corde
555 2321 660 2377 quis,
688 2320 769 2361 nisi
798 2331 915 2361 vacet
956 2322 1106 2362 corde:
1152 2321 1233 2363 nisi
1262 2320 1313 2363 sit
1342 2333 1485 2362 mente
1514 2321 1636 2372 liber,

216 2414 255 2443 et
281 2414 394 2443 totus
423 2399 622 2452 intentus,
652 2398 734 2439 nisi
765 2399 894 2439 corde
924 2398 1074 2451 vigilet,
1105 2415 1195 2440 non
1213 2409 1353 2455 potest
1373 2400 1504 2440 corde
1529 2416 1635 2439 con-

212 2478 365 2535 cipere,
397 2490 437 2519 et
467 2479 626 2519 offerre
655 2478 769 2518 dona
799 2477 909 2517 Deo.
985 2476 1117 2530 Quod
1157 2476 1189 2518 si
1219 2477 1421 2517 hactenus
1449 2476 1634 2528 neglexi-

329 2675 376 2729 ῐ)
407 2674 560 2714 Psalm.
594 2672 809 2722 CXXVII,
840 2674 876 2716 1.
907 2673 1154 2729 (CXXVI.)

329 2746 375 2798 ²)
406 2744 538 2785 Deest
563 2741 701 2799 „jam“
731 2743 776 2783 in
808 2745 872 2784 ed.
903 2743 1051 2785 Ruaei.

327 2815 374 2865 ³>
405 2814 493 2855 cfr.
523 2813 658 2854 Exod.
689 2813 877 2864 xxxv,
906 2814 946 2855 5.
1062 2813 1108 2870 4>
1138 2814 1156 2854 1
1188 2811 1297 2855 Tim.
1328 2812 1379 2862 v,
1411 2812 1476 2856 13.

332 2883 377 2940 ⁵)
408 2885 520 2928 Edd.
549 2882 743 2926 Mcrlini:
777 2883 973 2939 concipit.
