1752 3136
474 164 522 194 m
550 151 750 193 Exonum
778 147 980 191 HommA
1001 147 1116 193 v111.
1448 148 1504 191 89

415 413 1168 466 HOMILIAVIlI.

543 538 623 593 ‘De
653 537 773 579 initio
810 538 1030 590 Decalogi.

201 655 238 697 1.
268 651 418 693 Omnis
449 650 521 706 qui
553 650 698 692 didicit
739 662 1013 692 contemnere
1042 666 1238 706 praesens
1269 652 1501 702 saeculum,

88 730 203 785 quod
235 727 463 781 figuraliter
493 730 705 785 Aegyptus
738 728 990 783 appellatur,
1023 739 1061 767 et
1091 744 1168 782 per
1197 728 1373 768 verbum
1405 728 1502 779 Dei,

85 817 131 846 ut
159 808 392 847 secundum
430 805 654 860 scripturas
698 803 917 859 dicam‚¹)
959 806 1177 845 translatus
1211 816 1289 854 est,
1336 816 1374 845 et
1410 822 1502 845 non

84 880 315 931 invenitur,
362 883 458 938 quia
501 883 554 921 ad
591 883 805 923 saeculum
849 883 1039 921 futurum
1083 881 1249 922 festinat
1281 898 1326 921 ac
1356 866 1521 931 tendit,

85 958 139 998 de
169 957 412 1014 hujusmodi
443 958 582 1002 anima
615 959 716 1000 dicit
746 959 984 999 Dominus:
1016 957 1131 1009 „Ego
1147 958 1192 1011 ²)
1222 975 1313 999 sum
1345 958 1502 998 Domi-

82 1050 162 1076 nus
195 1035 310 1077 Deus
340 1048 455 1086 tuus,
488 1037 558 1091 qui
590 1037 712 1078 eduxi
741 1046 783 1076 te
815 1036 866 1075 de
896 1046 1005 1075 terra
1039 1035 1240 1090 Aegypti,
1280 1035 1331 1074 de
1367 1036 1498 1075 domo

83 1112 326 1154 servitutis.“
380 1114 480 1153 Non
522 1130 618 1166 ergo
650 1114 753 1153 haec
785 1113 838 1154 ad
867 1112 961 1153 illos
991 1123 1152 1152 tantum
1187 1110 1397 1160 dicuntur,
1429 1110 1501 1166 qui

82 1189 135 1230 de
165 1191 355 1247 Aegypto
397 1190 579 1245 profecti
607 1201 723 1238 sunt,
762 1189 836 1230 sed
875 1190 1011 1230 multo
1053 1188 1184 1241 magis
1224 1190 1277 1229 ad
1319 1200 1384 1238 te,
1429 1189 1502 1244 qui

79 1283 196 1307 nunc
226 1267 345 1308 audis
373 1267 461 1317 ista,
490 1267 524 1309 si
552 1279 691 1308 tamen
723 1265 1004 1321 proficiscaris
1034 1282 1081 1307 ex
1109 1268 1315 1324 Aegypto,
1347 1277 1385 1306 et
1415 1268 1500 1307 Ac-

84 1343 230 1400 gyptiis
260 1345 370 1385 ultra
401 1360 493 1385 non
524 1343 689 1393 servias,
720 1343 824 1385 dicit
852 1344 955 1384 haec
974 1344 1110 1384 Deus:
1143 1347 1262 1396 „Ego
1295 1360 1387 1383 sum
1404 1343 1501 1384 Do-

80 1420 219 1462 minus
247 1421 366 1462 Deus
396 1433 504 1470 tuus,
535 1420 607 1476 qui
630 1421 753 1462 eduxi
780 1433 820 1461 te
854 1422 907 1461 de
932 1432 1042 1461 terra
1068 1416 1260 1478 Aegypti,
1292 1421 1344 1460 de
1367 1420 1498 1461 domo

81 1495 324 1539 servitutis.“
381 1496 506 1547 Vide,
534 1497 568 1539 si
596 1514 685 1538 non
715 1496 884 1549 negotia
915 1497 1092 1547 saeculi,
1133 1508 1172 1537 et
1202 1506 1317 1536 actus
1350 1496 1500 1546 carnis,

82 1573 236 1614 domus
267 1584 327 1615 est
354 1573 581 1615 servitutis:
624 1574 731 1615 sicut
761 1591 929 1614 rursum
962 1590 984 1614 e
1014 1573 1228 1614 contrario
1258 1573 1501 1628 relinquere

78 1649 321 1698 saecularia,
352 1660 391 1690 et
421 1652 655 1691 secundum
687 1651 832 1691 Deum
862 1648 1019 1699 vivere,
1052 1652 1205 1691 domus
1237 1661 1297 1691 est
1326 1650 1499 1691 liberta-

77 1724 142 1775 tis,
170 1726 276 1766 sicut
307 1737 346 1766 et
374 1726 588 1768 Dominus
617 1727 661 1767 in
693 1726 906 1776 evangelio
940 1725 1062 1766 dicit:
1104 1726 1223 1780 „si³)
1254 1743 1500 1782 permanse-

76 1786 165 1843 ritis
194 1802 238 1843 in
267 1804 398 1843 verbo
429 1821 549 1854 meo,
579 1820 651 1845 vos
678 1803 911 1855 agnoscetis
942 1802 1169 1852 veritatem,
1202 1815 1239 1844 et
1268 1803 1416 1845 veritas
1446 1804 1498 1845 li-

75 1878 240 1920 berabit
268 1885 379 1920 vos.“
438 1880 551 1933 Ergo
584 1883 796 1938 Aegyptus
828 1881 981 1921 domus
1013 1891 1070 1921 est
1088 1880 1306 1932 servitutis,
1335 1883 1500 1923 Judaea

35 1958 44 1971 *¹
74 1972 174 1997 vero
206 1968 245 1997 et
273 1956 552 2007 Hierusalem,
581 1959 734 2019 glomus
766 1968 826 1998 est
864 1957 1080 1998 libertatis.
1149 1958 1262 1998 Audi
1305 1969 1345 1998 et
1377 1961 1497 2013 Apo-

74 2035 232 2076 stolum
267 2035 320 2074 de
350 2033 412 2074 his
439 2035 675 2085 ‚secundum
707 2033 971 2090 sapientiam,
1003 2050 1110 2089 quae
1142 2034 1178 2075 ei
1196 2035 1240 2075 in
1264 2035 1495 2084 ministerio

77 2092 173 2152 duam
203 2112 352 2160 suerat,
382 2111 760 2166 pronuntiantem:
799 2127 934 2166 „quae
951 2106 1177 2166 ⁴)*a'utem
1215 2129 1381 2152 sursum
1425 2124 1496 2163 est,

74 2186 237 2243 inquit,
278 2186 565 2237 Hierusalem,
609 2188 742 2230 libera
774 2200 855 2239 est,
902 2200 1108 2244 quaebest
1137 2199 1271 2229 mater
1302 2190 1497 2230 omnium

74 2268 307 2306 nost1·um.“
395 2263 513 2305 Sicut
554 2281 651 2317 ergo
682 2266 917 2323 Aegyptus,
956 2265 1031 2308 ista
1060 2277 1226 2306 terrena
1260 2267 1496 2321 provincia,

74 2339 169 2382 filiis
207 2338 334 2381 Israel
375 2341 527 2382 domus
564 2341 718 2383 dicitur
756 2343 982 2393 servitutis,
1037 2343 1091 2383 ad
1131 2341 1495 2396 comparationem

73 2415 264 2458 Judaeae
295 2428 333 2457 et
363 2415 644 2468 Hierusalem,
672 2435 781 2474 quae
809 2419 858 2461 iis
891 2421 1043 2460 domus
1063 2417 1244 2459 efficitur
1272 2419 1498 2462 libertatis:

74 2492 132 2534 ita
162 2494 216 2534 ad
246 2492 609 2549 comparationem
643 2490 830 2537 coelestis
861 2496 1149 2544 Hierusalem,
1183 2512 1319 2551 quae,
1363 2508 1409 2537 ut
1437 2497 1496 2539 ita

74 2569 238 2621 dicam,
272 2582 406 2612 mater
438 2581 498 2612 est
527 2570 748 2622 libertatis,
777 2584 889 2616 totus
919 2573 988 2614 hic
1019 2572 1227 2622 mundus,
1268 2584 1307 2614 et
1337 2572 1495 2626 omnia,

192 2744 238 2802 ¹)
268 2745 380 2787 Edd.
410 2744 604 2787 Merlini:
636 2744 760 2788 dicas.
877 2745 926 2804 ²)
955 2746 1094 2791 Exod.
1126 2745 1228 2799 XX,
1258 2748 1296 2790 2.

188 2814 236 2869 3)
265 2814 341 2856 Ev.
372 2814 528 2857 Joann.
561 2814 676 2870 VIII,
706 2816 773 2860 31.
804 2815 873 2865 32.

193 2882 241 2938 ⁴²)
273 2883 410 2940 Galat.
438 2886 512 2938 IV,
541 2885 610 2929 26.
