1752 3136
261 111 346 154 242
864 106 1091 148 Omenms

262 223 383 264 stiam
413 219 652 270 nominari,
680 218 760 262 nisi
791 235 904 269 eam,
943 235 1051 275 quae
1083 218 1369 275 omnipotenti
1398 219 1496 260 Dco
1526 223 1682 262 offere-

264 303 398 342 batur.
460 299 659 340 Secunda
690 297 828 339 hostia
859 308 939 346 est,
985 314 1093 352 quae
1124 299 1178 338 ad
1209 298 1422 338 edendum
1453 299 1683 340 sacerdoti-

262 380 341 420 bus
372 375 650 431 mancipatur.
724 374 890 424 Tertia,
930 374 982 417 de
1012 391 1096 431 qua
1128 376 1251 417 etiam
1282 374 1391 416 filios
1421 375 1549 417 Israel
1578 391 1682 442 fon-

264 456 443 507 tingere,
488 453 552 494 vel
598 453 746 501 edere,
776 452 889 507 ipsos
929 451 1108 501 scilicet,
1155 452 1227 508 qui
1269 452 1472 500 offerunt,
1519 453 1580 492 fas
1611 463 1682 494 est.

264 533 350 574 Sed
382 532 492 573 filios
520 531 647 572 Israel
679 546 769 570 non
802 546 963 577 omnes,
993 529 1071 571 nisi
1101 529 1198 571 illos
1222 540 1399 576 tantum,
1431 528 1503 584 qui
1535 528 1687 570 mundi

263 619 373 649 sunt.
432 607 526 649 Soli
558 606 684 654 enim,
716 605 788 660 qui
822 605 972 646 mundi
1003 617 1112 654 sunt,
1145 607 1197 647 de
1226 604 1439 647 sacrificiis
1464 607 1590 646 edere
1619 604 1684 660 iu-

262 686 429 725 bentur.
489 684 650 724 Verum
682 681 777 723 istas
809 698 956 723 omnes
986 681 1139 723 hostias
1170 694 1214 722 tu
1246 682 1319 738 qui
1350 683 1392 723 in
1415 683 1586 723 occulto
1607 683 1687 726 Ju-

264 763 393 801 daeus
425 776 490 808 es,
519 758 671 812 norst)
710 758 753 797 in
792 759 1044 799 animalibus
1085 758 1274 813 requiras
1313 758 1564 800 visibilibus:
1607 776 1686 799 nec

264 839 305 877 in
338 837 464 876 mutis
492 834 722 890 pecoribus
750 834 932 876 inveniri
970 845 1112 890 putes,
1154 836 1272 889 quod
1304 836 1452 877 offerri
1481 835 1690 890 deceat²j

264 915 374 954 Deo.
432 913 533 953 Istas
563 911 721 953 hostias
750 911 860 952 intra
890 923 931 952 te
961 911 1101 967 ipsum
1132 910 1326 966 require,
1369 922 1409 951 et
1439 911 1687 966 invenies3)

265 1008 333 1033 eas
364 991 474 1032 intra
505 989 691 1031 animam
722 1001 853 1034 tuam.
922 988 1114 1041 Intellige
1153 999 1193 1028 te
1234 988 1393 1028 habere
1421 988 1530 1030 intra
1560 1000 1690 1029 temet

263 1069 402 1124 ipsum
434 1081 575 1120 greges
605 1067 755 1116 boum,
783 1065 902 1116 illos,
934 1063 1007 1121 qui
1036 1064 1349 1106 benedicuntur
1378 1065 1421 1106 in
1454 1065 1686 1107 Abraham.

264 1144 458 1197 Intellige
486 1144 646 1186 habere
675 1155 714 1184 te
746 1154 784 1183 et
814 1157 955 1196 greges
983 1141 1152 1191 ovium,
1201 1153 1241 1182 et
1276 1157 1415 1195 greges
1449 1159 1689 1198 caprarum,

264 1223 309 1265 in
341 1223 493 1279 quibus
522 1220 751 1269 benedicti,
781 1231 820 1260 et
849 1218 1118 1275 multiplicati
1146 1230 1244 1260 sunt
1281 1219 1557 1275 patriarchae.
1617 1221 1689 1261 In-

263 1301 403 1351 tellige
434 1315 521 1341 esse
548 1298 658 1339 intra
687 1309 729 1337 te
759 1296 884 1337 etiam
916 1312 1009 1338 aves
1041 1294 1161 1338 coeli
1219 1297 1311 1337 Nec
1340 1296 1530 1347 mireris,
1571 1298 1690 1353 quod

266 1379 370 1419 haec
400 1378 509 1417 intra
538 1387 579 1416 te
612 1390 698 1415 csse
728 1373 928 1414 dicimus:
959 1373 1147 1425 intellige
1175 1384 1215 1414 te
1245 1386 1284 1415 et
1315 1373 1444 1414 alium
1475 1375 1690 1415 mundum

267 1471 352 1496 esse
381 1450 636 1509 pa1·vum,⁴)
669 1463 707 1492 et
736 1466 821 1493 esse
851 1450 960 1491 intra
990 1462 1031 1491 te
1060 1451 1217 1499 solem,
1249 1466 1334 1492 esse
1363 1450 1533 1500 lunam,
1565 1451 1690 1492 etiam

265 1533 416 1574 stellas.
476 1530 572 1571 Hoc
604 1528 717 1569 enim
746 1526 780 1568 si
809 1526 866 1568 ita
896 1543 986 1568 non
1018 1539 1133 1577 esset,
1164 1543 1386 1583 nunquam
1407 1527 1572 1569 dixisset
1594 1528 1689 1569 Do—

263 1608 405 1650 minus
435 1609 489 1649 ad
520 1606 765 1647 Abraham:
803 1602 1060 1660 „adspice⁵)
1091 1603 1136 1644 in
1167 1605 1359 1655 coelum,
1399 1616 1438 1646 et
1467 1604 1562 1646 vide
1591 1607 1689 1647 stel-

263 1689 338 1736 las,
368 1685 401 1727 si
433 1682 695 1727 dinumerari
724 1692 903 1738 possunt
942 1697 965 1722 a
992 1680 1285 1722 multitudine:
1326 1681 1385 1722 sic
1422 1682 1500 1723 erit
1543 1698 1690 1724 semen

264 1767 428 1804 tuum.“
484 1762 574 1803 Nec
595 1760 771 1808 mireris,
800 1758 990 1814 inquam,
1020 1757 1054 1799 si
1078 1757 1231 1799 dicitur
1252 1759 1307 1799 ad
1328 1759 1559 1809 Abraham,
1590 1761 1690 1816 quia

265 1842 322 1883 sic
355 1838 432 1880 erit
458 1853 603 1880 semen
632 1849 776 1886 tuum,
814 1835 923 1877 sicut
965 1835 1110 1875 stellae
1147 1835 1306 1891 suntf’)
1344 1835 1477 1877 coeli:
1524 1838 1576 1878 de
1606 1837 1688 1880 illis

265 1916 436 1965 scilicet,
468 1914 541 1971 qui
570 1930 617 1955 ex
646 1913 732 1953 fide
761 1910 850 1969 ejus
879 1911 1005 1964 geniti
1035 1911 1344 1955 rationabiliter
1363 1912 1513 1963 vivant,
1544 1931 1591 1955 ae
1623 1915 1688 1958 di-

264 1992 379 2035 vinas
410 1993 542 2044 leges,
579 2002 619 2032 et
656 2001 883 2046 praecepta
912 1989 1164 2030 custodiant.
1235 1989 1350 2030 Audi
1389 1990 1571 2046 amplius
1611 1991 1688 2033 ali-

268 2069 371 2125 quid
401 2069 667 2110 Salvatorem
699 2067 753 2108 ad
787 2065 1016 2122 discipulos
1036 2065 1268 2107 dicentem:
1300 2065 1460 2122 „vos⁷)
1491 2067 1585 2110 estis
1614 2069 1686 2110 lux

263 2145 456 2190 mundi.“
529 2144 769 2187 Dubitasne
807 2160 894 2185 esse
931 2143 1043 2184 intra
1079 2154 1121 2184 te
1150 2143 1308 2194 solem,
1347 2156 1386 2184 et
1414 2144 1584 2196 lunam,
1630 2147 1686 2187 ad

267 2239 392 2279 quem
425 2222 601 2274 dicitur,
647 2221 748 2277 quia
785 2221 858 2263 lux
894 2220 949 2263 sis
978 2219 1161 2263 mundi?
1222 2221 1296 2263 Vis
1333 2221 1474 2264 adhuc
1505 2222 1689 2279 amplius
1747 2270 1750 2274 ⁴

386 2399 430 2452 ¹)
464 2398 575 2442 Edd.
605 2395 802 2438 Nlerlini:
832 2397 954 2441 nolo.

380 2468 426 2523 ²)
459 2468 568 2513 Cod.
598 2468 871 2519 Sangerrnan.
902 2467 1123 2518 ‚‚deceat.“
1151 2464 1267 2507 Libri
1299 2465 1399 2507 editi
1427 2465 1485 2522 (v.
1520 2482 1554 2506 c.
1586 2467 1684 2508 edd.

265 2523 327 2564 M.
333 2523 373 2579 );
403 2527 595 2574 „debeat
601 2531 624 2548 “
656 2523 707 2565 R.

380 2594 425 2648 ³)
460 2593 567 2637 Cod.
599 2593 872 2646 Sangerman.
901 2592 1112 2643 „invenies
1143 2610 1208 2635 eas
1237 2592 1385 2634 intra.“
1416 2592 1468 2633 R.
1490 2616 1541 2623 —
1567 2591 1678 2632 Edd

264 2649 461 2691 Merlini·
491 2650 704 2698 „invenies
732 2650 868 2691 intra“
900 2662 976 2691 etc.

380 2718 426 2773 ¹²)
460 2718 567 2760 Cod.
601 2719 875 2772 Sangerman.
905 2720 976 2770 „iu
1004 2725 1177 2779 parv0.“
1207 2719 1273 2779 R„

380 2789 426 2842 ⁵)
459 2788 545 2829 Cfr.
576 2787 728 2831 Genes.
756 2790 854 2842 XV,
883 2791 922 2833 5.
1600 2840 1604 2841 ⁷

379 2856 426 2913 ⁶)
455 2858 585 2902 Deest
612 2864 762 2910 „sunff‘
790 2860 834 2903 in
866 2861 963 2904 edd.
989 2860 1051 2903 M.
1170 2859 1216 2915 7)
1246 2858 1396 2902 Mattk.
1422 2859 1463 2908 5,
1493 2857 1558 2902 14.
