1752 3136
485 142 530 172 m
561 129 759 171 Exonnm
788 126 988 169 HommA
1010 125 1084 187 IX.
1418 108 1505 166 117

386 216 391 235 Ι

83 243 344 286 adversarius
374 253 504 284 vester
534 240 743 289 diabolus,
771 238 878 280 sicut
907 238 976 278 leo
1000 235 1180 288 rugiens,
1203 233 1350 275 circuit
1374 251 1501 289 quae-

82 338 176 362 rens
208 337 333 375 quem
363 321 636 360 transvoret.“
706 315 856 358 'Mensa
889 329 1062 369 quoque
1091 310 1396 368 propositionis
1428 310 1505 351 ha-

79 399 184 438 bens
214 395 438 438 duodecim
469 409 611 449 panes,
641 393 685 434 in
716 403 836 448 parte
867 391 1103 432 collocetur
1124 386 1335 444 aquilonis
1366 386 1499 441 respi-

81 474 192 515 ciens
223 475 275 514 ad
304 483 502 512 austrum.
560 465 697 511 Panes
727 469 814 519 isti,
845 467 1101 524 apostolicus
1134 465 1169 506 ei
1199 475 1284 504 tam
1315 479 1497 504 numero

80 566 204 605 quam
236 549 384 589 virtute
405 547 463 600 «sit
490 563 643 596 sermo,
676 563 762 601 quo
787 545 1074 588 indesinenter
1089 555 1224 590 utens,
1247 540 1288 596 ¹)
1310 568 1365 576 —
1389 556 1498 595 quo-

76 625 178 666 tidie
215 640 400 679 namque
437 624 515 665 hos
553 635 650 665 ante
679 622 921 663 Dominum
961 620 1135 678 jubetur
1180 633 1398 674 apponere
1429 640 1495 666 —,

75 718 244 742 rursum
277 700 471 756 respiciat
501 702 553 742 ad
586 711 786 749 austrum,
816 701 933 740 unde
961 697 1179 739 Dominus
1209 695 1339 736 venit:
1371 693 1495 744 „Do-

80 776 279 833 minus²)
321 778 433 819 enim
479 794 527 819 ex
567 777 764 818 Theman
795 775 979 825 veniet,“
1030 774 1140 816 sicut
1175 772 1381 828 scriptum
1422 782 1494 821 est,

78 855 196 910 quod
227 866 285 896 est
315 856 368 896 de
399 866 552 896 austro.
610 853 778 896 Habeat
814 854 860 895 in
900 851 1189 908 penetralibus
1217 848 1401 905 pectoris
1430 846 1496 889 sui

73 930 198 971 etiam
230 932 359 971 altare
386 931 558 981 incensi,
588 943 635 972 ut
663 931 754 987 ipse
785 931 915 973 dicat:
946 927 1135 984 ,‚quia³)
1169 925 1323 967 Christi
1352 925 1494 966 bonus

21 1043 27 1049 .
75 1008 187 1048 odor
217 1013 400 1049 sumus.“
457 1008 624 1049 Habeat
662 1019 703 1049 et
733 1024 874 1049 arcam
904 1003 1162 1053 testamenti,
1202 1003 1247 1043 in
1289 1018 1372 1058 qua
1411 1000 1494 1042 sint

74 1085 245 1125 tabulae
277 1084 398 1137 legis,
437 1096 481 1125 ut
518 1084 564 1125 in
591 1087 691 1136 ‘lege
722 1085 805 1125 Dei
835 1082 1062 1124 meditetur
1092 1080 1161 1121 die
1190 1096 1237 1120 ac
1266 1090 1417 1127 nocte,
1456 1088 1496 1117 et

70 1161 278 1201 memoria
309 1160 396 1218 ejus
426 1178 522 1203 arca
553 1173 592 1203 et
620 1161 882 1203 bibliotheca
915 1158 1122 1201 efficiatur
1150 1157 1362 1197 librorum
1394 1155 1493 1204 Dei,
1520 1182 1526 1186 r

73 1238 170 1294 quia
202 1249 242 1278 et
270 1238 480 1293 propheta
509 1240 658 1280 beatos
700 1238 800 1280 dicit
851 1253 943 1287 cos,
997 1236 1069 1292 qui
1108 1233 1316 1275 memoria
1345 1243 1492 1273 tenent

70 1315 269 1356 mandata
300 1312 400 1371 ejus,
431 1308 662 1357 uttan-iant
691 1332 750 1357 ea.
820 1315 885 1356 Sit
920 1314 1029 1355 intra
1058 1312 1199 1367 ipsum
1229 1327 1337 1352 urna
1367 1326 1489 1351 man—

68 1406 149 1431 nae
178 1375 384 1446 reposita,
422 1392 658 1434 intellectus
699 1391 815 1433 verbi
845 1391 929 1432 Dei
957 1389 1120 1431 subtilis
1152 1400 1193 1430 et
1222 1387 1367 1429 dulcis.
1427 1386 1491 1428 Sit

70 1479 111 1509 et
138 1467 250 1519 virga
280 1469 426 1508 Aaron
454 1469 563 1510 intra
595 1487 704 1519 eum,
736 1467 931 1510 doctrina
950 1466 1237 1515 sacerdotalis,
1267 1477 1306 1506 et
1334 1464 1491 1505 florida

69 1545 262 1585 severitas
304 1544 571 1600 disciplinae,
616 1563 744 1602 supra
794 1561 965 1585 omnem
1003 1560 1104 1585 vero
1143 1543 1320 1596 gloriam
1359 1542 1412 1582 sit
1451 1542 1490 1582 ei

68 1621 325 1676 pontificalis
361 1633 548 1665 ornatus.
614 1622 759 1663 Potest
798 1622 911 1663 enim
944 1622 1052 1662 intra
1088 1636 1132 1661 se
1162 1636 1284 1673 agere
1313 1618 1490 1674 pontifi-

70 1709 208 1738 catum
238 1714 334 1753 pars
375 1698 469 1749 illa,
517 1714 626 1753 quae
665 1698 707 1739 in
748 1716 797 1740 eo
844 1711 902 1740 est
938 1697 1238 1754 pretiosissima
1278 1696 1488 1745 omnium,

68 1775 186 1830 quod
220 1775 394 1830 quidam
423 1773 659 1830 principale
693 1776 833 1817 cordis
863 1776 1101 1832 appellant,
1139 1774 1208 1815 alii
1237 1773 1488 1815 rationalem

66 1866 259 1902 sensum,
303 1864 374 1893 aut
410 1852 740 1899 intellectualem
781 1853 1082 1903 substantiam,
1121 1853 1187 1892 vel
1227 1866 1488 1906 quocunque

67 1930 202 1970 modo
236 1929 442 1984 appellari
473 1929 674 1984 potest‘in
694 1930 820 1971 nobis
837 1930 980 1986 portio
998 1928 1131 1970 nostri
1151 1930 1234 1980 illa,
1264 1944 1342 1984 per
1359 1944 1487 1982 quam

67 2022 239 2065 capaces
270 2023 355 2047 esse
385 2023 610 2062 possumus
640 2007 736 2047 Dei.
801 2007 882 2047 Ista
923 2022 1021 2058 ergo
1062 2023 1158 2061 pars
1189 2005 1233 2046 in
1264 2004 1389 2046 nobis
1419 2022 1490 2046 ve-

66 2083 128 2124 lut
159 2083 331 2138 quidam
364 2085 555 2139 pontifex
587 2097 815 2126 exornetur
851 2083 1132 2133 indumentis,
1177 2094 1218 2123 et
1255 2082 1488 2126 monilibus

66 2159 279 2216 pretiosis,
320 2177 366 2201 ac
406 2162 570 2216 podere
607 2161 790 2219 byssino.
862 2161 1106 2202 Indumenti
1137 2162 1221 2201 hoc
1259 2176 1388 2214 genus
1419 2172 1488 2212 est,

68 2237 185 2291 quod
217 2252 349 2291 usque
379 2239 429 2278 ad
463 2239 591 2293 pedes
622 2239 847 2280 deducitur
880 2250 1020 2279 totum
1062 2251 1288 2291 contegens
1318 2254 1488 2293 corpus.

65 2312 114 2353 In
147 2329 232 2368 quo
266 2313 524 2374 designatur,
562 2327 609 2356 ut
644 2316 786 2371 primo
832 2315 1026 2357 omnium
1069 2327 1180 2357 totus
1220 2316 1272 2357 sit
1301 2316 1487 2357 castitate

184 2557 228 2612 ¹)
260 2558 373 2600 Alias
411 2559 471 2615 (e.
503 2576 536 2601 e.
567 2560 611 2601 in
643 2561 737 2600 edd.
768 2560 875 2614 Ma)
919 2561 1143 2610 ‚,utimur.“
1211 2561 1297 2603 Sed
1340 2578 1486 2604 omnes

69 2610 194 2655 Mss.:
235 2621 421 2664 ,‚utcns.“
471 2616 521 2656 R.
565 2641 621 2647 —
650 2617 760 2658 Edd.
802 2618 997 2658 Merlini:
1046 2618 1233 2669 „utimur
1282 2620 1486 2675 quotidie.

69 2668 265 2725 Namque
296 2695 347 2703 —-
379 2689 610 2729 apponere.
640 2672 865 2715 Rursum.“
897 2685 974 2715 etc.

184 2739 230 2793 ²)
261 2741 418 2782 Habac.
448 2743 522 2793 III,
551 2744 591 2785 3.

184 2809 231 2864 3)
261 2809 301 2850 II
338 2810 437 2852 Cor.
470 2812 522 2861 Il,
552 2814 618 2855 15.
650 2840 702 2847 —
733 2815 844 2857 Edd.
875 2815 1050 2859 Mei-lini
1078 2833 1324 2874 perperam:
1364 2818 1489 2874 „quia

73 2886 123 2897 —-
152 2865 294 2908 bonus
325 2869 435 2910 ordo
466 2876 651 2912 sumus.“
