1752 3136
472 136 520 166 m
549 124 802 167 anmcnm
830 125 1032 167 HommA
1059 127 1134 167 IV.
1430 130 1517 174 229

90 236 201 278 inter
232 253 303 279 eos
331 236 508 278 inveniri
536 252 788 285 mereamur,
819 237 871 277 ad
903 253 1010 291 quos
1046 234 1170 279 dicit:
1199 236 1404 293 ‚,vobis¹)
1436 240 1510 280 da-

90 324 181 354 tum
214 325 274 355 est
301 329 423 355 nosse
450 311 650 368 mysteria
682 312 798 363 regni
827 312 953 354 Dei.“

202 392 239 433 7.
270 391 371 431 Post
398 391 504 430 hoc:
532 389 661 439 „haec
677 388 722 444 2)
754 399 832 439 est,
862 388 1025 445 inquit,
1055 390 1120 431 lex
1148 390 1362 442 sacrificii,
1393 392 1512 446 quod

90 470 275 509 offerent
312 465 388 507 filii
430 467 577 506 Aaron
606 464 837 507 sacerdotis
878 478 974 507 ante
1015 467 1145 508 altare
1175 480 1322 509 contra
1354 466 1510 509 Domi-

87 563 204 588 num.
262 543 439 584 Auferet
469 543 520 582 ab
554 558 603 584 eo
633 543 805 598 plenam
835 559 1010 583 manum
1043 544 1097 584 de
1122 543 1356 596 similagine
1382 544 1510 586 sacri—

86 623 174 663 ficii
205 637 300 661 cum
332 619 428 659 oleo
462 617 569 675 ejuS,
617 631 655 660 et
695 635 791 660 cum
826 618 942 660 omni
972 619 1097 661 thure
1128 620 1236 678 ejus,
1276 637 1385 677 quae
1413 632 1511 663 sunt

84 700 139 739 ad
167 695 444 744 sacrificium,
486 707 526 736 et
554 695 748 752 imponet
784 713 912 751 super
950 696 1082 737 altare
1118 697 1300 740 hostiam
1332 699 1514 739 odorem

88 772 310 822 suavitatis,
340 771 589 813 memoriale
627 771 714 829 ejus
752 773 962 814 Domino.
1024 773 1158 827 Quod
1188 786 1328 815 autem
1364 791 1515 830 super-

83 851 210 892 fuerit
250 867 297 891 ex
329 866 395 898 ca,
438 847 715 889 manducabit
755 851 924 901 Aaron,
965 863 1003 892 et
1039 850 1117 892 filii
1158 850 1258 908 ejus.
1345 852 1512 909 Azyma

86 928 292 983 edetur³>
332 928 376 968 in
406 926 503 967 loco
542 936 712 974 sancto,
748 924 792 966 in
831 925 938 966 atrio
978 928 1241 969 tabernaculi
1278 926 1511 970 testimonii

84 1005 406 1045 manducabunt
435 1019 542 1046 eam.
606 1003 707 1042 Non
737 1014 948 1056 coquetur
983 1004 1301 1053 fermentatum,
1342 1017 1508 1060 partem

82 1081 164 1122 illis
195 1082 304 1121 hane
331 1078 432 1120 dedi
465 1080 517 1119 ab
547 1077 690 1121 hostiis
720 1077 924 1119 Domini:
953 1091 1095 1120 sancta
1123 1092 1368 1122 sanctorum
1399 1092 1509 1131 sunt,

84 1157 190 1199 sicut
220 1168 279 1197 est
307 1172 386 1212 pro
417 1167 593 1210 peccato
626 1167 666 1196 et
695 1172 775 1211 pro
809 1155 978 1200 delicto.
1047 1156 1210 1200 Omnes
1239 1157 1415 1200 masculi
1444 1173 1509 1198 sa-

85 1235 305 1275 cerdotum
348 1234 473 1273 edent
513 1248 628 1272 eam:
674 1231 907 1284 legitimum
947 1245 1168 1276 aeternum
1206 1234 1252 1275 in
1286 1235 1511 1290 progenies

80 1321 233 1352 vestras
264 1311 315 1350 ab
347 1308 494 1350 hostiis
523 1308 716 1350 Domini.
778 1309 930 1353 Omnis
962 1310 1034 1365 qui
1057 1311 1237 1364 tetigerit
1268 1328 1330 1362 ea,
1358 1311 1511 1352 sancti-

81 1386 321 1427 ficabitur.“
377 1384 427 1426 In
461 1385 536 1433 his,
568 1401 676 1439 quae
704 1386 923 1441 proposita
954 1399 1072 1436 sunt,
1115 1404 1209 1429 mos
1238 1387 1414 1442 quidem
1441 1403 1507 1428 sa-

82 1462 301 1504 crificandi
330 1461 618 1503 sacerdotibus
649 1462 794 1512 datur,
826 1475 864 1502 et
895 1464 1205 1514 observantiae,
1242 1463 1395 1519 quibus
1427 1464 1511 1504 coli

83 1540 223 1589 Deus,
266 1540 330 1578 vel
370 1537 586 1594 purificari
616 1537 804 1593 populus
833 1539 1062 1591 videretur,
1112 1542 1176 1582 vel
1207 1540 1330 1582 etiam
1358 1539 1403 1580 in
1431 1557 1508 1581 ne-

83 1615 268 1657 cessariis
299 1615 430 1656 victus
461 1630 582 1655 causa
612 1615 904 1655 consuleretur
920 1617 1212 1659 sacerdotibus
1243 1630 1282 1659 et
1297 1617 1508 1659 ministris.

84 1692 347 1733 Offerendae
377 1690 488 1731 enim
529 1689 691 1731 similae
728 1690 772 1730 in
808 1691 1014 1733 sacrificio
1044 1711 1241 1736 mensura
1269 1695 1407 1751 posita
1440 1707 1510 1745 est,

83 1785 194 1825 quae
228 1767 392 1809 decima
423 1783 518 1822 pars
550 1767 647 1823 ephi
678 1768 940 1822 appellatur,
980 1770 1079 1812 huic
1111 1773 1255 1813 oleum
1283 1775 1510 1828 supersuu-

82 1846 210 1896 ἀίων,
240 1857 278 1887 et
306 1846 402 1886 thus
433 1843 749 1899 superponitur.
808 1844 895 1886 Sed
933 1863 1029 1888 cum
1064 1850 1119 1890 ad
1148 1850 1276 1890 altare
1304 1865 1508 1905 pervene-

82 1922 148 1972 rit,
178 1923 387 1969 sacerdos,
416 1921 566 1976 inquit,
599 1921 772 1976 plenam
789 1939 964 1964 manum
997 1941 1043 1965 ex
1059 1924 1104 1981 ⁴)
1134 1942 1183 1967 ea
1200 1938 1348 1976 sumet,
1376 1926 1433 1967 ita
1464 1938 1511 1968 ut

83 1999 193 2040 intra
222 1999 533 2053 plenitudinem
562 2014 712 2037 manus
744 2000 973 2041 concludat
1004 2013 1044 2042 et
1076 2003 1242 2053 oleum,
1282 2004 1401 2059 quod
1441 2004 1507 2044 in-

85 2078 226 2116 fusum
258 2085 329 2125 est,
361 2087 399 2115 et
429 2076 538 2123 thus,
569 2075 687 2129 quod
715 2076 1029 2131 superpositum
1061 2090 1142 2129 cst,
1181 2091 1229 2120 ut
1265 2079 1316 2121 sit
1344 2081 1428 2120 hoc
1457 2079 1508 2120 li-

84 2149 254 2201 bamen,
287 2162 327 2192 et
356 2150 606 2192 sacrificium
637 2152 733 2193 Deo
776 2152 821 2193 in
854 2155 1034 2196 odorem
1062 2157 1286 2198 suavitatis.
1347 2156 1508 2206 Cetera,

83 2228 235 2284 inquit,
265 2240 465 2269 maneant
492 2230 779 2271 sacerdotibus
810 2231 862 2270 ad
895 2232 1132 2283 edendum,
1162 2235 1236 2274 sed
1267 2235 1431 2275 edenda
1464 2250 1511 2275 ea

84 2305 257 2346 tradidit
285 2306 351 2346 lex
380 2306 424 2346 in
454 2306 552 2346 loco
583 2317 745 2356 sancto,
774 2306 818 2346 in
850 2307 954 2348 atrio
976 2309 1254 2360 tabernaculi,
1282 2311 1339 2352 ita
1367 2323 1415 2351 ut
1445 2311 1511 2352 ni-

84 2381 145 2422 hil
175 2384 452 2422 fermentetur
486 2399 534 2423 ex
562 2382 622 2424 iis.
695 2383 817 2424 Hanc
849 2385 983 2434 enim,
1019 2385 1178 2441 inquit,
1217 2386 1316 2428 dedi
1347 2400 1511 2443 partem

86 2459 391 2509 sacerdotibus,
421 2471 460 2500 et
489 2459 593 2501 haec
621 2471 718 2501 sunt
745 2474 887 2503 sancta
914 2474 1171 2504 sanctorum.
1218 2465 1305 2507 Sed
1335 2476 1375 2506 et
1403 2465 1511 2506 illud

206 2647 252 2701 1)
282 2647 436 2691 Matth.
466 2647 585 2698 XIII,
617 2646 682 2689 11.
713 2671 764 2680 —-
795 2648 908 2692 Edd.
938 2651 1133 2695 Merliui:
1163 2654 1425 2710 mysterium.

204 2714 253 2771 ²)
284 2716 412 2756 Levit.
440 2717 514 2767 Vl,
543 2717 741 2762 14—18.

206 2784 254 2839 3)
285 2785 395 2826 Edd.
428 2786 620 2828 Merlini:
651 2790 840 2830 edentur.

208 2852 255 2910 ⁴¹)
285 2854 363 2898 Ed.
394 2855 529 2899 Ruaei
555 2857 666 2903 sola:
701 2876 748 2902 cx
779 2875 829 2901 eo
862 2871 937 2902 etr⁴
