1752 3136
205 85 288 129 142
804 84 1024 128 Omonms

204 199 257 240 de
290 214 377 255 quo
419 198 542 241 dixit:
582 197 748 254 ‚,nos¹)
796 210 937 241 autem
976 215 1142 242 sensum
1187 199 1343 242 Christi
1383 200 1628 253 habemus‚“

204 276 282 318 ait:
321 276 468 332 „quod
486 275 533 331 2)
571 274 606 317 si
645 270 927 318 ministerium
971 277 1121 321 mortis
1158 277 1203 320 in
1242 277 1372 320 literis
1412 279 1631 322 deforma-

203 353 355 406 tum3)
385 354 428 394 in
459 352 697 409 lapidibus,
726 353 807 395 fuit
839 355 891 396 ad
922 353 1123 407 gloriam,
1162 355 1219 397 ita
1258 368 1305 398 ut
1335 373 1425 398 non
1455 368 1631 413 possent

201 431 423 472 intendere
454 430 530 472 filii
560 429 688 472 Israel
719 429 763 472 in
792 431 943 473 faciem
962 432 1101 474 Mosis
1131 444 1309 490 propter
1331 434 1509 486 gloriam
1538 434 1631 476 vul-

202 520 267 548 tus
298 505 398 563 ejus,
430 523 538 563 quae
568 508 786 550 aboletur:
818 509 1041 565 quomodo
1065 526 1155 551 non
1185 510 1315 564 magis
1345 509 1629 553 ministerium

200 584 369 641 spiritus
401 585 479 627 erit
507 584 552 625 in
582 584 773 638 gloria?“
813 585 869 626 Et
897 584 1051 627 iterum
1081 588 1314 644 paulopost
1345 587 1469 630 dicit:
1499 599 1568 638 „et
1583 586 1630 642 ⁴)

200 678 291 704 non
329 662 438 704 sicut
475 662 622 703 Moses
663 662 853 718 ponebat
888 663 1079 703 velamen
1137 681 1264 721 super
1302 664 1453 706 faciem
1494 680 1629 714 suam,

199 752 246 781 ut
274 756 364 780 non
396 738 665 780 intenderent
695 737 768 779 filii
796 737 925 780 Israel
953 739 996 780 in
1028 738 1182 781 faciem
1213 742 1350 782 vultus
1383 740 1482 799 ejus.
1534 741 1631 783 Ob-

199 817 282 858 tusi
313 827 411 857 sunt
440 814 553 855 enim
582 830 728 856 sensus
760 830 932 865 eorum,
970 832 1104 871 usque
1133 816 1176 858 in
1207 816 1467 860 hodiernum
1500 818 1628 860 diem.

201 893 310 935 Cum
344 893 456 934 enim
487 891 641 945 legitur
669 892 839 943 Moses,
867 892 1059 934 velamen
1090 905 1149 935 est
1176 894 1365 950 positum
1392 911 1521 952 super
1552 912 1628 937 cor

199 975 390 1012 eorum.“
461 968 568 1024 Quis
605 985 696 1011 non
741 968 976 1011 admiretur
1015 970 1316 1029 mysteriorum
1366 971 1626 1026 magnitudi-

198 1046 330 1089 nem?
365 1046 461 1103 quis
491 1062 582 1087 non
612 1045 884 1102 pertimescat
913 1057 1059 1087 notam
1078 1046 1122 1102 ⁵)
1154 1049 1293 1090 cordis
1317 1049 1486 1092 obtusi?
1518 1049 1625 1091 Glo-

197 1126 356 1166 rificata
387 1135 447 1164 est
475 1122 601 1164 facies
632 1122 791 1174 Mosis,
834 1125 908 1165 sed
953 1139 1044 1165 non
1083 1135 1281 1180 poterant
1319 1127 1543 1168 intendere
1579 1125 1624 1167 in

196 1201 349 1245 faciem
388 1202 526 1242 vultus
559 1197 645 1256 ejus
675 1198 752 1239 filii
781 1199 932 1250 Israel,
972 1217 1063 1243 non
1094 1212 1263 1258 poterat
1292 1202 1515 1244 intendere
1544 1218 1627 1259 po-

194 1279 322 1334 pulus
350 1291 597 1335 synagogae.
656 1276 702 1318 Si
733 1276 826 1332 quis
860 1288 1000 1318 nutem
1020 1278 1399 1329 conversationem,
1430 1291 1470 1320 et
1497 1280 1626 1322 vitam

195 1365 337 1411 potest
367 1355 526 1395 habere
555 1353 903 1403 eminentiorem,
935 1370 1062 1409 quam
1095 1355 1308 1411 reliquum
1341 1356 1508 1408 vulgus,
1547 1356 1625 1397 iste

123 1426 128 1433 ⁵
194 1442 335 1488 potest
375 1429 531 1472 intueri
569 1431 750 1484 gloriam
791 1431 930 1473 vultus
972 1429 1074 1487 ejus.
1143 1431 1236 1482 „Et
1252 1431 1298 1486 ⁶)
1339 1448 1455 1473 nune
1498 1431 1625 1483 enim,

194 1537 252 1546 .-.
279 1508 388 1551 sicut
418 1507 522 1549 dixit
557 1507 787 1563 Apostolus
819 1531 897 1557 —,
940 1508 1132 1549 velamen
1173 1519 1233 1550 est
1269 1507 1459 1563 positum
1487 1507 1533 1549 in
1563 1509 1624 1549 le-

195 1586 338 1628 ctione
367 1585 516 1648 veteris
545 1584 783 1627 testamenti
797 1590 834 1627 :“
866 1596 905 1626 et
934 1601 1050 1626 nunc
1074 1583 1219 1626 Nloses
1244 1584 1480 1637 glorificato
1506 1587 1624 1627 vultu

194 1663 403 1720 loquitur,
433 1663 508 1704 sed
538 1663 743 1714 gloriam,
772 1679 881 1719 quae
913 1673 972 1704 est
1000 1661 1044 1702 in
1075 1661 1193 1702 vultu
1225 1661 1325 1719 ejus,
1353 1679 1444 1703 non
1474 1680 1625 1719 possu-

195 1758 290 1784 mus
318 1739 485 1781 intueri.
555 1738 719 1780 Idcirco
751 1750 891 1780 autem
931 1754 1022 1779 non
1053 1755 1302 1794 possumus,
1351 1739 1450 1795 quia
1481 1741 1622 1781 adhuc

191 1817 380 1874 populus
409 1833 567 1866 sumus,
598 1827 638 1857 et
666 1815 771 1856 nihil
801 1814 942 1864 studii,
972 1815 1081 1857 nihil
1110 1815 1251 1857 meriti
1280 1817 1377 1871 plus
1403 1833 1529 1873 quam
1553 1833 1621 1858 re-

192 1894 308 1951 liqua
339 1894 473 1949 plebs,
509 1893 727 1934 habemus.
785 1892 948 1934 Verum
980 1892 1079 1948 quia
1110 1891 1211 1933 dicit
1238 1904 1404 1935 sanctus
1432 1895 1621 1950 Aposto-

191 1972 279 2014 lus:
309 1970 381 2022 ‚,id
399 1969 444 2024 ⁷)
473 1969 614 2026 ipsum
648 1980 790 2011 autem
819 1970 1011 2011 velamen
1043 1970 1088 2012 in
1118 1969 1302 2011 lectione
1321 1969 1468 2012 veteris
1498 1981 1623 2012 testa-

189 2047 322 2089 menti
350 2058 495 2088 manet
508 2051 544 2088 :“
577 2057 814 2103 amputaret
829 2046 956 2088 nobis
976 2063 1149 2089 omnem
1173 2045 1473 2099 intelligentiae
1501 2062 1621 2103 spem

189 2124 296 2167 tanti
334 2136 375 2166 et
411 2124 504 2166 talis
543 2124 743 2180 Apostoli
778 2125 946 2179 prolata
976 2123 1203 2173 sententia,
1248 2122 1328 2165 nisi
1367 2122 1620 2165 addidisset:

189 2201 373 2257 „cum3)
404 2213 546 2243 autem
576 2200 668 2257 quis
699 2217 925 2243 conversus
963 2201 1090 2243 suerit
1119 2202 1173 2242 ad
1204 2199 1470 2252 Dominum,
1501 2202 1620 2243 aufe-

306 2378 350 2434 ἱ>
381 2377 400 2417 Ι
433 2376 533 2418 Cor.
564 2375 616 2426 ΙΙ,
646 2375 715 2423 16.
835 2375 883 2431 ²)
914 2375 953 2416 II
985 2377 1087 2421 Cor.
1121 2377 1195 2428 ΙΙΙ,
1225 2379 1264 2422 7.
1294 2379 1333 2422 8.

302 2449 349 2501 ³)
379 2448 502 2489 Mssa
532 2448 864 2497 „deformatum
867 2452 892 2472 “
943 2447 1060 2490 Libri
1092 2448 1193 2490 editi
1223 2448 1282 2505 (v.
1315 2464 1348 2490 c.
1381 2449 1479 2494 edd.
1508 2448 1617 2505 M.):

189 2507 490 2560 ‚,sormatum.“
520 2504 574 2544 R.

303 2574 349 2630 ⁴)
380 2574 419 2613 Π
451 2573 552 2614 cor
582 2572 958 2622 111‚13.14.15.

303 2643 348 2700 ⁵)
381 2644 452 2685 Sic
483 2644 583 2684 Mss.
627 2643 745 2684 Libri
776 2655 916 2685 autem
949 2643 1048 2685 editi
1087 2642 1148 2697 (v.
1180 2660 1213 2687 c.
1243 2645 1339 2686 edd.
1372 2645 1480 2701 M.):
1520 2661 1615 2696 „ve-

184 2702 325 2744 lamen
359 2700 501 2742 obtusi
531 2698 709 2741 cordis?
743 2698 1021 2743 Glorificata“
1052 2712 1127 2743 etc.
1161 2701 1212 2741 R.

301 2771 346 2827 ⁶)
377 2770 415 2809 ΙΙ
448 2768 548 2809 Cor.
582 2769 655 2819 ΙΙΙ,
686 2770 751 2812 14.
874 2771 920 2828 ⁷)
951 2771 990 2812 Π
1023 2771 1123 2814 Cor.
1155 2770 1229 2822 ΙΙΙ,
1260 2771 1327 2816 14.

299 2841 346 2898 Β)
378 2840 417 2881 lI
449 2839 551 2882 Cor.
580 2839 652 2890 ΙΙΙ,
684 2840 748 2884 16.
