1752 3136
458 148 505 178 m
534 137 795 179 Lssvrmcum
825 134 1026 176 Homum
1050 135 1147 175 XII.
1427 132 1511 176 383

454 354 947 404 HOMILIA
1020 355 1136 404 XII.

500 521 506 526 ,
538 478 608 518 De
637 494 794 531 magno
824 479 1057 520 sacerdote.

201 595 238 633 1.
274 590 424 633 Omnis
456 592 528 646 qui
560 591 669 631 inter
693 590 887 631 homines
917 590 1174 645 sacerdos’)
1206 602 1278 639 est,
1307 592 1360 631 ad
1391 591 1511 633 illum

90 671 364 718 sacerdotem,
389 657 449 709 'de
481 684 567 723 quo
604 668 706 708 dixit
735 669 876 709 Deus:
908 667 1043 723 ,‚tu²)
1076 685 1115 709 es
1142 668 1339 708 sacerdos
1369 668 1410 709 in
1445 686 1513 709 ae-

91 760 260 788 ternum
289 747 525 788 secundum
561 745 755 794 ordinem
786 745 1151 786 Melchisedech:“
1191 762 1344 798 parvus
1376 758 1434 787 est
1474 759 1513 787 et

92 824 274 875 exiguus.
333 824 410 864 Ille
443 833 503 863 est
533 822 673 863 autem
706 837 878 873 magnus
907 822 1128 870 sacerdos,
1167 823 1239 877 qui
1269 835 1407 878 potest
1437 842 1515 880 pe-

89 913 256 941 netrare
287 902 443 949 coelos,
475 911 514 939 et
542 898 781 940 universam
811 889 1057 968 supergredi
1088 911 1336 951 creaturam,
1369 914 1408 942 et
1438 905 1513 944 ad<

88 979 291 1018 scendere
321 977 376 1017 ad
407 993 526 1025 eum,
565 976 638 1031 qui
677 976 906 1027 ‚‚lucem³)
946 975 1105 1016 habitat
1143 976 1514 1030 inaccessibilem,“

92 1054 236 1094 Deum
267 1065 305 1094 et
334 1066 499 1108 patrem
526 1051 816 1094 universitatis.
884 1051 1069 1107 Propter
1109 1055 1227 1108 quod
1260 1067 1299 1095 et
1327 1054 1410 1106 ille,
1442 1058 1513 1114 qui

92 1132 206 1186 apud
237 1131 427 1171 ,Iudaeos
454 1147 630 1182 magnus
674 1130 896 1170 dicebatur
925 1131 1146 1178 sacerdos,
1185 1132 1392 1174 introibat
1422 1136 1515 1190 qui-

92 1209 189 1248 dem
218 1207 260 1248 in
292 1218 457 1256 sancta,
487 1210 561 1248 sed
590 1224 723 1248 manu
759 1208 891 1256 facta,
933 1208 1006 1247 sed
1026 1206 1259 1277 ·lapidibus
1289 1223 1516 1254 exstructa:

92 1302 183 1326 non
215 1284 498 1326 adscendebat
526 1285 571 1325 in
604 1285 785 1333 coelum,
815 1301 893 1324 nec
924 1285 1087 1325 adstare
1107 1297 1277 1341 poterat
1295 1292 1411 1349 apud
1440 1307 1518 1346 pa-

92 1373 198 1402 trem
239 1361 463 1402 luminum.
533 1361 619 1402 Sed
659 1360 758 1416 quia
797 1361 953 1401 horum
994 1364 1192 1403 umbram
1231 1366 1435 1422 implebat
1479 1382 1517 1409 et

92 1439 332 1490 imaginem,
362 1438 523 1478 ideirco
557 1439 682 1478 etiam
715 1437 856 1488 magni
885 1439 1115 1479 sacerdotis
1140 1456 1299 1481 nomen
1326 1459 1403 1497 per
1421 1461 1517 1484 um-

93 1518 216 1556 bram
259 1517 429 1569 gerebat
467 1525 507 1555 et
544 1514 785 1567 imaginem.
864 1514 993 1555 Unde
1034 1527 1073 1555 et
1110 1517 1265 1558 Judaei
1303 1536 1381 1573 per
1422 1522 1518 1572 hoc,

98 1594 217 1649 quod
248 1594 301 1634 ad
330 1593 461 1633 fidem
494 1592 680 1648 proximi
710 1609 795 1633 esse
827 1592 1093 1642 debuissent,
1130 1594 1227 1649 quia
1258 1600 1372 1652 apud
1404 1598 1517 1654 ipsos

99 1669 368 1710 adumbratio
418 1670 627 1725 quaedam
676 1681 714 1710 et
759 1668 901 1720 imago
947 1671 1212 1725 praeluserat
1231 1674 1276 1728 ⁴)
1321 1675 1517 1730 veritatis,

97 1748 198 1787 dum
239 1758 362 1803 typos
405 1747 622 1787 veritatem
662 1758 833 1802 putant,
882 1747 1097 1788 veritatem
1138 1750 1272 1805 ipsam
1316 1764 1519 1810 tanquam

95 1825 369 1865 mendacium
401 1834 666 1879 respuerunt.
740 1822 830 1863 Nos
861 1835 1023 1874 autem,
1070 1826 1142 1881 qui
1174 1829 1402 1885 recipimus
1428 1850 1518 1873 ma-

97 1919 226 1955 gnum
255 1903 537 1950 sacerdotem,
565 1901 802 1953 intelligere
833 1903 1035 1943 debemus
1062 1907 1284 1958 quomodo
1304 1925 1400 1949 vere
1429 1910 1519 1965 ipse

96 1979 146 2020 sit
175 1995 358 2032 magnus·
380 1972 590 2020 sacerdos.
646 1973 759 2019 Vere
788 1995 964 2032 magnus
995 1984 1194 2023 sacerdos
1217 1995 1286 2033 est,
1319 1987 1391 2040 qui
1417 2003 1518 2041 pec-

100 2067 191 2097 ca'ta
224 2055 414 2105 dimittit,
458 2072 549 2096 non
578 2071 656 2109 per
685 2056 928 2108 sanguinem
962 2069 1184 2099 taurorum
1217 2072 1256 2100 et
1286 2062 1520 2115 hircorum,

96 2136 171 2177 sed
200 2150 278 2189 per
307 2130 552 2184 sanguinem
580 2150 717 2174 suum.
778 2133 891 2187 Quia
919 2151 1016 2187 ergo
1045 2138 1334 2188 cognovimus,
1369 2142 1440 2195 qui
1469 2143 1521 2183 sit

98 2227 274 2262 magnus
302 2211 522 2258 sacerdos,
566 2198 605 2250 et
635 2211 891 2252 confitemur
921 2228 991 2262 ea,
1033 2229 1142 2268 quae
1171 2214 1214 2255 in
1246 2216 1336 2270 lege
1364 2216 1520 2275 scripta

99 2300 210 2338 sunt,
241 2288 294 2328 de
321 2302 477 2338 magno
508 2288 730 2328 sacerdote
758 2287 911 2344 scripta
944 2306 1054 2345 esse,
1094 2290 1140 2331 id
1172 2282 1250 2342 est,
1291 2295 1342 2335 de
1373 2296 1518 2338 Salva-

98 2378 205 2416 tore,
235 2382 362 2422 quem
401 2380 497 2405 vere
535 2380 736 2417 magnum
772 2367 1037 2408 sacerdotem
1076 2384 1161 2411 esse
1198 2370 1395 2427 superior
1433 2384 1517 2416 tra-

219 2574 263 2629 ¹)
295 2574 411 2616 Libri
453 2586 573 2616 antea
616 2575 718 2617 editi
753 2577 813 2631 (v.
848 2594 882 2618 c
915 2579 1010 2620 edd.
1042 2579 1150 2632 M.:)
1190 2584 1410 2631 „sacerdos
1448 2599 1520 2636 est,

99 2631 134 2672 si
164 2633 352 2672 attendas
375 2632 550 2690 (edd.t
534 2633 594 2672 M.
623 2649 873 2689 perperam:
905 2634 1148 2692 attendat)
1179 2641 1234 2681 ad
1257 2640 1417 2691 illum‚“
1445 2646 1519 2684 sed

99 2687 143 2727 in
177 2689 378 2784 οὲῃῃὶὸυε
408 2690 507 2730 Mss.
541 2690 676 2731 deest:
717 2707 776 2741 „⁵1
815 2693 1021 2734 attendas:
1013 2700 1049 2717 ·“
1089 2696 1208 2750 quod
1249 2699 1346 2739 abes
1333 2716 1392 2741 se
1420 2713 1518 2755 pot-

102 2754 173 2786 est.
226 2762 239 2782 ι

219 2814 266 2867 2>
295 2813 446 2855 Psalm.
479 2814 570 2867 cx,
600 2817 639 2858 4.
760 2816 806 2872 ³)
839 2819 858 2859 Ι
890 2818 1000 2862 Tim.
1031 2820 1103 2871 vl,
1135 2822 1199 2865 16.

218 2881 265 2937 ⁴²)
296 2883 404 2926 Cod.
436 2884 711 2939 Sangerman.
739 2889 1066 2944 „praeluserat.“
1096 2890 1147 2932 R.
