<?xml version="1.0" encoding="UTF-8"?>
<!DOCTYPE html PUBLIC "-//W3C//DTD XHTML 1.0 Transitional//EN"
    "http://www.w3.org/TR/xhtml1/DTD/xhtml1-transitional.dtd">
<html xmlns="http://www.w3.org/1999/xhtml" xml:lang="en" lang="en">
 <head>
  <title>
</title>
<meta http-equiv="Content-Type" content="text/html;charset=utf-8" />
  <meta name='ocr-system' content='tesseract 3.04.00' />
  <meta name='ocr-capabilities' content='ocr_page ocr_carea ocr_par ocr_line ocrx_word'/>
</head>
<body>
  <div class='ocr_page' id='page_1' title='image "./operaomniaquaegr09orig_0110.png"; bbox 0 0 1752 3136; ppageno 0'>
   <div class='ocr_carea' id='block_1_1' title="bbox 262 98 1095 167">
    <p class='ocr_par' dir='ltr' id='par_1_1' title="bbox 262 98 1095 167">
     <span class='ocr_line' id='line_1_1' title="bbox 262 98 1095 167; baseline -0.014 0"><span class='ocrx_word' id='word_1_1' title='bbox 262 123 322 167; x_wconf 84' lang='lat'><strong>98</strong></span> <span class='ocrx_word' id='word_1_2' title='bbox 431 98 433 100; x_wconf 12' lang='lat' dir='ltr'>V</span> <span class='ocrx_word' id='word_1_3' title='bbox 872 115 1095 158; x_wconf 74' lang='lat' dir='ltr'><strong>Omessms</strong></span> 
     </span>
    </p>
   </div>
   <div class='ocr_carea' id='block_1_2' title="bbox 255 227 1744 2521">
    <p class='ocr_par' dir='ltr' id='par_1_2' title="bbox 255 227 1744 2521">
     <span class='ocr_line' id='line_1_2' title="bbox 268 227 1699 286; baseline -0.006 -9"><span class='ocrx_word' id='word_1_4' title='bbox 268 236 403 277; x_wconf 88' lang='lat' dir='ltr'><strong>modo</strong></span> <span class='ocrx_word' id='word_1_5' title='bbox 435 231 647 286; x_wconf 85' lang='lat' dir='ltr'><strong>agendum</strong></span> <span class='ocrx_word' id='word_1_6' title='bbox 685 228 762 270; x_wconf 88' lang='lat' dir='ltr'><strong>tibi</strong></span> <span class='ocrx_word' id='word_1_7' title='bbox 800 228 908 271; x_wconf 79' lang='lat' dir='ltr'><strong>nihil</strong></span> <span class='ocrx_word' id='word_1_8' title='bbox 949 241 1011 270; x_wconf 83' lang='lat' dir='ltr'><strong>est</strong></span> <span class='ocrx_word' id='word_1_9' title='bbox 1039 227 1332 285; x_wconf 83' lang='lat' dir='ltr'><strong>impudicum,</strong></span> <span class='ocrx_word' id='word_1_10' title='bbox 1374 228 1448 269; x_wconf 88' lang='lat' dir='ltr'><strong>sed</strong></span> <span class='ocrx_word' id='word_1_11' title='bbox 1489 243 1542 268; x_wconf 89' lang='lat' dir='ltr'><strong>ne</strong></span> <span class='ocrx_word' id='word_1_12' title='bbox 1583 227 1699 280; x_wconf 82' lang='lat' dir='ltr'><strong>cogi·</strong></span> 
     </span>
     <span class='ocr_line' id='line_1_3' title="bbox 267 303 1699 366; baseline -0.008 -11"><span class='ocrx_word' id='word_1_13' title='bbox 267 315 447 355; x_wconf 80' lang='lat' dir='ltr'><strong>tandum</strong></span> <span class='ocrx_word' id='word_1_14' title='bbox 479 308 665 366; x_wconf 86' lang='lat' dir='ltr'><strong>quidem.</strong></span> <span class='ocrx_word' id='word_1_15' title='bbox 708 307 820 348; x_wconf 83' lang='lat' dir='ltr'><strong>Vide</strong></span> <span class='ocrx_word' id='word_1_16' title='bbox 845 306 972 356; x_wconf 85' lang='lat' dir='ltr'><strong>enim,</strong></span> <span class='ocrx_word' id='word_1_17' title='bbox 1006 306 1124 361; x_wconf 86' lang='lat' dir='ltr'><strong>qood</strong></span> <span class='ocrx_word' id='word_1_18' title='bbox 1147 304 1351 360; x_wconf 71' lang='lat' dir='ltr'><strong>scripturn</strong></span> <span class='ocrx_word' id='word_1_19' title='bbox 1385 315 1454 346; x_wconf 87' lang='lat' dir='ltr'><strong>est.</strong></span> <span class='ocrx_word' id='word_1_20' title='bbox 1484 303 1699 358; x_wconf 83' lang='lat' dir='ltr'><strong>„Cum‚¹)</strong></span> 
     </span>
     <span class='ocr_line' id='line_1_4' title="bbox 265 381 1701 446; baseline -0.006 -17"><span class='ocrx_word' id='word_1_21' title='bbox 265 389 426 446; x_wconf 84' lang='lat' dir='ltr'><strong>inquit,</strong></span> <span class='ocrx_word' id='word_1_22' title='bbox 472 385 723 427; x_wconf 88' lang='lat' dir='ltr'><strong>immundus</strong></span> <span class='ocrx_word' id='word_1_23' title='bbox 768 383 936 439; x_wconf 87' lang='lat' dir='ltr'><strong>spiritus</strong></span> <span class='ocrx_word' id='word_1_24' title='bbox 976 383 1118 423; x_wconf 79' lang='lat' dir='ltr'><strong>exierit</strong></span> <span class='ocrx_word' id='word_1_25' title='bbox 1159 383 1211 423; x_wconf 90' lang='lat' dir='ltr'><strong>ab</strong></span> <span class='ocrx_word' id='word_1_26' title='bbox 1244 381 1439 431; x_wconf 85' lang='lat' dir='ltr'><strong>homine,</strong></span> <span class='ocrx_word' id='word_1_27' title='bbox 1478 381 1592 423; x_wconf 87' lang='lat' dir='ltr'><strong>vadit</strong></span> <span class='ocrx_word' id='word_1_28' title='bbox 1622 398 1701 437; x_wconf 86' lang='lat' dir='ltr'><strong>per</strong></span> 
     </span>
     <span class='ocr_line' id='line_1_5' title="bbox 266 454 1697 518; baseline -0.007 -9"><span class='ocrx_word' id='word_1_29' title='bbox 266 469 362 509; x_wconf 84' lang='lat' dir='ltr'><strong>loca</strong></span> <span class='ocrx_word' id='word_1_30' title='bbox 394 464 526 513; x_wconf 88' lang='lat' dir='ltr'><strong>arida,</strong></span> <span class='ocrx_word' id='word_1_31' title='bbox 559 460 725 518; x_wconf 86' lang='lat' dir='ltr'><strong>quaerit</strong></span> <span class='ocrx_word' id='word_1_32' title='bbox 754 459 961 516; x_wconf 56' lang='lat' dir='ltr'><strong>requiem,</strong></span> <span class='ocrx_word' id='word_1_33' title='bbox 993 471 1034 500; x_wconf 87' lang='lat' dir='ltr'><strong>et</strong></span> <span class='ocrx_word' id='word_1_34' title='bbox 1063 476 1150 500; x_wconf 89' lang='lat' dir='ltr'><strong>non</strong></span> <span class='ocrx_word' id='word_1_35' title='bbox 1185 459 1357 501; x_wconf 77' lang='lat' dir='ltr'><strong>invenit.</strong></span> <span class='ocrx_word' id='word_1_36' title='bbox 1417 459 1541 499; x_wconf 91' lang='lat' dir='ltr'><strong>Tunc</strong></span> <span class='ocrx_word' id='word_1_37' title='bbox 1574 454 1697 500; x_wconf 81' lang='lat' dir='ltr'><strong>dicit:</strong></span> 
     </span>
     <span class='ocr_line' id='line_1_6' title="bbox 266 535 1698 587; baseline -0.007 -1"><span class='ocrx_word' id='word_1_38' title='bbox 266 555 453 587; x_wconf 80' lang='lat' dir='ltr'><strong>revertar</strong></span> <span class='ocrx_word' id='word_1_39' title='bbox 481 542 526 583; x_wconf 86' lang='lat' dir='ltr'><strong>in</strong></span> <span class='ocrx_word' id='word_1_40' title='bbox 559 541 737 581; x_wconf 86' lang='lat' dir='ltr'><strong>domum</strong></span> <span class='ocrx_word' id='word_1_41' title='bbox 770 553 924 585; x_wconf 84' lang='lat' dir='ltr'><strong>meam,</strong></span> <span class='ocrx_word' id='word_1_42' title='bbox 953 538 1070 578; x_wconf 87' lang='lat' dir='ltr'><strong>unde</strong></span> <span class='ocrx_word' id='word_1_43' title='bbox 1102 536 1218 577; x_wconf 84' lang='lat' dir='ltr'><strong>exivi.</strong></span> <span class='ocrx_word' id='word_1_44' title='bbox 1278 537 1335 577; x_wconf 81' lang='lat' dir='ltr'><strong>Et</strong></span> <span class='ocrx_word' id='word_1_45' title='bbox 1363 537 1397 578; x_wconf 90' lang='lat' dir='ltr'><strong>si</strong></span> <span class='ocrx_word' id='word_1_46' title='bbox 1432 535 1602 577; x_wconf 79' lang='lat' dir='ltr'><strong>veniens</strong></span> <span class='ocrx_word' id='word_1_47' title='bbox 1631 535 1698 576; x_wconf 84' lang='lat' dir='ltr'><strong>in-</strong></span> 
     </span>
     <span class='ocr_line' id='line_1_7' title="bbox 266 613 1699 663; baseline -0.006 -1"><span class='ocrx_word' id='word_1_48' title='bbox 266 619 430 662; x_wconf 83' lang='lat' dir='ltr'><strong>venerit</strong></span> <span class='ocrx_word' id='word_1_49' title='bbox 468 635 559 659; x_wconf 90' lang='lat' dir='ltr'><strong>eam</strong></span> <span class='ocrx_word' id='word_1_50' title='bbox 603 626 844 662; x_wconf 85' lang='lat' dir='ltr'><strong>vacantem,</strong></span> <span class='ocrx_word' id='word_1_51' title='bbox 893 614 1139 654; x_wconf 82' lang='lat' dir='ltr'><strong>mundatam</strong></span> <span class='ocrx_word' id='word_1_52' title='bbox 1173 625 1212 655; x_wconf 90' lang='lat' dir='ltr'><strong>et</strong></span> <span class='ocrx_word' id='word_1_53' title='bbox 1243 626 1449 663; x_wconf 85' lang='lat' dir='ltr'><strong>ornatam,</strong></span> <span class='ocrx_word' id='word_1_54' title='bbox 1481 613 1614 663; x_wconf 80' lang='lat' dir='ltr'><strong>vadit,</strong></span> <span class='ocrx_word' id='word_1_55' title='bbox 1658 624 1699 654; x_wconf 89' lang='lat' dir='ltr'><strong>et</strong></span> 
     </span>
     <span class='ocr_line' id='line_1_8' title="bbox 266 690 1700 746; baseline -0.006 -7"><span class='ocrx_word' id='word_1_56' title='bbox 266 695 442 739; x_wconf 78' lang='lat' dir='ltr'><strong>adducit</strong></span> <span class='ocrx_word' id='word_1_57' title='bbox 485 709 631 735; x_wconf 89' lang='lat' dir='ltr'><strong>secum</strong></span> <span class='ocrx_word' id='word_1_58' title='bbox 671 691 778 731; x_wconf 83' lang='lat' dir='ltr'><strong>alios</strong></span> <span class='ocrx_word' id='word_1_59' title='bbox 811 702 970 745; x_wconf 83' lang='lat' dir='ltr'><strong>septem</strong></span> <span class='ocrx_word' id='word_1_60' title='bbox 1011 691 1183 746; x_wconf 87' lang='lat' dir='ltr'><strong>spiritus</strong></span> <span class='ocrx_word' id='word_1_61' title='bbox 1222 692 1449 746; x_wconf 76' lang='lat' dir='ltr'>nequiores</span> <span class='ocrx_word' id='word_1_62' title='bbox 1489 709 1554 739; x_wconf 83' lang='lat' dir='ltr'><strong>se,</strong></span> <span class='ocrx_word' id='word_1_63' title='bbox 1599 690 1700 744; x_wconf 77' lang='lat' dir='ltr'><strong>et2)</strong></span> 
     </span>
     <span class='ocr_line' id='line_1_9' title="bbox 266 767 1699 816; baseline -0.006 0"><span class='ocrx_word' id='word_1_64' title='bbox 266 776 470 816; x_wconf 77' lang='lat' dir='ltr'><strong>intrantes</strong></span> <span class='ocrx_word' id='word_1_65' title='bbox 499 770 543 811; x_wconf 86' lang='lat' dir='ltr'><strong>in</strong></span> <span class='ocrx_word' id='word_1_66' title='bbox 575 771 754 810; x_wconf 88' lang='lat' dir='ltr'><strong>domum</strong></span> <span class='ocrx_word' id='word_1_67' title='bbox 785 767 901 807; x_wconf 86' lang='lat' dir='ltr'><strong>illam</strong></span> <span class='ocrx_word' id='word_1_68' title='bbox 935 767 1127 807; x_wconf 84' lang='lat' dir='ltr'><strong>habitant</strong></span> <span class='ocrx_word' id='word_1_69' title='bbox 1157 767 1200 807; x_wconf 88' lang='lat' dir='ltr'><strong>in</strong></span> <span class='ocrx_word' id='word_1_70' title='bbox 1232 785 1290 808; x_wconf 89' lang='lat' dir='ltr'><strong>ca.</strong></span> <span class='ocrx_word' id='word_1_71' title='bbox 1366 768 1420 808; x_wconf 80' lang='lat' dir='ltr'><strong>Et</strong></span> <span class='ocrx_word' id='word_1_72' title='bbox 1466 779 1587 808; x_wconf 87' lang='lat' dir='ltr'><strong>erunt</strong></span> <span class='ocrx_word' id='word_1_73' title='bbox 1617 784 1699 807; x_wconf 89' lang='lat' dir='ltr'><strong>no·-</strong></span> 
     </span>
     <span class='ocr_line' id='line_1_10' title="bbox 266 842 1698 900; baseline -0.004 -9"><span class='ocrx_word' id='word_1_74' title='bbox 266 849 430 891; x_wconf 76' lang='lat' dir='ltr'><strong>vi⁵sima</strong></span> <span class='ocrx_word' id='word_1_75' title='bbox 460 844 646 887; x_wconf 88' lang='lat' dir='ltr'><strong>hominis</strong></span> <span class='ocrx_word' id='word_1_76' title='bbox 675 844 790 885; x_wconf 80' lang='lat' dir='ltr'><strong>illius</strong></span> <span class='ocrx_word' id='word_1_77' title='bbox 820 842 972 900; x_wconf 86' lang='lat' dir='ltr'><strong>pejora</strong></span> <span class='ocrx_word' id='word_1_78' title='bbox 1004 844 1264 898; x_wconf 82' lang='lat' dir='ltr'><strong>prioribus.“</strong></span> <span class='ocrx_word' id='word_1_79' title='bbox 1338 846 1455 886; x_wconf 75' lang='lat' dir='ltr'><strong>Haec</strong></span> <span class='ocrx_word' id='word_1_80' title='bbox 1487 845 1519 886; x_wconf 87' lang='lat' dir='ltr'><strong>si</strong></span> <span class='ocrx_word' id='word_1_81' title='bbox 1550 846 1698 885; x_wconf 79' lang='lat' dir='ltr'><strong>adver-</strong></span> 
     </span>
     <span class='ocr_line' id='line_1_11' title="bbox 265 921 1698 980; baseline -0.006 -12"><span class='ocrx_word' id='word_1_82' title='bbox 265 939 417 976; x_wconf 82' lang='lat' dir='ltr'><strong>tamus,</strong></span> <span class='ocrx_word' id='word_1_83' title='bbox 449 925 672 980; x_wconf 90' lang='lat' dir='ltr'><strong>quomodo</strong></span> <span class='ocrx_word' id='word_1_84' title='bbox 704 938 932 977; x_wconf 88' lang='lat' dir='ltr'><strong>possumus</strong></span> <span class='ocrx_word' id='word_1_85' title='bbox 974 922 1038 961; x_wconf 88' lang='lat' dir='ltr'><strong>vel</strong></span> <span class='ocrx_word' id='word_1_86' title='bbox 1077 921 1119 961; x_wconf 88' lang='lat' dir='ltr'><strong>in</strong></span> <span class='ocrx_word' id='word_1_87' title='bbox 1159 938 1292 977; x_wconf 84' lang='lat' dir='ltr'><strong>parvo</strong></span> <span class='ocrx_word' id='word_1_88' title='bbox 1324 921 1601 974; x_wconf 68' lang='lat' dir='ltr'><strong>negligentiae</strong></span> <span class='ocrx_word' id='word_1_89' title='bbox 1632 921 1698 960; x_wconf 91' lang='lat' dir='ltr'><strong>lo-</strong></span> 
     </span>
     <span class='ocr_line' id='line_1_12' title="bbox 268 997 1698 1054; baseline -0.007 -8"><span class='ocrx_word' id='word_1_90' title='bbox 268 1020 366 1046; x_wconf 84' lang='lat' dir='ltr'><strong>cum</strong></span> <span class='ocrx_word' id='word_1_91' title='bbox 397 1000 529 1048; x_wconf 81' lang='lat' dir='ltr'><strong>dare?</strong></span> <span class='ocrx_word' id='word_1_92' title='bbox 591 999 807 1040; x_wconf 85' lang='lat' dir='ltr'><strong>Habitavit</strong></span> <span class='ocrx_word' id='word_1_93' title='bbox 848 999 961 1040; x_wconf 88' lang='lat' dir='ltr'><strong>enim</strong></span> <span class='ocrx_word' id='word_1_94' title='bbox 1002 999 1047 1039; x_wconf 85' lang='lat' dir='ltr'><strong>in</strong></span> <span class='ocrx_word' id='word_1_95' title='bbox 1077 997 1202 1039; x_wconf 85' lang='lat' dir='ltr'><strong>nobis</strong></span> <span class='ocrx_word' id='word_1_96' title='bbox 1233 997 1482 1039; x_wconf 85' lang='lat' dir='ltr'><strong>immundus</strong></span> <span class='ocrx_word' id='word_1_97' title='bbox 1513 997 1698 1054; x_wconf 85' lang='lat' dir='ltr'><strong>spiritus,</strong></span> 
     </span>
     <span class='ocr_line' id='line_1_13' title="bbox 265 1074 1698 1136; baseline -0.005 -14"><span class='ocrx_word' id='word_1_98' title='bbox 265 1093 493 1136; x_wconf 84' lang='lat' dir='ltr'><strong>antequam</strong></span> <span class='ocrx_word' id='word_1_99' title='bbox 527 1079 820 1126; x_wconf 82' lang='lat' dir='ltr'><strong>crederemus,</strong></span> <span class='ocrx_word' id='word_1_100' title='bbox 851 1088 1078 1131; x_wconf 78' lang='lat' dir='ltr'><strong>antequam</strong></span> <span class='ocrx_word' id='word_1_101' title='bbox 1109 1075 1348 1116; x_wconf 77' lang='lat' dir='ltr'><strong>veniremus</strong></span> <span class='ocrx_word' id='word_1_102' title='bbox 1379 1077 1433 1117; x_wconf 87' lang='lat' dir='ltr'><strong>ad</strong></span> <span class='ocrx_word' id='word_1_103' title='bbox 1466 1074 1698 1122; x_wconf 81' lang='lat' dir='ltr'><strong>Christum,</strong></span> 
     </span>
     <span class='ocr_line' id='line_1_14' title="bbox 264 1151 1693 1209; baseline -0.006 -10"><span class='ocrx_word' id='word_1_104' title='bbox 264 1173 363 1199; x_wconf 89' lang='lat' dir='ltr'><strong>cum</strong></span> <span class='ocrx_word' id='word_1_105' title='bbox 393 1157 546 1205; x_wconf 86' lang='lat' dir='ltr'><strong>adhuc,</strong></span> <span class='ocrx_word' id='word_1_106' title='bbox 575 1166 622 1195; x_wconf 87' lang='lat' dir='ltr'><strong>ut</strong></span> <span class='ocrx_word' id='word_1_107' title='bbox 651 1154 844 1209; x_wconf 89' lang='lat' dir='ltr'><strong>superius</strong></span> <span class='ocrx_word' id='word_1_108' title='bbox 877 1153 982 1203; x_wconf 88' lang='lat' dir='ltr'><strong>dixi,</strong></span> <span class='ocrx_word' id='word_1_109' title='bbox 1013 1151 1297 1193; x_wconf 73' lang='lat' dir='ltr'><strong>fornicaretur</strong></span> <span class='ocrx_word' id='word_1_110' title='bbox 1327 1152 1468 1193; x_wconf 84' lang='lat' dir='ltr'><strong>anima</strong></span> <span class='ocrx_word' id='word_1_111' title='bbox 1497 1164 1639 1194; x_wconf 85' lang='lat' dir='ltr'><strong>nostra</strong></span> <span class='ocrx_word' id='word_1_112' title='bbox 1671 1168 1693 1191; x_wconf 81' lang='lat' dir='ltr'><strong>a</strong></span> 
     </span>
     <span class='ocr_line' id='line_1_15' title="bbox 263 1229 1695 1285; baseline -0.005 -9"><span class='ocrx_word' id='word_1_113' title='bbox 263 1235 379 1282; x_wconf 87' lang='lat' dir='ltr'><strong>Deo,</strong></span> <span class='ocrx_word' id='word_1_114' title='bbox 409 1246 448 1274; x_wconf 90' lang='lat' dir='ltr'><strong>et</strong></span> <span class='ocrx_word' id='word_1_115' title='bbox 478 1243 582 1274; x_wconf 86' lang='lat' dir='ltr'><strong>esset</strong></span> <span class='ocrx_word' id='word_1_116' title='bbox 611 1248 707 1272; x_wconf 87' lang='lat' dir='ltr'><strong>cum</strong></span> <span class='ocrx_word' id='word_1_117' title='bbox 731 1231 990 1272; x_wconf 81' lang='lat' dir='ltr'><strong>amatoribus</strong></span> <span class='ocrx_word' id='word_1_118' title='bbox 1014 1229 1098 1270; x_wconf 89' lang='lat' dir='ltr'><strong>suis</strong></span> <span class='ocrx_word' id='word_1_119' title='bbox 1121 1230 1417 1271; x_wconf 85' lang='lat' dir='ltr'><strong>daemonibus.</strong></span> <span class='ocrx_word' id='word_1_120' title='bbox 1464 1231 1550 1271; x_wconf 73' lang='lat' dir='ltr'><strong>Sed</strong></span> <span class='ocrx_word' id='word_1_121' title='bbox 1575 1241 1695 1285; x_wconf 85' lang='lat' dir='ltr'><strong>post-</strong></span> 
     </span>
     <span class='ocr_line' id='line_1_16' title="bbox 265 1306 1696 1368; baseline -0.003 -16"><span class='ocrx_word' id='word_1_122' title='bbox 265 1327 444 1368; x_wconf 85' lang='lat' dir='ltr'><strong>eaquam</strong></span> <span class='ocrx_word' id='word_1_123' title='bbox 475 1309 598 1350; x_wconf 82' lang='lat' dir='ltr'><strong>dixit:</strong></span> <span class='ocrx_word' id='word_1_124' title='bbox 644 1307 916 1362; x_wconf 57' lang='lat' dir='ltr'><strong>„revertar-⁶⁵)</strong></span> <span class='ocrx_word' id='word_1_125' title='bbox 956 1309 1011 1348; x_wconf 87' lang='lat' dir='ltr'><strong>ad</strong></span> <span class='ocrx_word' id='word_1_126' title='bbox 1050 1306 1187 1347; x_wconf 82' lang='lat' dir='ltr'><strong>virum</strong></span> <span class='ocrx_word' id='word_1_127' title='bbox 1216 1323 1358 1348; x_wconf 89' lang='lat' dir='ltr'><strong>meum</strong></span> <span class='ocrx_word' id='word_1_128' title='bbox 1389 1306 1625 1362; x_wconf 83' lang='lat' dir='ltr'><strong>priorem:“</strong></span> <span class='ocrx_word' id='word_1_129' title='bbox 1657 1318 1696 1347; x_wconf 85' lang='lat' dir='ltr'><strong>et</strong></span> 
     </span>
     <span class='ocr_line' id='line_1_17' title="bbox 262 1383 1693 1440; baseline -0.005 -10"><span class='ocrx_word' id='word_1_130' title='bbox 262 1388 377 1430; x_wconf 68' lang='lat' dir='ltr'><strong>venit</strong></span> <span class='ocrx_word' id='word_1_131' title='bbox 407 1388 461 1428; x_wconf 90' lang='lat' dir='ltr'><strong>ad</strong></span> <span class='ocrx_word' id='word_1_132' title='bbox 493 1384 724 1436; x_wconf 84' lang='lat' dir='ltr'><strong>Christum,</strong></span> <span class='ocrx_word' id='word_1_133' title='bbox 759 1384 831 1440; x_wconf 88' lang='lat' dir='ltr'><strong>qui</strong></span> <span class='ocrx_word' id='word_1_134' title='bbox 863 1400 957 1424; x_wconf 87' lang='lat' dir='ltr'><strong>eam</strong></span> <span class='ocrx_word' id='word_1_135' title='bbox 989 1400 1035 1424; x_wconf 86' lang='lat' dir='ltr'><strong>ex</strong></span> <span class='ocrx_word' id='word_1_136' title='bbox 1075 1383 1197 1424; x_wconf 89' lang='lat' dir='ltr'><strong>initio</strong></span> <span class='ocrx_word' id='word_1_137' title='bbox 1231 1385 1283 1424; x_wconf 91' lang='lat' dir='ltr'><strong>ad</strong></span> <span class='ocrx_word' id='word_1_138' title='bbox 1315 1384 1541 1436; x_wconf 83' lang='lat' dir='ltr'><strong>imaginem</strong></span> <span class='ocrx_word' id='word_1_139' title='bbox 1573 1400 1693 1439; x_wconf 81' lang='lat' dir='ltr'><strong>suam</strong></span> 
     </span>
     <span class='ocr_line' id='line_1_18' title="bbox 263 1459 1696 1515; baseline -0.004 -9"><span class='ocrx_word' id='word_1_140' title='bbox 263 1464 432 1513; x_wconf 85' lang='lat' dir='ltr'><strong>creavit,</strong></span> <span class='ocrx_word' id='word_1_141' title='bbox 462 1461 700 1504; x_wconf 86' lang='lat' dir='ltr'><strong>necessario</strong></span> <span class='ocrx_word' id='word_1_142' title='bbox 731 1461 879 1502; x_wconf 90' lang='lat' dir='ltr'><strong>locum</strong></span> <span class='ocrx_word' id='word_1_143' title='bbox 922 1459 1038 1502; x_wconf 81' lang='lat' dir='ltr'><strong>dedit</strong></span> <span class='ocrx_word' id='word_1_144' title='bbox 1069 1460 1235 1500; x_wconf 83' lang='lat' dir='ltr'><strong>adulter</strong></span> <span class='ocrx_word' id='word_1_145' title='bbox 1264 1460 1458 1515; x_wconf 85' lang='lat' dir='ltr'><strong>spiritns,</strong></span> <span class='ocrx_word' id='word_1_146' title='bbox 1486 1461 1562 1501; x_wconf 89' lang='lat' dir='ltr'><strong>ubi</strong></span> <span class='ocrx_word' id='word_1_147' title='bbox 1591 1461 1696 1502; x_wconf 85' lang='lat' dir='ltr'><strong>vidit</strong></span> 
     </span>
     <span class='ocr_line' id='line_1_19' title="bbox 260 1537 1697 1594; baseline -0.005 -11"><span class='ocrx_word' id='word_1_148' title='bbox 260 1541 497 1594; x_wconf 83' lang='lat' dir='ltr'><strong>legitimum</strong></span> <span class='ocrx_word' id='word_1_149' title='bbox 541 1540 695 1580; x_wconf 83' lang='lat' dir='ltr'><strong>virum.</strong></span> <span class='ocrx_word' id='word_1_150' title='bbox 780 1537 978 1594; x_wconf 86' lang='lat' dir='ltr'><strong>Suscepti</strong></span> <span class='ocrx_word' id='word_1_151' title='bbox 1019 1552 1118 1588; x_wconf 85' lang='lat' dir='ltr'><strong>ergo</strong></span> <span class='ocrx_word' id='word_1_152' title='bbox 1160 1553 1306 1577; x_wconf 89' lang='lat' dir='ltr'><strong>sumus</strong></span> <span class='ocrx_word' id='word_1_153' title='bbox 1347 1554 1370 1579; x_wconf 87' lang='lat' dir='ltr'><strong>a</strong></span> <span class='ocrx_word' id='word_1_154' title='bbox 1412 1537 1608 1587; x_wconf 81' lang='lat' dir='ltr'><strong>Christo,</strong></span> <span class='ocrx_word' id='word_1_155' title='bbox 1655 1547 1697 1577; x_wconf 88' lang='lat' dir='ltr'><strong>et</strong></span> 
     </span>
     <span class='ocr_line' id='line_1_20' title="bbox 260 1614 1693 1671; baseline -0.003 -11"><span class='ocrx_word' id='word_1_156' title='bbox 260 1619 467 1660; x_wconf 78' lang='lat' dir='ltr'><strong>mundata</strong></span> <span class='ocrx_word' id='word_1_157' title='bbox 500 1628 557 1658; x_wconf 90' lang='lat' dir='ltr'><strong>est</strong></span> <span class='ocrx_word' id='word_1_158' title='bbox 587 1618 743 1658; x_wconf 90' lang='lat' dir='ltr'><strong>domus</strong></span> <span class='ocrx_word' id='word_1_159' title='bbox 773 1627 918 1656; x_wconf 86' lang='lat' dir='ltr'><strong>nostra</strong></span> <span class='ocrx_word' id='word_1_160' title='bbox 950 1633 972 1656; x_wconf 90' lang='lat' dir='ltr'><strong>a</strong></span> <span class='ocrx_word' id='word_1_161' title='bbox 1002 1614 1185 1671; x_wconf 88' lang='lat' dir='ltr'><strong>peccatis</strong></span> <span class='ocrx_word' id='word_1_162' title='bbox 1216 1615 1447 1671; x_wconf 82' lang='lat' dir='ltr'><strong>prioribus,</strong></span> <span class='ocrx_word' id='word_1_163' title='bbox 1473 1627 1513 1656; x_wconf 90' lang='lat' dir='ltr'><strong>et</strong></span> <span class='ocrx_word' id='word_1_164' title='bbox 1543 1627 1693 1657; x_wconf 84' lang='lat' dir='ltr'><strong>ornata</strong></span> 
     </span>
     <span class='ocr_line' id='line_1_21' title="bbox 262 1692 1695 1748; baseline -0.003 -11"><span class='ocrx_word' id='word_1_165' title='bbox 262 1708 323 1737; x_wconf 89' lang='lat' dir='ltr'><strong>est</strong></span> <span class='ocrx_word' id='word_1_166' title='bbox 355 1693 617 1736; x_wconf 86' lang='lat' dir='ltr'><strong>ornamentis</strong></span> <span class='ocrx_word' id='word_1_167' title='bbox 646 1703 1014 1734; x_wconf 84' lang='lat' dir='ltr'><strong>sacramentorum</strong></span> <span class='ocrx_word' id='word_1_168' title='bbox 1043 1692 1261 1742; x_wconf 75' lang='lat' dir='ltr'><strong>fidelium,</strong></span> <span class='ocrx_word' id='word_1_169' title='bbox 1292 1708 1401 1748; x_wconf 89' lang='lat' dir='ltr'><strong>quae</strong></span> <span class='ocrx_word' id='word_1_170' title='bbox 1428 1705 1591 1734; x_wconf 86' lang='lat' dir='ltr'><strong>norunt</strong></span> <span class='ocrx_word' id='word_1_171' title='bbox 1620 1692 1695 1748; x_wconf 87' lang='lat' dir='ltr'><strong>qni</strong></span> 
     </span>
     <span class='ocr_line' id='line_1_22' title="bbox 259 1768 1711 1815; baseline -0.001 -2"><span class='ocrx_word' id='word_1_172' title='bbox 259 1770 410 1815; x_wconf 78' lang='lat' dir='ltr'><strong>initiati</strong></span> <span class='ocrx_word' id='word_1_173' title='bbox 439 1783 548 1813; x_wconf 91' lang='lat' dir='ltr'><strong>sunt.</strong></span> <span class='ocrx_word' id='word_1_174' title='bbox 622 1770 710 1811; x_wconf 74' lang='lat' dir='ltr'><strong>Sed</strong></span> <span class='ocrx_word' id='word_1_175' title='bbox 749 1786 840 1810; x_wconf 85' lang='lat' dir='ltr'><strong>non</strong></span> <span class='ocrx_word' id='word_1_176' title='bbox 882 1769 1020 1810; x_wconf 80' lang='lat' dir='ltr'><strong>statim</strong></span> <span class='ocrx_word' id='word_1_177' title='bbox 1060 1769 1213 1810; x_wconf 90' lang='lat' dir='ltr'><strong>domus</strong></span> <span class='ocrx_word' id='word_1_178' title='bbox 1255 1768 1360 1810; x_wconf 89' lang='lat' dir='ltr'><strong>haec</strong></span> <span class='ocrx_word' id='word_1_179' title='bbox 1406 1769 1711 1811; x_wconf 81' lang='lat' dir='ltr'><strong>habitatorcm&#39;</strong></span> 
     </span>
     <span class='ocr_line' id='line_1_23' title="bbox 260 1844 1690 1902; baseline -0.002 -13"><span class='ocrx_word' id='word_1_180' title='bbox 260 1849 421 1889; x_wconf 82' lang='lat' dir='ltr'><strong>habere</strong></span> <span class='ocrx_word' id='word_1_181' title='bbox 454 1847 671 1888; x_wconf 86' lang='lat' dir='ltr'><strong>Christum</strong></span> <span class='ocrx_word' id='word_1_182' title='bbox 701 1858 900 1896; x_wconf 81' lang='lat' dir='ltr'><strong>meretur,</strong></span> <span class='ocrx_word' id='word_1_183' title='bbox 930 1846 1010 1888; x_wconf 81' lang='lat' dir='ltr'><strong>nisi</strong></span> <span class='ocrx_word' id='word_1_184' title='bbox 1039 1845 1090 1887; x_wconf 89' lang='lat' dir='ltr'><strong>sit</strong></span> <span class='ocrx_word' id='word_1_185' title='bbox 1120 1846 1202 1886; x_wconf 80' lang='lat' dir='ltr'><strong>vita</strong></span> <span class='ocrx_word' id='word_1_186' title='bbox 1234 1844 1322 1902; x_wconf 86' lang='lat' dir='ltr'><strong>ejus</strong></span> <span class='ocrx_word' id='word_1_187' title='bbox 1354 1858 1393 1887; x_wconf 89' lang='lat' dir='ltr'><strong>et</strong></span> <span class='ocrx_word' id='word_1_188' title='bbox 1424 1846 1690 1887; x_wconf 85' lang='lat' dir='ltr'><strong>conversatio</strong></span> 
     </span>
     <span class='ocr_line' id='line_1_24' title="bbox 257 1922 1692 1980; baseline -0.001 -13"><span class='ocrx_word' id='word_1_189' title='bbox 257 1926 316 1968; x_wconf 84' lang='lat' dir='ltr'><strong>ita</strong></span> <span class='ocrx_word' id='word_1_190' title='bbox 347 1936 505 1974; x_wconf 84' lang='lat' dir='ltr'><strong>sancta,</strong></span> <span class='ocrx_word' id='word_1_191' title='bbox 534 1924 590 1965; x_wconf 84' lang='lat' dir='ltr'><strong>ita</strong></span> <span class='ocrx_word' id='word_1_192' title='bbox 616 1940 747 1980; x_wconf 86' lang='lat' dir='ltr'><strong>pura,</strong></span> <span class='ocrx_word' id='word_1_193' title='bbox 779 1935 818 1964; x_wconf 88' lang='lat' dir='ltr'><strong>ct</strong></span> <span class='ocrx_word' id='word_1_194' title='bbox 846 1922 1259 1973; x_wconf 82' lang='lat' dir='ltr'><strong>incontaminabilis,</strong></span> <span class='ocrx_word' id='word_1_195' title='bbox 1289 1935 1336 1964; x_wconf 91' lang='lat' dir='ltr'><strong>ut</strong></span> <span class='ocrx_word' id='word_1_196' title='bbox 1365 1925 1575 1979; x_wconf 86' lang='lat' dir='ltr'><strong>templum</strong></span> <span class='ocrx_word' id='word_1_197' title='bbox 1606 1924 1692 1965; x_wconf 85' lang='lat' dir='ltr'><strong>Dei</strong></span> 
     </span>
     <span class='ocr_line' id='line_1_25' title="bbox 261 2000 1689 2057; baseline -0.002 -13"><span class='ocrx_word' id='word_1_198' title='bbox 261 2019 347 2046; x_wconf 84' lang='lat' dir='ltr'><strong>esse</strong></span> <span class='ocrx_word' id='word_1_199' title='bbox 376 2013 602 2044; x_wconf 86' lang='lat' dir='ltr'><strong>mereatur.</strong></span> <span class='ocrx_word' id='word_1_200' title='bbox 680 2001 779 2041; x_wconf 82' lang='lat' dir='ltr'><strong>Non</strong></span> <span class='ocrx_word' id='word_1_201' title='bbox 823 2000 935 2041; x_wconf 85' lang='lat' dir='ltr'><strong>enim</strong></span> <span class='ocrx_word' id='word_1_202' title='bbox 978 2002 1130 2042; x_wconf 89' lang='lat' dir='ltr'><strong>domus</strong></span> <span class='ocrx_word' id='word_1_203' title='bbox 1172 2001 1336 2052; x_wconf 87' lang='lat' dir='ltr'><strong>adhuc,</strong></span> <span class='ocrx_word' id='word_1_204' title='bbox 1375 2003 1448 2043; x_wconf 86' lang='lat' dir='ltr'><strong>scd</strong></span> <span class='ocrx_word' id='word_1_205' title='bbox 1479 2003 1689 2057; x_wconf 78' lang='lat' dir='ltr'><strong>templum</strong></span> 
     </span>
     <span class='ocr_line' id='line_1_26' title="bbox 260 2077 1690 2134; baseline -0.002 -12"><span class='ocrx_word' id='word_1_206' title='bbox 260 2096 347 2123; x_wconf 89' lang='lat' dir='ltr'><strong>esse</strong></span> <span class='ocrx_word' id='word_1_207' title='bbox 378 2080 519 2129; x_wconf 87' lang='lat' dir='ltr'><strong>debet,</strong></span> <span class='ocrx_word' id='word_1_208' title='bbox 548 2078 592 2119; x_wconf 88' lang='lat' dir='ltr'><strong>in</strong></span> <span class='ocrx_word' id='word_1_209' title='bbox 624 2094 710 2134; x_wconf 92' lang='lat' dir='ltr'><strong>quo</strong></span> <span class='ocrx_word' id='word_1_210' title='bbox 742 2077 904 2119; x_wconf 85' lang='lat' dir='ltr'><strong>habitet</strong></span> <span class='ocrx_word' id='word_1_211' title='bbox 934 2078 1064 2120; x_wconf 86' lang='lat' dir='ltr'><strong>Deus.</strong></span> <span class='ocrx_word' id='word_1_212' title='bbox 1136 2078 1183 2120; x_wconf 88' lang='lat' dir='ltr'><strong>Si</strong></span> <span class='ocrx_word' id='word_1_213' title='bbox 1214 2094 1312 2130; x_wconf 84' lang='lat' dir='ltr'><strong>ergo</strong></span> <span class='ocrx_word' id='word_1_214' title='bbox 1345 2090 1563 2133; x_wconf 83' lang='lat' dir='ltr'><strong>acceptam</strong></span> <span class='ocrx_word' id='word_1_215' title='bbox 1595 2095 1690 2131; x_wconf 86' lang='lat' dir='ltr'><strong>gra-</strong></span> 
     </span>
     <span class='ocr_line' id='line_1_27' title="bbox 256 2153 1688 2210; baseline -0.002 -11"><span class='ocrx_word' id='word_1_216' title='bbox 256 2158 360 2199; x_wconf 75' lang='lat' dir='ltr'><strong>tiam</strong></span> <span class='ocrx_word' id='word_1_217' title='bbox 390 2154 595 2209; x_wconf 87' lang='lat' dir='ltr'><strong>negligat,</strong></span> <span class='ocrx_word' id='word_1_218' title='bbox 636 2166 675 2195; x_wconf 88' lang='lat' dir='ltr'><strong>et</strong></span> <span class='ocrx_word' id='word_1_219' title='bbox 702 2153 892 2210; x_wconf 85' lang='lat' dir='ltr'><strong>implicet</strong></span> <span class='ocrx_word' id='word_1_220' title='bbox 919 2171 962 2196; x_wconf 87' lang='lat' dir='ltr'><strong>se</strong></span> <span class='ocrx_word' id='word_1_221' title='bbox 991 2155 1169 2207; x_wconf 85' lang='lat' dir='ltr'><strong>negotiis</strong></span> <span class='ocrx_word' id='word_1_222' title='bbox 1199 2154 1509 2207; x_wconf 82' lang='lat' dir='ltr'><strong>saecularibus,</strong></span> <span class='ocrx_word' id='word_1_223' title='bbox 1551 2156 1688 2197; x_wconf 85' lang='lat' dir='ltr'><strong>conti-</strong></span> 
     </span>
     <span class='ocr_line' id='line_1_28' title="bbox 255 2231 1687 2290; baseline -0.002 -14"><span class='ocrx_word' id='word_1_224' title='bbox 255 2250 345 2276; x_wconf 90' lang='lat' dir='ltr'><strong>nuo</strong></span> <span class='ocrx_word' id='word_1_225' title='bbox 378 2232 550 2290; x_wconf 84' lang='lat' dir='ltr'><strong>spiritus</strong></span> <span class='ocrx_word' id='word_1_226' title='bbox 580 2233 652 2273; x_wconf 88' lang='lat' dir='ltr'><strong>ille</strong></span> <span class='ocrx_word' id='word_1_227' title='bbox 679 2231 928 2273; x_wconf 88' lang='lat' dir='ltr'><strong>immundus</strong></span> <span class='ocrx_word' id='word_1_228' title='bbox 958 2232 1079 2282; x_wconf 89' lang='lat' dir='ltr'><strong>redit,</strong></span> <span class='ocrx_word' id='word_1_229' title='bbox 1111 2245 1150 2274; x_wconf 90' lang='lat' dir='ltr'><strong>et</strong></span> <span class='ocrx_word' id='word_1_230' title='bbox 1179 2234 1364 2274; x_wconf 83' lang='lat' dir='ltr'><strong>vindicat</strong></span> <span class='ocrx_word' id='word_1_231' title='bbox 1396 2232 1476 2274; x_wconf 83' lang='lat' dir='ltr'><strong>sibi</strong></span> <span class='ocrx_word' id='word_1_232' title='bbox 1508 2235 1687 2275; x_wconf 86' lang='lat' dir='ltr'><strong>domum</strong></span> 
     </span>
     <span class='ocr_line' id='line_1_29' title="bbox 257 2309 1685 2365; baseline -0.001 -13"><span class='ocrx_word' id='word_1_233' title='bbox 257 2323 489 2352; x_wconf 84' lang='lat' dir='ltr'><strong>vacantem.</strong></span> <span class='ocrx_word' id='word_1_234' title='bbox 556 2309 612 2350; x_wconf 92' lang='lat' dir='ltr'><strong>Et</strong></span> <span class='ocrx_word' id='word_1_235' title='bbox 649 2325 705 2350; x_wconf 80' lang='lat' dir='ltr'><strong>ne</strong></span> <span class='ocrx_word' id='word_1_236' title='bbox 743 2309 896 2350; x_wconf 83' lang='lat' dir='ltr'><strong>iterum</strong></span> <span class='ocrx_word' id='word_1_237' title='bbox 928 2311 1060 2364; x_wconf 85' lang='lat' dir='ltr'><strong>possit</strong></span> <span class='ocrx_word' id='word_1_238' title='bbox 1092 2310 1266 2365; x_wconf 79' lang='lat' dir='ltr'><strong>expelli,</strong></span> <span class='ocrx_word' id='word_1_239' title='bbox 1313 2309 1417 2351; x_wconf 85' lang='lat' dir='ltr'><strong>alios</strong></span> <span class='ocrx_word' id='word_1_240' title='bbox 1446 2327 1590 2351; x_wconf 89' lang='lat' dir='ltr'><strong>secum</strong></span> <span class='ocrx_word' id='word_1_241' title='bbox 1620 2326 1685 2352; x_wconf 90' lang='lat' dir='ltr'><strong>se-</strong></span> 
     </span>
     <span class='ocr_line' id='line_1_30' title="bbox 255 2386 1687 2444; baseline 0 -16"><span class='ocrx_word' id='word_1_242' title='bbox 255 2400 372 2443; x_wconf 84' lang='lat' dir='ltr'><strong>ptem</strong></span> <span class='ocrx_word' id='word_1_243' title='bbox 402 2387 574 2444; x_wconf 85' lang='lat' dir='ltr'><strong>spiritus</strong></span> <span class='ocrx_word' id='word_1_244' title='bbox 604 2388 780 2429; x_wconf 84' lang='lat' dir='ltr'><strong>adhibet</strong></span> <span class='ocrx_word' id='word_1_245' title='bbox 809 2387 1050 2442; x_wconf 86' lang='lat' dir='ltr'><strong>nequiores,</strong></span> <span class='ocrx_word' id='word_1_246' title='bbox 1084 2398 1123 2427; x_wconf 86' lang='lat' dir='ltr'><strong>et</strong></span> <span class='ocrx_word' id='word_1_247' title='bbox 1152 2387 1263 2427; x_wconf 83' lang='lat' dir='ltr'><strong>fiunt</strong></span> <span class='ocrx_word' id='word_1_248' title='bbox 1279 2386 1507 2428; x_wconf 84' lang='lat' dir='ltr'><strong>novissima</strong></span> <span class='ocrx_word' id='word_1_249' title='bbox 1540 2386 1687 2444; x_wconf 86' lang='lat' dir='ltr'><strong>hujus-</strong></span> 
     </span>
     <span class='ocr_line' id='line_1_31' title="bbox 255 2463 1744 2521; baseline 0.001 -16"><span class='ocrx_word' id='word_1_250' title='bbox 255 2466 376 2505; x_wconf 87' lang='lat' dir='ltr'><strong>modi</strong></span> <span class='ocrx_word' id='word_1_251' title='bbox 415 2465 602 2506; x_wconf 85' lang='lat' dir='ltr'><strong>hominis</strong></span> <span class='ocrx_word' id='word_1_252' title='bbox 647 2463 797 2521; x_wconf 88' lang='lat' dir='ltr'><strong>pejora</strong></span> <span class='ocrx_word' id='word_1_253' title='bbox 836 2463 1076 2519; x_wconf 87' lang='lat' dir='ltr'><strong>prioribus:</strong></span> <span class='ocrx_word' id='word_1_254' title='bbox 1136 2463 1235 2520; x_wconf 89' lang='lat' dir='ltr'><strong>quia</strong></span> <span class='ocrx_word' id='word_1_255' title='bbox 1280 2463 1542 2505; x_wconf 84' lang='lat' dir='ltr'><strong>tolerabilius</strong></span> <span class='ocrx_word' id='word_1_256' title='bbox 1591 2465 1685 2504; x_wconf 83' lang='lat' dir='ltr'><strong>fue·</strong></span> <span class='ocrx_word' id='word_1_257' title='bbox 1731 2498 1744 2507; x_wconf 33' lang='grc' dir='ltr'><em>κ</em></span> 
     </span>
    </p>
   </div>
   <div class='ocr_carea' id='block_1_3' title="bbox 254 2540 1683 2598">
    <p class='ocr_par' dir='ltr' id='par_1_3' title="bbox 254 2540 1683 2598">
     <span class='ocr_line' id='line_1_32' title="bbox 254 2540 1683 2598; baseline -0.001 -16"><span class='ocrx_word' id='word_1_258' title='bbox 254 2554 320 2583; x_wconf 89' lang='lat' dir='ltr'><strong>rat</strong></span> <span class='ocrx_word' id='word_1_259' title='bbox 359 2559 448 2583; x_wconf 88' lang='lat' dir='ltr'><strong>non</strong></span> <span class='ocrx_word' id='word_1_260' title='bbox 488 2541 667 2584; x_wconf 87' lang='lat' dir='ltr'><strong>rediisse</strong></span> <span class='ocrx_word' id='word_1_261' title='bbox 697 2543 751 2582; x_wconf 89' lang='lat' dir='ltr'><strong>ad</strong></span> <span class='ocrx_word' id='word_1_262' title='bbox 791 2544 927 2584; x_wconf 87' lang='lat' dir='ltr'><strong>virum</strong></span> <span class='ocrx_word' id='word_1_263' title='bbox 958 2541 1146 2598; x_wconf 88' lang='lat' dir='ltr'><strong>priorem</strong></span> <span class='ocrx_word' id='word_1_264' title='bbox 1187 2540 1373 2582; x_wconf 89' lang='lat' dir='ltr'><strong>animam</strong></span> <span class='ocrx_word' id='word_1_265' title='bbox 1412 2542 1542 2582; x_wconf 87' lang='lat' dir='ltr'><strong>semel</strong></span> <span class='ocrx_word' id='word_1_266' title='bbox 1592 2557 1683 2581; x_wconf 81' lang='lat' dir='ltr'><strong>me-</strong></span> 
     </span>
    </p>
   </div>
   <div class='ocr_carea' id='block_1_4' title="bbox 372 2667 1063 2721">
    <p class='ocr_par' dir='ltr' id='par_1_4' title="bbox 372 2667 1063 2721">
     <span class='ocr_line' id='line_1_33' title="bbox 372 2667 1063 2721; baseline -0.003 -10"><span class='ocrx_word' id='word_1_267' title='bbox 372 2667 417 2721; x_wconf 76' lang='grc' dir='ltr'><strong>ι&gt;</strong></span> <span class='ocrx_word' id='word_1_268' title='bbox 447 2668 535 2712; x_wconf 82' lang='lat' dir='ltr'><strong>Cfr.</strong></span> <span class='ocrx_word' id='word_1_269' title='bbox 564 2668 663 2709; x_wconf 90' lang='lat' dir='ltr'><strong>Luc.</strong></span> <span class='ocrx_word' id='word_1_270' title='bbox 692 2667 767 2719; x_wconf 87' lang='lat' dir='ltr'><strong>XI,</strong></span> <span class='ocrx_word' id='word_1_271' title='bbox 797 2669 865 2711; x_wconf 77' lang='lat'><strong>24.</strong></span> <span class='ocrx_word' id='word_1_272' title='bbox 895 2670 963 2712; x_wconf 79' lang='lat'><strong>25.</strong></span> <span class='ocrx_word' id='word_1_273' title='bbox 994 2670 1063 2713; x_wconf 78' lang='lat'><strong>26.</strong></span> 
     </span>
    </p>
   </div>
   <div class='ocr_carea' id='block_1_5' title="bbox 249 2736 1682 2837">
    <p class='ocr_par' dir='ltr' id='par_1_5' title="bbox 249 2736 1682 2837">
     <span class='ocr_line' id='line_1_34' title="bbox 369 2736 1682 2796; baseline 0 -19"><span class='ocrx_word' id='word_1_274' title='bbox 369 2736 416 2792; x_wconf 85' lang='lat'><strong>²)</strong></span> <span class='ocrx_word' id='word_1_275' title='bbox 445 2737 562 2778; x_wconf 88' lang='lat' dir='ltr'><strong>Alias</strong></span> <span class='ocrx_word' id='word_1_276' title='bbox 602 2738 662 2793; x_wconf 81' lang='lat' dir='ltr'><strong>(e.</strong></span> <span class='ocrx_word' id='word_1_277' title='bbox 694 2755 726 2778; x_wconf 89' lang='lat' dir='ltr'><strong>c.</strong></span> <span class='ocrx_word' id='word_1_278' title='bbox 759 2737 803 2779; x_wconf 85' lang='lat' dir='ltr'><strong>in</strong></span> <span class='ocrx_word' id='word_1_279' title='bbox 836 2740 931 2782; x_wconf 86' lang='lat' dir='ltr'><strong>edd.</strong></span> <span class='ocrx_word' id='word_1_280' title='bbox 961 2738 1073 2796; x_wconf 84' lang='grc' dir='ltr'>Μ.);</span> <span class='ocrx_word' id='word_1_281' title='bbox 1113 2749 1179 2791; x_wconf 84' lang='lat' dir='ltr'><strong>„et</strong></span> <span class='ocrx_word' id='word_1_282' title='bbox 1217 2736 1378 2780; x_wconf 82' lang='lat' dir='ltr'><strong>intrans</strong></span> <span class='ocrx_word' id='word_1_283' title='bbox 1416 2736 1461 2779; x_wconf 89' lang='lat' dir='ltr'><strong>in</strong></span> <span class='ocrx_word' id='word_1_284' title='bbox 1502 2738 1682 2780; x_wconf 85' lang='lat' dir='ltr'><strong>domum</strong></span> 
     </span>
     <span class='ocr_line' id='line_1_35' title="bbox 249 2793 832 2837; baseline 0.002 -1"><span class='ocrx_word' id='word_1_285' title='bbox 249 2793 369 2836; x_wconf 83' lang='lat' dir='ltr'><strong>illam</strong></span> <span class='ocrx_word' id='word_1_286' title='bbox 399 2793 562 2835; x_wconf 85' lang='lat' dir='ltr'><strong>habitat</strong></span> <span class='ocrx_word' id='word_1_287' title='bbox 589 2795 634 2835; x_wconf 88' lang='lat' dir='ltr'><strong>in</strong></span> <span class='ocrx_word' id='word_1_288' title='bbox 665 2799 752 2836; x_wconf 86' lang='lat' dir='ltr'><strong>ea.“</strong></span> <span class='ocrx_word' id='word_1_289' title='bbox 782 2795 832 2837; x_wconf 81' lang='lat' dir='ltr'><strong>R.</strong></span> 
     </span>
    </p>
   </div>
   <div class='ocr_carea' id='block_1_6' title="bbox 366 2862 703 2920">
    <p class='ocr_par' dir='ltr' id='par_1_6' title="bbox 366 2862 703 2920">
     <span class='ocr_line' id='line_1_36' title="bbox 366 2862 703 2920; baseline 0.006 -16"><span class='ocrx_word' id='word_1_290' title='bbox 366 2863 412 2919; x_wconf 80' lang='lat'><strong>³)</strong></span> <span class='ocrx_word' id='word_1_291' title='bbox 442 2862 546 2906; x_wconf 64' lang='lat'>110⁵.</span> <span class='ocrx_word' id='word_1_292' title='bbox 575 2863 631 2920; x_wconf 84' lang='lat'><strong>11,</strong></span> <span class='ocrx_word' id='word_1_293' title='bbox 664 2865 703 2906; x_wconf 84' lang='lat'><strong>7.</strong></span> 
     </span>
    </p>
   </div>
  </div>
 </body>
</html>
