1752 3136
256 85 341 128 398
860 81 1085 125 Omeems

236 199 346 253 'ipsa
375 195 651 252 inspectionis
680 194 921 251 proprietas
951 196 1130 246 dederit,
1159 197 1213 238 ad
1244 197 1342 238 istos
1373 197 1554 240 veritatis
1583 216 1679 240 um-

256 277 380 316 bram
420 275 585 329 profert
621 273 736 313 solus
775 274 958 322 auditus,
1037 272 1175 330 Hujus
1220 275 1403 331 mysterii
1447 277 1680 332 Apostolus

259 353 451 394 conscius
474 352 642 392 dicebat
660 351 713 391 de
736 351 926 406 Judaeis,
966 351 1062 407 quia
1094 353 1299 402 „umbrae
1319 352 1362 406 ¹)
1385 364 1424 393 ct
1451 354 1680 408 exemplari

803 434 827 452 “
892 430 987 485 Ipsa
1037 429 1148 470 enim
1201 430 1397 471 coelestia
1436 431 1582 472 Moses
1621 431 1683 471 vi-

259 428 498 471 deserviunt
538 428 798 471 coelestium.

259 507 367 548 disse
398 505 668 556 describitur,
707 518 830 565 typos
875 519 1015 549 autem
1058 519 1096 548 et
1138 507 1339 560 imagines
1369 524 1542 558 eorum,
1575 525 1684 564 quae

255 584 430 634 viderat,
459 584 626 638 populo
657 584 887 626 tradidisse.
947 585 1018 626 Sic
1051 586 1161 626 enim
1193 586 1245 626 ad
1277 603 1374 626 eum
1397 585 1587 626 divinum
1619 585 1684 626 di—

259 661 313 702 cit
344 662 585 717 eloquium:
616 661 811 716 „vide,²)
841 661 992 716 inquit,
1024 662 1167 703 omnia
1188 663 1315 704 facito
1334 663 1573 705 secundum
1594 663 1686 703 sor-

258 755 395 787 mam,
445 753 555 793 quae
587 749 752 778 ostensa
793 749 851 779 cst
890 738 968 778 tibi
1005 739 1050 779 in
1089 745 1275 780 monte.“
1339 740 1446 780 Tale
1476 755 1575 792 ergo
1610 751 1683 792 est,

259 816 377 871 quod
411 826 450 855 et
478 814 524 854 in
553 815 638 855 hoe
672 814 771 856 loco
803 816 1023 856 recitatum
1057 828 1138 866 est,
1177 816 1275 872 quia
1306 817 1522 858 Dominus
1561 819 1684 858 locu-

258 906 324 934 tus
353 893 482 934 suerit
523 894 578 933 de
614 892 951 935 solemnitatibus
992 895 1046 934 ad
1086 893 1255 935 Mosen.
1329 893 1386 933 Et
1423 906 1520 949 post
1558 895 1683 935 haec:

258 969 385 1025 ,‚et³)
415 970 584 1010 locutus
615 980 676 1010 est
702 970 873 1020 Bloses,
902 971 1054 1027 inquit,
1085 970 1234 1027 dies4)
1263 972 1473 1013 solemnes
1502 971 1685 1013 Domini

257 1047 343 1089 Dei
372 1046 467 1089 filiis
497 1047 666 1088 Israel.“
723 1047 958 1089 Trans-acto
992 1066 1091 1090 vero
1129 1049 1180 1089 de
1213 1048 1276 1089 his
1304 1065 1514 1098 sermone,
1544 1049 1687 1091 videa-

257 1142 352 1167 mus
383 1123 486 1180 quid
516 1136 614 1180 post
643 1124 747 1166 haec
779 1126 984 1167 edocetur
1013 1126 1169 1168 Moses.
1245 1125 1393 1167 Primo
1426 1127 1479 1167 de
1509 1128 1684 1169 lucerna

260 1215 300 1244 et
331 1201 606 1251 candelabro,
640 1214 680 1244 et
711 1203 822 1253 oleo,
856 1205 976 1259 quod
1007 1203 1044 1243 ei
1069 1203 1332 1243 infunditur:
1363 1205 1554 1244 secundo
1584 1204 1682 1244 loco

261 1281 314 1322 de
350 1295 518 1328 mensa,
569 1289 609 1319 et
638 1279 820 1334 panibus
850 1279 1182 1335 propositionis,
1227 1296 1276 1320 ac
1305 1297 1487 1321 numero
1519 1297 1684 1331 eorum,

260 1370 301 1399 et
331 1358 404 1413 qui
438 1356 486 1396 iis
517 1354 580 1395 uti
610 1356 806 1397 debeant.
859 1356 1137 1398 Intendamus
1169 1372 1267 1408 ergo
1289 1357 1479 1398 animum
1505 1356 1683 1409 diligen-

257 1436 339 1476 tius
370 1434 446 1482 his,
477 1449 587 1488 quae
624 1432 780 1489 scripta
807 1444 929 1483 sunt,
975 1444 1016 1473 et
1045 1433 1099 1473 ad
1129 1433 1232 1473 haec
1265 1432 1552 1486 dignoscenda
1583 1449 1687 1474 con-

261 1512 355 1553 cedi
382 1510 513 1552 nobis
539 1509 715 1562 gratiam
746 1510 930 1552 Domini
961 1512 1265 1565 deprecemur,
1309 1524 1357 1551 ut
1386 1510 1432 1551 in
1461 1510 1548 1561 his,
1577 1527 1686 1567 quae

259 1589 436 1643 legimus
467 1587 609 1638 literis,
641 1603 751 1642 quae
779 1587 832 1629 sit
861 1587 1058 1629 voluntas
1099 1587 1234 1630 saneti
1271 1587 1454 1644 Spiritus
1483 1603 1686 1640 agnosca-

259 1684 368 1708 mus.
426 1663 732 1721 „Praecipe‚⁵>
774 1665 936 1721 inquit,
976 1665 1073 1706 filiis
1103 1666 1253 1716 Israel,
1293 1677 1339 1706 ut
1377 1667 1571 1707 deferant
1607 1665 1686 1707 tibi

261 1746 407 1787 oleum
439 1745 492 1784 de
526 1741 644 1784 olivis
673 1742 886 1783 mundum
918 1758 1160 1798 expressum
1193 1744 1247 1783 ad
1272 1743 1431 1794 lumen,
1461 1754 1510 1782 ut
1540 1744 1688 1784 ardeat

258 1825 435 1864 lucerna
463 1835 634 1874 semper
665 1830 778 1860 extra
809 1819 952 1860 velum
981 1820 1027 1861 in
1058 1821 1332 1860 tabernaculo
1362 1819 1613 1861 testimonii:
1645 1831 1686 1860 et

260 1901 493 1942 accendent
527 1896 644 1937 illam
685 1898 831 1937 Aaron
872 1908 913 1937 et
955 1896 1033 1938 filii
1073 1896 1161 1954 ejus
1202 1914 1226 1938 a
1262 1913 1438 1953 vespere
1476 1897 1685 1952 usquein

258 1994 387 2019 mane
418 1987 568 2017 contra
599 1973 840 2015 Dominum
867 1973 1178 2023 indesinenter,
1206 1975 1442 2027 legitimum
1474 1975 1686 2015 aeternale

258 2057 304 2097 in
342 2052 568 2111 progenies
613 2062 777 2093 vestras.
866 2050 918 2091 In
964 2052 1224 2092 candelabro
1266 2051 1432 2092 mundo
1474 2051 1684 2091 accende-

257 2133 310 2175 tis
340 2134 535 2173 lucernas
567 2140 716 2170 contra
735 2129 979 2170 Dominum
992 2145 1126 2184 usque
1148 2133 1311 2169 mane.“
1364 2127 1684 2169 Candelabrum

257 2211 472 2252 mundum
501 2207 709 2256 nominat,
738 2206 932 2248 lucernas
962 2204 1198 2260 accendiss)
1229 2222 1307 2261 per
1335 2203 1587 2261 pontificem
1617 2204 1683 2260 ju-

257 2291 344 2338 bet,
375 2298 415 2328 et
445 2302 592 2327 earum
620 2285 769 2326 lumen
797 2282 1027 2324 ministrari
1072 2299 1119 2324 ex
1159 2284 1281 2334 oleo,
1327 2283 1446 2338 quod
1491 2284 1615 2324 datur
1659 2298 1682 2322 a

376 2434 420 2489 ¹)
451 2433 585 2474 Hebr.
617 2431 732 2481 VIII,
761 2432 800 2473 5.

373 2503 422 2558 2)
452 2503 587 2544 Exod.
618 2502 759 2551 XXV,
788 2501 855 2543 40.
888 2501 988 2545 coll.
1017 2498 1148 2543 Hebr.
1179 2501 1295 2553 VIII,
1323 2502 1366 2544 5.

373 2572 420 2627 3)
450 2572 579 2613 Lewt.
609 2571 773 2621 XXIII,
800 2572 868 2613 44.

373 2643 421 2698 ⁴)
451 2642 569 2683 Libri
599 2641 699 2684 editi
716 2643 788 2707 (v.
820 2658 854 2682 c.
887 2642 983 2683 edd.
1013 2641 1122 2695 M.:)
1161 2643 1245 2692 „de
1284 2641 1434 2684 diebus
1476 2635 1680 2681 solemni-

257 2703 377 2752 bus,“
405 2701 479 2741 sed
509 2699 609 2740 BIss.
640 2712 687 2739 ut
714 2698 759 2738 in
788 2709 937 2739 nostro
974 2711 1100 2740 textu.
1133 2698 1182 2739 R.

375 2771 420 2825 5)
454 2770 547 2810 IeV.
576 2768 739 2819 XXIV,
768 2769 911 2810 1-4.

374 2839 421 2896 ⁶)
452 2840 563 2882 Edd.
597 2838 793 2882 Merlini:
824 2840 1071 2882 accendere.
