1752 3136
252 117 334 161 126
863 115 1084 157 Omossms

252 246 342 272 non
373 245 457 272 esse
487 229 539 270 ad
570 238 764 269 mortem.
837 227 960 281 Quae
1004 239 1142 269 autem
1175 226 1256 269 sint
1287 227 1446 283 species
1476 240 1671 284 peccato-

253 324 348 349 rum
381 307 434 347 ad
463 317 670 354 mortem,
701 320 808 360 quac
838 322 938 346 vero
969 322 1058 346 non
1089 306 1143 346 ad
1174 317 1368 356 mortem,
1406 306 1481 346 sed
1513 306 1566 346 ad
1597 308 1672 348 da-

251 402 416 434 mnum,
444 399 532 426 non
563 394 668 438 puto
699 382 823 423 facile
863 398 886 422 a
919 397 1137 437 quoquam
1178 383 1402 423 hominum
1433 398 1558 438 posse
1589 383 1675 424 dis-

253 461 380 503 cerni.
439 460 654 516 Scriptum
685 475 871 514 namque
906 470 985 499 cst:
1015 458 1192 507 „delicta
1213 457 1255 514 ¹)
1296 459 1387 514 quis
1427 458 1674 510 intelligit?“

256 541 560 580 Verumtamen
592 553 638 577 ex
671 536 753 584 his,
794 552 913 590 quae„
931 535 974 576 in
1008 535 1219 587 evangelio
1250 552 1328 590 per
1357 536 1581 591 parabolas
1609 551 1676 576 re-

253 617 462 666 feruntur,
493 632 541 655 ex
569 625 688 669 parte
719 612 857 667 aliqua
890 627 1144 664 cognoscere
1167 628 1402 667 possumus,
1434 612 1674 669 cujusmodi

253 693 347 742 sint,
377 709 485 748 quae
516 693 670 732 damna
701 688 1001 737 nominantur,
1043 705 1139 729 cum
1177 688 1238 730 ibi
1274 690 1424 731 iterum
1458 690 1674 730 videamus

251 772 308 814 ad
347 771 513 810 lucrum
553 764 746 820 deputari
788 766 1021 820 quaedam,
1071 781 1179 819 quae
1217 782 1296 820 per
1341 765 1671 820 negotiationem

253 845 437 903 quaesita
470 843 680 886 dicuntur.
738 841 872 881 Verbi
901 842 1052 894 gratia,
1085 857 1181 881 cum
1213 843 1515 897 referuntur2)
1544 859 1673 898 super

256 923 447 978 quinque
486 935 607 962 mnas
647 918 875 974 acquisitae
913 935 1000 961 esse
1039 918 1144 959 aliae
1184 918 1394 974 quinque,
1443 918 1507 959 vel
1545 935 1673 974 super

252 1001 355 1040 duas
386 997 613 1053 acquisitae
644 998 748 1037 aliae
781 997 911 1038 duae:
943 1008 1015 1037 aut
1045 1012 1141 1036 cum
1173 997 1398 1045 drachma,
1442 996 1507 1036 vel
1539 996 1669 1036 dena-

249 1076 348 1126 rius,
378 1075 444 1116 vel
473 1076 679 1116 talentum
711 1073 908 1129 ponitur,
950 1086 989 1114 et
1019 1074 1136 1129 quasi
1174 1074 1353 1129 pecunia
1385 1074 1595 1128 quaedam
1625 1072 1669 1113 in

249 1164 427 1209 quaestu
459 1167 639 1207 operum
670 1150 940 1191 nominatur:
979 1150 1050 1192 sed
1084 1162 1123 1191 et
1155 1168 1251 1191 cum
1284 1149 1496 1204 dicitur3)
1525 1161 1666 1206 pater-

249 1229 428 1271 familias
458 1243 621 1284 ponere
650 1227 859 1268 rationem
902 1244 999 1268 cum
1040 1229 1165 1269 servis
1194 1228 1300 1277 suis,
1342 1238 1381 1267 et
1422 1227 1603 1267 offertur
1633 1224 1670 1266 ei

250 1324 372 1356 unus,
403 1306 475 1361 qui
507 1305 688 1346 debebat
719 1305 866 1344 decem
896 1304 1027 1346 millia
1059 1307 1227 1346 talenta.
1274 1303 1389 1344 Talis
1407 1318 1505 1354 ergo
1539 1318 1669 1358 quae-

248 1385 348 1425 dam
380 1383 486 1424 ratio
520 1383 664 1422 damni
695 1393 773 1421 est:
815 1394 872 1431 ut,
903 1382 1020 1423 verbi
1053 1383 1204 1433 gratia,
1245 1381 1318 1436 qui
1360 1396 1439 1436 pro
1473 1380 1670 1420 mercede

247 1477 321 1502 sua
353 1470 601 1513 accepturus
632 1469 722 1499 erat
752 1460 898 1499 decem
932 1475 1064 1507 mnas,
1094 1475 1185 1499 non
1204 1458 1381 1512 accipiat
1400 1458 1562 1505 decem,
1591 1456 1666 1496 sed

250 1547 358 1586 octo,
391 1535 454 1576 vel
482 1552 561 1584 sex,
591 1545 664 1575 aut
692 1535 816 1575 etiam
844 1535 1007 1578 minus:
1041 1546 1080 1575 et
1111 1535 1194 1575 hoc
1225 1535 1382 1575 damno
1407 1532 1571 1590 percuti
1603 1532 1668 1573 di-

250 1613 362 1654 citur
389 1612 437 1662 is,
468 1611 540 1668 qui
573 1627 741 1653 causam
769 1613 959 1654 scandali
986 1611 1213 1653 infirmiori
1244 1623 1284 1653 et
1312 1609 1511 1652 muliebri
1541 1625 1664 1666 prae-

246 1690 341 1732 buit
373 1689 550 1731 animae.

358 1767 400 1808 4.
431 1766 563 1807 Dabit
591 1778 754 1816 autem,
792 1765 1015 1821 inquit,‘²)
1045 1767 1278 1806 secundum
1312 1766 1429 1820 quod
1458 1763 1666 1813 indixerit,

247 1844 314 1886 vel
343 1842 594 1899 imposuerit
624 1843 685 1884 vir
714 1841 814 1900 ejus,
846 1854 884 1883 et
915 1842 1032 1883 dabit
1063 1859 1159 1883 cum
1190 1843 1370 1883 honore.
1425 1840 1666 1894 Animae5)

249 1920 442 1963 discentis
471 1920 557 1970 vir,
594 1920 791 1972 magister
828 1918 915 1974 ejus
956 1931 1036 1969 est;
1075 1920 1310 1960 secundum
1355 1920 1472 1974 quod
1502 1917 1665 1958 indixe-

247 1997 301 2039 rit
316 1997 360 2051 6)
402 2014 500 2050 ergo
540 1997 603 2038 vir
640 1997 739 2046 iste,
769 1997 835 2037 vel
866 1996 1079 2045 Christus,
1121 1995 1193 2051 qui
1233 1997 1429 2036 omnium
1469 1996 1665 2047 magister

249 2085 332 2122 est,
372 2075 436 2114 vel
477 2074 550 2130 qui
579 2090 660 2130 pro
694 2073 865 2115 Christo
898 2074 1096 2115 ecclcsiae
1124 2084 1287 2129 praeest
1318 2074 1471 2113 doctor
1500 2073 1663 2114 anima·
1690 2073 1699 2080 “

246 2168 356 2201 rum,
387 2151 472 2200 ille,
503 2150 576 2206 qui
606 2152 659 2192 ad
689 2149 1006 2192 subversionem
1038 2149 1299 2193 audientium
1328 2149 1466 2190 verbis
1486 2160 1664 2190 conten-

249 2228 322 2278 dit,
350 2227 532 2284 patietur
561 2229 766 2269 damnum
797 2244 876 2284 pro
910 2227 1048 2268 anima
1079 2228 1177 2277 illa,
1209 2243 1318 2283 quae
1345 2226 1541 2268 nondum
1570 2227 1659 2266 for-

363 2438 405 2492 ¹)
436 2437 591 2479 Psalm.
621 2437 742 2488 XIX,
775 2437 842 2484 12,
874 2436 1079 2492 (XVIlI.)

363 2507 409 2563 2>
442 2507 528 2550 Cfr.
559 2507 709 2549 Matth.
739 2507 878 2556 XXV,
909 2507 974 2551 14.
1005 2523 1120 2562 seqq.

360 2576 407 2632 3)
440 2576 527 2618 Csr.
557 2577 709 2621 Matth.
738 2574 898 2625 XVIII,
926 2579 993 2620 23.
1024 2593 1138 2633 seqq.

359 2646 406 2699 ⁴²)
439 2645 526 2686 Csr.
556 2646 690 2688 Exod.
721 2646 841 2695 XXI,
871 2646 937 2687 22.

361 2715 405 2769 ⁵)
435 2714 549 2755 Alias
578 2721 637 2770 (v.
668 2733 704 2757 c.
732 2716 775 2757 in
808 2717 902 2757 cdd.
933 2715 1040 2772 ΜΛ)
1083 2715 1288 2766 „Animae
1319 2713 1508 2764 discenti,
1536 2712 1567 2756 si
1599 2712 1658 2755 vir

243 2771 464 2825 magister“
495 2782 572 2814 etc.
604 2772 640 2812 R

359 2828 545 2896 ⁶)V1Edd.
576 2840 767 2883 Merlini:
797 2842 1005 2885 indixerit.
1065 2843 1178 2896 Ergo
1210 2842 1271 2884 vir
1298 2842 1374 2885 iste
1403 2854 1478 2884 etc.
