1752 3136
550 101 596 130 m
626 88 880 130 anmcum
908 84 1108 127 HommA
1129 85 1197 126 lv.
1494 85 1580 129 219

170 202 512 244 commendatum
532 198 574 255 ¹)
605 209 664 240 est
693 197 752 247 ei,
789 206 861 238 aut
889 194 1202 251 perditionem,
1247 211 1374 251 quam
1388 196 1434 252 2)
1465 197 1582 240 inve..

167 280 249 322 nit:
283 280 335 321 ab
366 275 485 320 omni
522 290 591 324 re,
628 290 710 330 pro
749 289 833 328 qua
868 270 1068 330 juraverit
1102 270 1278 329 injuste,
1322 283 1361 313 et
1397 274 1583 316 restituet

166 356 306 412 ipsum
334 365 482 410 caput,
523 362 564 392 et
603 349 768 406 quintas
796 347 971 405 insuper
1008 349 1193 402 augebit,
1237 359 1277 389 et
1306 347 1425 406 cujus
1455 361 1515 390 est
1544 350 1582 391 ei

165 433 338 481 reddet,
375 446 456 486 qua
495 427 564 470 die
595 426 813 468 convictus
850 425 1020 468 fuerit.“
1086 425 1318 481 Hucusque
1351 425 1584 481 interim3)

165 505 328 565 peccati
354 504 512 562 species
543 513 830 560 exponuntur,
858 514 1006 559 postea
1034 519 1134 544 vero
1159 504 1355 572 purgatio
1387 501 1476 561 ejus
1506 521 1585 561 per

165 583 318 625 hostias
346 581 599 638 imperatum
657 578 703 621 Si
719 578 765 635 ⁴)
806 578 881 635 qui
917 578 1077 621 infirmi
1114 591 1233 629 sunt,
1285 591 1325 620 et
1360 579 1586 637 incapaces

162 658 458 715 profundioris
488 656 687 716 mysterii,
717 655 994 698 aedificentur
1014 673 1060 697 ex
1079 655 1214 706 litera,
1245 668 1284 698 et
1300 657 1444 709 sciant,
1474 659 1586 714 quia,

164 736 199 778 si
228 735 320 791 quis
351 733 609 791 praeteriens
641 731 906 789 praeterierit
932 745 1156 790 praecepta
1175 733 1366 785 Domini,
1397 747 1438 777 et
1465 753 1587 778 men-

164 813 261 855 titus
292 810 422 853 fuerit
448 810 647 868 proximo
677 825 806 866 super
836 809 1046 866 deposito,
1079 821 1150 851 aut
1174 811 1386 865 societate,
1419 825 1491 854 aut
1518 831 1588 855 ra·-

164 889 288 945 pina,
318 888 483 945 peccati
510 886 688 939 ingentis
727 897 934 928 statuetur
971 900 1080 928 rcus.
1149 887 1237 929 Sed
1276 889 1385 931 absit
1420 889 1504 931 hoc
1533 881 1616 932 ab>

166 965 340 1007 ecclesia
368 964 475 1014 Dei,
521 975 569 1005 ut
605 979 681 1016 ego
722 965 894 1005 credam
937 979 1023 1004 esse
1063 964 1248 1020 aliquem
1279 965 1323 1006 in
1355 978 1479 1007 coetu
1508 966 1588 1009 isto

164 1052 424 1090 sanctorum,
453 1039 525 1095 qui
553 1055 598 1082 se
626 1051 709 1081 tam
740 1039 966 1081 infeliciter
995 1052 1107 1093 agat,
1137 1052 1184 1082 ut
1213 1041 1455 1097 depositum
1484 1060 1591 1099 pro-

164 1116 264 1158 ximi
296 1117 361 1159 sui
388 1127 526 1169 neget,
557 1128 628 1158 aut
654 1115 901 1158 societatem
929 1118 1081 1159 fraude
1112 1119 1395 1169 contaminet,
1426 1131 1496 1161 aut
1525 1122 1592 1162 vel

162 1194 253 1250 ipse
281 1193 417 1236 aliena
443 1193 625 1249 diripiat,
652 1205 723 1235 aut
752 1194 806 1235 ab
837 1194 926 1238 aliis
945 1208 1067 1251 rapta
1095 1195 1306 1251 suscipiat,
1333 1206 1373 1237 et
1400 1213 1482 1252 pro
1516 1196 1592 1247 his,

92 1304 97 1308 .
163 1271 199 1313 si
228 1273 282 1313 ab
314 1288 365 1313 eo
406 1269 699 1326 requirantur,
739 1282 889 1313 contra
935 1272 1239 1314 conscientiam
1277 1271 1399 1330 juret.
1458 1275 1592 1325 Absit,

167 1348 297 1398 absit,
334 1347 534 1404 inquam,
574 1359 621 1389 ut
659 1348 764 1389 haee
803 1364 880 1401 ego
920 1349 974 1389 de
1004 1349 1147 1404 aliquo
1180 1349 1372 1391 fidelium
1400 1350 1591 1394 sentiam.

167 1425 448 1466 confidenter
477 1440 575 1478 ergo
608 1425 662 1465 de
690 1424 808 1467 vobis
839 1424 962 1476 dico,
1005 1426 1104 1481 quia
1134 1443 1208 1469 vos
1236 1444 1329 1470 non
1356 1426 1414 1469 ita
1442 1428 1593 1470 didici-

167 1500 238 1544 stis
269 1499 509 1551 Christum,
551 1516 692 1556 neque
729 1500 786 1543 ita
829 1501 946 1543 docti
976 1503 1093 1554 estis,
1132 1504 1207 1545 sed
1237 1521 1377 1565 neque
1406 1506 1473 1547 lex
1501 1504 1594 1561 ipsa

168 1577 273 1618 haec
302 1576 452 1618 sanctis
484 1588 523 1618 et
552 1577 746 1620 fidelibus
786 1578 1006 1635 praecipit.
1081 1580 1157 1621 Vis
1192 1581 1320 1632 scire,
1370 1581 1468 1637 quia
1501 1599 1593 1624 non

169 1654 222 1694 ad
253 1665 420 1694 sanctos
451 1665 491 1695 et
518 1651 650 1710 justos
678 1655 756 1696 ista
788 1648 1024 1699 dicantur?
1078 1658 1190 1700 Audi
1230 1660 1485 1713 Apostolum
1515 1658 1595 1700 ista

169 1729 514 1782 distinguentem:
553 1728 778 1787 ‚‚justo,⁵)
813 1732 976 1788 inquit,
1015 1735 1079 1775 lex
1115 1751 1207 1776 non
1238 1745 1298 1776 est
1325 1734 1483 1789 posita,
1520 1736 1597 1776 sed

164 1805 345 1865 injustis,
377 1818 416 1848 et
444 1825 537 1849 non
567 1809 757 1860 subditis,
784 1810 980 1861 scelestis,
1012 1822 1052 1852 et
1082 1811 1397 1862 contaminatis,
1425 1811 1598 1867 patrici-

170 1884 247 1936 dis,
286 1883 556 1934 matricidis,“
596 1898 636 1927 et
672 1887 830 1930 horum
867 1887 1085 1931 similibus.
1152 1888 1265 1943 Quia
1310 1904 1409 1941 ergo
1448 1889 1596 1945 hujus-

170 1962 292 2003 modi
322 1961 568 2005 hominibus
597 1964 831 2020 Apostolus
860 1966 996 2017 legem
1028 1965 1129 2008 dicit
1156 1965 1423 2022 impositam,
1463 1967 1598 2007 eccle-

171 2037 231 2080 sia
260 2037 368 2088 Dei,
399 2055 527 2094 quam
559 2040 664 2082 absit
701 2041 746 2082 in
786 2040 1036 2099 hujusmodi
1074 2043 1340 2087 facinoribus
1378 2043 1599 2093 maculari,

172 2114 318 2156 relicta
348 2114 437 2158 aliis
465 2115 598 2168 litera,
626 2118 809 2162 sanctius
839 2121 1086 2164 aedificetur
1116 2137 1139 2163 a
1168 2120 1330 2177 spiritu.

282 2193 323 2235 3.
353 2192 584 2236 Videamus
614 2195 755 2252 itaque
786 2213 916 2249 nunc,
946 2199 1066 2253 quod
1097 2208 1156 2239 est
1188 2196 1453 2258 depositum,
1481 2199 1601 2253 quod

290 2372 333 2430 ¹)
367 2373 529 2416 Omnes
560 2375 684 2420 Mss.:
713 2379 1135 2426 ‚,commendatum.“
1191 2378 1311 2421 Libri
1341 2378 1441 2421 editi
1473 2379 1534 2436 (v.
1565 2360 1614 2421 c..

175 2430 272 2473 edd.
302 2430 411 2486 Μ.);
441 2435 834 2481 ‚,commodatum.“
862 2435 913 2478 R

289 2500 336 2555 2)
365 2501 477 2543 Edd.
506 2502 642 2544 Ruaei
671 2505 783 2545 sola:
815 2521 944 2560 quam
973 2505 1133 2548 invenit
1162 2507 1215 2548 ab
1245 2505 1363 2548 omni
1393 2523 1440 2548 re
1470 2517 1546 2548 etc.

292 2569 339 2624 3)
370 2571 487 2613 Libri
519 2573 619 2614 editi
658 2573 717 2630 (v.
752 2592 786 2616 c.
818 2575 912 2617 edd.
944 2575 1054 2631 M.):
1093 2576 1276 2628 ‚,enim.“
1316 2579 1390 2619 ‘At
1426 2577 1525 2619 Mss.
1557 2589 1603 2618 ut

176 2625 220 2667 in
250 2639 399 2668 nostro
431 2640 556 2671 textu.
588 2630 637 2671 R.

296 2695 342 2750 ⁴)
372 2697 487 2739 Libri
518 2699 616 2740 editi
647 2699 707 2755 (v.
739 2717 773 2741 c.
805 2702 901 2743 edd.
927 2702 1040 2760 M.):
1070 2704 1184 2757 „Sed
1206 2703 1609 2763 tfuiinfirmisunt.“

181 2753 236 2794 At
264 2753 366 2795 RIss.
397 2765 444 2795 ut
474 2754 519 2796 in
548 2768 697 2797 nostro
730 2768 853 2800 textu.
889 2757 941 2800 R.

297 2823 342 2880 5)
374 2823 391 2864 Ι
422 2823 534 2867 Tim.
566 2825 598 2876 Ι,
628 2827 665 2869 9.
694 2842 778 2882 seq.
