1752 3136
513 128 561 161 m
589 115 792 159 Exomm
820 114 1022 158 HommA
1055 115 1126 158 VI.
1481 115 1539 161 69

110 242 227 273 retur
259 229 382 273 etiam
414 229 609 273 diabolus
653 226 800 271 dedit?
854 228 995 281 Ergo,
1038 227 1071 270 si
1110 225 1289 277 videtur,
1330 228 1534 268 ausculta.

108 308 417 356 Homicidium,
444 305 628 362 pecunia
658 304 820 346 diaboli
852 316 922 347 est.
972 305 1050 346 Ille
1081 304 1194 345 enim
1225 305 1278 347 ab
1297 302 1421 345 initio
1452 303 1534 344 ho-

106 384 325 439 micid-2¹)
356 394 427 424 est.
466 380 623 422 Fecisti
652 380 957 422 homicidium:
989 381 1153 423 diaboli
1181 381 1407 437 pecuniam
1440 397 1530 422 sus-

107 461 262 517 cepisti.
339 458 634 507 Adulterium,
667 457 828 500 diaboli
857 460 1037 513 pecunia
1068 470 1139 500 est.
1205 456 1383 498 Diaboli
1414 455 1530 497 enim

103 538 150 579 in
182 553 231 578 eo
261 535 400 588 imago
434 546 505 585 est,
537 546 577 575 et
597 534 918 590 superscriptio.
967 533 1226 577 Commisisti
1249 533 1529 575 adulterium:

104 613 299 669 accepisti
329 611 492 654 diaboli
522 611 745 653 numisma.
804 611 1012 660 Furtum,
1041 612 1193 652 falsum
1224 609 1527 659 testimonium,

101 690 318 746 rapacitas,
346 688 560 738 violentia,
589 689 692 730 haec
725 688 870 730 omnia
902 686 1063 729 diaboli
1085 704 1232 729 census
1261 698 1332 737 est,
1364 698 1404 728 et
1436 685 1526 727 dia-

100 767 193 808 boli
220 767 449 808 thesaurus.
509 765 624 806 Talis
656 764 768 806 enim
798 764 980 821 pecunia
1011 765 1064 805 (le
1099 762 1188 821 ejus
1217 775 1393 805 moneta
1422 780 1527 820 pro-

100 842 221 885 cedit.
280 842 374 884 Hac
402 842 530 895 igitur
556 842 736 898 pecunia
769 841 870 883 emit
897 841 994 891 ille,
1027 858 1135 896 quos
1166 840 1288 892 emit,
1329 852 1369 882 et
1396 841 1528 882 efficit

98 919 179 962 sibi
209 936 348 962 servos
380 935 546 970 omnes,
577 918 650 975 qui
679 922 732 962 de
761 917 1060 974 hujuscemodi
1099 934 1228 959 censu
1270 915 1359 974 ejus
1389 934 1524 974 quan-

99 997 411 1052 tulumcunque
439 995 772 1051 susceperint.²)
815 996 978 1036 Verum
1010 1010 1087 1047 ego
1118 1010 1280 1043 vereor,
1311 1010 1368 1035 ne
1398 993 1523 1036 etiam

99 1072 265 1128 aliquos
295 1074 348 1114 de
387 1073 669 1122 adstantibus,
712 1089 818 1128 quos
855 1071 1139 1126 nescimus‚³)
1181 1071 1380 1113 diabolus
1409 1087 1522 1112 mer—-

99 1162 217 1191 cetur
247 1150 433 1199 occulte,
474 1165 528 1190 ne
569 1148 693 1190 etiam
733 1148 944 1204 aliquibus
974 1160 1222 1190 nostrorum
1251 1149 1361 1189 hanc
1391 1165 1524 1204 pecu-

97 1226 238 1276 niam,
270 1238 398 1282 quam
429 1243 558 1282 supra
589 1224 948 1275 enumeravimus,
990 1224 1175 1276 ingerat,
1205 1236 1245 1266 et
1272 1224 1397 1266 faciat
1424 1224 1522 1266 illos

96 1320 266 1346 rursum
295 1321 405 1353 suos,
436 1315 476 1344 et
504 1320 672 1345 rursum
702 1320 782 1359 pro
814 1301 862 1343 iis
892 1302 1058 1344 tabulas
1087 1301 1313 1351 servitutis,
1352 1313 1392 1342 et
1420 1318 1520 1356 pec-

96 1381 177 1422 cati
207 1380 539 1435 chirographum
570 1381 735 1429 scribat,
767 1391 893 1434 atque
913 1378 1148 1420 immisceat
1175 1378 1301 1421 servis
1320 1378 1405 1419 Dei
1435 1395 1522 1427 eos,

96 1473 204 1512 quos
235 1456 396 1512 peccati
421 1455 559 1511 pretio
598 1456 678 1497 sibi
708 1456 854 1497 fecerit
883 1472 1036 1497 servos.
1094 1455 1214 1496 Solet
1243 1456 1380 1504 enim,
1418 1453 1519 1510 quia

94 1532 290 1574 inimicus
323 1533 455 1573 homo
488 1543 568 1583 est,
604 1531 744 1573 tritico
778 1532 955 1573 miscere
983 1531 1150 1573 zizania.
1168 1531 1214 1586 4)
1281 1531 1336 1573 Et
1364 1543 1520 1581 tamen,

93 1610 128 1653 si
168 1609 257 1666 quis
297 1611 407 1650 forte
446 1606 802 1665 hujuscemodi-5)
841 1608 1068 1664 pecuniam
1112 1626 1135 1650 a
1177 1607 1352 1650 diabolo
1392 1610 1516 1650 dece-

94 1684 200 1743 ptus*
220 1686 395 1742 accepit,
423 1702 515 1726 non
543 1701 850 1742 usquequaque
880 1687 1095 1741 desperet:
1130 1684 1370 1727 misericors
1401 1685 1516 1726 enim

96 1775 157 1805 est
186 1775 223 1804 et
250 1763 473 1805 miserator
502 1761 740 1811 Dominus,
782 1773 819 1802 et
865 1773 1082 1803 creaturae
1111 1778 1211 1803 suae
1240 1778 1333 1803 non
1362 1762 1450 1802 vult
1470 1762 1516 1817 ⁶)

93 1852 290 1889 mortem,
318 1842 393 1882 sed
422 1851 471 1880 ut
502 1829 782 1887 convertatur,
815 1850 854 1880 et
872 1837 993 1880 vivat.
1038 1838 1325 1889 Poenhendo,
1356 1839 1517 1888 flendo,

93 1917 390 1959 satisfaciendo
423 1916 573 1967 deleat,
605 1915 723 1971 quod
754 1915 984 1958 admissum
1016 1928 1086 1958 est.
1130 1915 1249 1957 Dicit
1268 1915 1381 1956 enim
1411 1932 1516 1971 pro-

93 1995 236 2050 pheta,
265 1993 364 2050 quia
393 1993 454 2043 „si
485 1993 769 2047 conversus⁷)
798 1992 1070 2044 ingemueris,
1100 2004 1202 2034 tunc
1232 1993 1367 2033 salvus
1398 1992 1516 2034 eris.“

89 2071 227 2112 Paulo
256 2070 379 2112 latius
399 2069 607 2127 progressi
625 2086 782 2117 sumuS,
813 2070 916 2110 dum
932 2071 1128 2112 volumus
1149 2086 1374 2126 exponere,
1405 2087 1514 2126 quo-

91 2149 228 2190 modo
258 2148 389 2196 Deus,
419 2163 528 2203 quae
557 2164 632 2188 sua
653 2157 761 2198 sunt,
794 2146 959 2187 dicatur
976 2145 1206 2202 acquirere,
1238 2158 1278 2187 et
1306 2147 1515 2188 redimere

90 2224 285 2298 §hristus
314 2224 517 2276 sanguine
544 2223 748 2280 pretioso,
779 2240 886 2280 quos
903 2235 1061 2268 emerat
1083 2224 1282 2266 diabolus
1302 2223 1373 2266 vili
1401 2239 1513 2266 mer-

96 2303 199 2343 cede
228 2301 402 2357 peccati.

211 2425 256 2482 ¹)
286 2427 363 2469 Ev.
392 2424 548 2469 Joann.
579 2426 694 2478 VIII,
723 2427 792 2470 44.

209 2496 255 2551 ²)
285 2496 397 2537 Edd.
427 2494 621 2537 NIerlini:
650 2508 938 2553 susceperunt.

210 2565 257 2620 ³)
285 2566 367 2607 Ed.
398 2566 532 2607 Ruaei
559 2568 671 2608 sola:
702 2565 929 2608 noscimus.

211 2634 256 2689 ⁴)
288 2635 399 2677 Edd.
427 2635 626 2678 Merlini:
656 2635 869 2678 zizaniam.

211 2706 256 2761 ⁵)
285 2706 396 2748 Edd.
426 2706 621 2748 Merlini:
652 2704 909 2763 hujusmodi.

211 2775 257 2830 ⁶)
290 2775 378 2817 Cfr.
407 2776 558 2817 Ezech.
590 2775 798 2826 XXXIII,
826 2776 892 2821 11.

214 2844 260 2900 7)
291 2844 377 2888 Cfr.
407 2846 532 2891 Jesai.
565 2846 695 2897 XLV,
723 2847 790 2891 23.
