1752 3136
245 126 327 170 118
709 172 714 179 ι
847 124 1067 166 Ornet-:ms

246 238 427 280 vestitus.
465 236 661 292 Accipiat
690 236 966 291 postmodum
1002 248 1041 277 et
1071 235 1289 275 humerale
1318 244 1588 288 gemmatum,
1618 234 1662 274 in

247 320 333 371 quo
373 315 516 368 fulgor
557 330 733 368 operum
775 313 1033 363 collocatur,
1083 324 1130 353 ut
1177 310 1426 366 videntes1)
1469 310 1666 351 homines

248 391 442 449 opera2)
471 407 545 432 sua
574 389 846 444 magnificent
874 402 1064 446 patrem,
1099 389 1170 444 qui
1210 389 1252 430 in
1294 387 1423 429 coelis
1454 398 1523 428 est.
1582 388 1669 427 Ac-

214 493 217 496 1
249 468 378 524 cipiat
407 479 447 509 et
474 468 650 520 logium,
670 469 787 523 quod
808 467 1016 509 rationale
1047 467 1128 507 dici
1159 477 1310 522 potest,
1329 463 1491 520 pectori
1521 478 1670 519 super-

249 545 452 602 positum,
477 556 684 600 quaterno
709 543 900 600 lapidum
925 544 1076 585 ordine
1104 542 1360 585 distinctum.
1415 541 1502 583 Sed
1533 551 1572 581 et
1593 556 1668 580 au-

251 638 322 664 rea
349 621 506 663 lamina
535 621 577 661 in
601 622 741 662 fronte
764 623 1042 676 resplendeat,
1064 622 1182 676 quod
1206 620 1399 660 Petalum
1422 618 1671 674 appellatur,

248 699 291 739 in
325 697 477 755 quibus
507 698 695 753 utrisque
725 699 885 747 veritas,
915 710 954 739 et
974 697 1254 739 manifestatio
1281 697 1434 739 dicitur
1453 696 1672 737 collocata.

250 777 343 829 Ego
375 777 417 817 in
450 775 535 824 his,
585 791 692 828 quae
722 774 764 815 in
795 786 967 830 pectore
997 774 1131 816 locari
1164 773 1386 823 dicuntur,
1431 787 1675 815 sermonem

251 852 536 905 evangelicum
565 850 713 901 sentio,
744 851 816 908 qui
847 851 1173 908 quadruplicato
1207 850 1360 890 ordine
1380 851 1594 892 veritatem
1625 848 1676 887 fi-

250 930 319 971 dei
348 929 473 971 nobis
505 939 544 968 et
572 928 958 970 manifestationem
989 927 1181 970 trinitatis
1213 927 1397 982 exponit,
1430 938 1578 967 cuncta
1610 941 1677 966 re-

255 1010 396 1049 serens
428 1007 482 1048 ad
513 1016 663 1061 caput,
709 1006 762 1045 ad
801 1005 925 1048 unius
962 1005 1119 1048 scilicet
1149 1005 1231 1045 Dei
1264 1015 1472 1045 naturam.
1531 1004 1581 1043 In
1615 1001 1678 1043 his

253 1097 314 1126 est
345 1099 444 1136 ergo
476 1082 613 1124 omnis
643 1082 803 1131 veritas,
834 1093 875 1123 et
903 1081 1039 1123 omnis
1061 1080 1340 1122 manifestatio
1359 1080 1551 1122 veritatis.
1596 1079 1678 1132 Igi—

253 1173 330 1219 tur
353 1161 385 1202 si
416 1171 529 1202 recte
558 1158 615 1200 vis
644 1159 942 1214 pontificatum
976 1175 1119 1211 gerere
1149 1159 1268 1207 Deo,
1299 1157 1560 1211 evangelicus
1591 1173 1680 1198 ser-

255 1256 350 1287 mo,
399 1250 438 1278 et
480 1235 675 1277 trinitatis
715 1236 819 1277 fides
855 1252 1024 1292 semper
1066 1234 1142 1276 tibi
1183 1235 1391 1276 habeatur
1419 1234 1463 1274 in
1493 1244 1681 1290 pectore.

259 1314 341 1357 Cui
372 1312 569 1356 com-enit
599 1311 721 1353 etiam
753 1313 1012 1367 apostolicus
1042 1329 1181 1355 sermo
1221 1324 1306 1353 tam
1337 1311 1512 1360 virtute,
1551 1327 1680 1366 quarn

256 1408 453 1440 numero,
480 1402 646 1432 tantum
677 1399 724 1428 ut
753 1405 912 1430 nomen
933 1390 1014 1431 Dei
1042 1406 1211 1445 semper
1228 1390 1433 1430 habeatur
1457 1388 1501 1429 in
1533 1387 1684 1443 capite,

258 1481 298 1509 et
328 1470 379 1509 ad
411 1484 545 1508 unum
578 1466 722 1506 Deum
766 1477 916 1508 cuncta
955 1467 1204 1507 referantur.
1272 1466 1439 1506 Habeat
1477 1464 1601 1505 etiam
1639 1463 1685 1503 in

255 1544 529 1587 interioribus
557 1543 750 1598 pontifex
780 1543 970 1598 partibus
1003 1542 1269 1598 operimenta
1295 1559 1390 1592 sua,
1422 1542 1576 1583 habeat
1604 1558 1685 1597 pu-

259 1622 399 1663 denda
431 1631 643 1662 contecta:
686 1632 734 1660 ut
773 1636 956 1675 corpore
990 1630 1029 1660 et
1066 1619 1216 1675 spiritu
1246 1631 1411 1661 sanctus
1441 1620 1515 1669 sit,
1545 1630 1584 1660 et
1614 1635 1688 1659 co-

261 1698 534 1750 gitationibus
566 1709 605 1738 et
636 1696 837 1752 operibus
867 1714 999 1752 purus
1030 1695 1090 1737 sit.
1160 1694 1327 1737 Habeat
1358 1697 1481 1738 etiam
1512 1712 1591 1752 per
1619 1695 1686 1736 in·-

262 1774 458 1815 dumenti
487 1773 709 1814 circuitum
739 1773 1045 1822 tintinnabula,
1085 1784 1132 1813 ut
1169 1772 1430 1825 ingrediens,
1473 1772 1689 1828 inquit,3)

261 1862 419 1899 sancta,
450 1850 520 1890 det
549 1849 750 1898 sonitum,
781 1861 820 1890 et
849 1866 939 1890 non
969 1850 1096 1891 intret
1128 1866 1223 1890 curn
1255 1849 1434 1893 silentio.
1501 1850 1555 1891 Et
1584 1851 1690 1891 haee

261 1927 567 1975 tintinnabula,
609 1942 716 1981 quae
745 1942 915 1982 semper
943 1943 1094 1967 sonare
1125 1928 1294 1977 debent,
1324 1927 1366 1968 in
1400 1939 1587 1969 extremo
1620 1943 1690 1968 ve-

261 2003 446 2045 stimenti
476 2014 573 2044 sunt
602 2004 755 2058 posita,
786 2003 946 2044 idcirco
980 2004 1123 2052 credo,
1153 2014 1200 2044 ut
1231 2005 1283 2044 de
1307 2004 1499 2046 extremis
1523 2015 1692 2060 tempo-

264 2081 396 2130 ribus,
427 2091 467 2120 ‘et
495 2080 581 2120 fine
611 2081 761 2122 mundi
792 2097 1012 2136 nunquam
1043 2081 1174 2130 sileas,
1205 2082 1278 2122 sed
1298 2081 1398 2123 inde
1426 2098 1595 2137 semper
1622 2099 1694 2123 so·

264 2175 351 2207 nes,
381 2157 481 2198 inde
511 2157 709 2212 disputes,
741 2169 779 2198 et
809 2157 1010 2212 loquaris,
1038 2159 1272 2198 secundum
1306 2175 1425 2208 eum,
1465 2158 1538 2214 qui
1570 2158 1693 2200 dixit:

266 2251 461 2285 „memor
475 2233 521 2289 4)
553 2245 638 2275 esto
671 2233 996 2276 novissimorum
1029 2247 1224 2284 tuorum,
1265 2248 1303 2277 et
1338 2253 1425 2277 non
1456 2235 1695 2291 peccabis.“

270 2314 337 2354 Ad
369 2312 484 2352 hune
517 2327 615 2362 ergo
646 2313 826 2352 modum
859 2311 991 2352 homo
1032 2324 1178 2352 noster
1212 2313 1390 2354 interior
1419 2313 1518 2353 Deo
1548 2310 1693 2368 ponti-

271 2392 336 2431 fex
368 2390 619 2437 adornetur,
651 2401 695 2428 ut
726 2387 902 2428 introire
933 2387 1065 2442 possit
1094 2406 1183 2429 non
1215 2391 1353 2430 solum
1376 2391 1418 2431 in
1433 2400 1591 2440 sancta,
1619 2388 1693 2430 sed

392 2535 433 2588 ι)
467 2535 554 2576 Cfr.
589 2536 740 2577 Matth.
774 2536 824 2585 V,
857 2535 921 2577 16

388 2605 436 2660 ²>
468 2605 538 2644 Sic
576 2605 675 2647 Mss.
716 2604 831 2646 Alias
873 2622 970 2646 xe1o
1015 2606 1229 2660 (e.c.1'n
1263 2605 1358 2646 cdd.
1388 2604 1497 2659 Μ.);
1536 2619 1697 2659 „opera

274 2673 405 2703 xestra
447 2661 562 2757 luffa
611 2662 882 2713 magnificent
933 2673 1097 2717 panem
1139 2673 1347 2711 vestrum,
1399 2677 1471 2716 qul
1516 2660 1559 2701 in
1598 2677 1697 2702 coe-

274 2720 322 2760 h's
355 2729 425 2759 est
427 2723 451 2740 “

390 2787 436 2843 ³)
468 2785 554 2827 Cfr.
587 2786 724 2828 Exod.
754 2786 957 2838 XXVIII,
983 2788 1051 2831 35.

379 2856 435 2910 .⁴)
467 2857 566 2911 Sap.
599 2857 728 2899 Sirac.
761 2856 853 2908 VII,
885 2858 950 2900 36.
983 2858 1309 2914 (Ecclesiastic.)
