1752 3136
488 168 534 198 m
565 154 821 199 anncum
850 157 1051 200 Homms
1070 156 1183 199 XVI.
1463 160 1546 204 437

128 281 168 311 et
198 269 446 311 auditorum
478 270 606 310 eorda
638 270 866 310 confortat.
934 268 995 310 Ea
1024 285 1146 319 vcro,
1185 286 1295 325 quae
1326 272 1380 312 ad
1410 272 1547 313 scien-

127 348 226 388 tiam
258 346 481 402 pertinent,
513 357 554 387 et
584 347 854 386 occultorum
886 346 1184 401 explanatione
1205 359 1365 390 mentes
1394 348 1548 391 laetifi-

96 474 99 477 .
126 433 224 463 cant
255 423 542 473 audientium,
579 422 676 463 vino
721 439 769 463 ac
798 422 1035 465 vindemiae
1064 424 1322 466 videbuntur
1350 428 1548 482 aptanda.

129 498 265 541 Cordi
295 500 450 541 etenim
482 498 638 541 laetitia
668 500 888 550 tribuitur,
930 518 1025 541 cum
1060 517 1128 550 ea,
1169 518 1278 556 quae
1311 504 1476 545 occulta
1507 515 1548 545 et

129 577 312 617 obscura
339 590 450 626 sunt,
481 577 758 632 explicantur.
816 580 896 626 „Et
917 576 961 631 ¹)
992 577 1216 628 vindemia,
1247 579 1397 635 inquit,
1429 599 1548 623 com-

125 653 364 709 prehendet
392 653 640 696 sationem.“
698 654 759 694 Ut
788 654 820 695 si
854 653 1062 696 dicamus:
1100 655 1243 710 primo
1283 659 1546 710 seminavi2)

127 746 235 785 quae
264 730 362 783 legis
392 742 510 781 sunt,
552 743 592 772 ct
621 744 902 788 posteaquam
932 731 1185 774 seminatum
1217 746 1294 785 est,
1333 736 1472 786 oravi,
1501 750 1549 778 ut

127 807 247 847 daret
276 807 492 849 Dominus
521 809 710 865 pluviam
754 809 798 850 in
828 821 1045 865 tempore,
1086 821 1127 850 et
1164 811 1275 853 facta
1306 824 1366 854 est
1395 814 1548 856 messis.

125 883 230 925 Post
259 884 364 924 haec
393 902 484 926 non
514 903 669 927 maneo
703 887 884 935 otiosus,
924 886 997 926 sed
1026 885 1181 928 iterum
1212 889 1398 940 semino,
1438 891 1549 932 acci-

127 960 203 1016 pio
233 961 486 1017 scripturam
518 963 841 1019 propheticam,
881 975 920 1005 et
958 981 1006 1004 ex
1047 981 1094 1005 ea
1132 965 1296 1007 semino
1326 979 1478 1018 terras,
1509 980 1549 1010 et

128 1038 298 1079 novalia
329 1039 585 1082 auditorum.
651 1040 755 1082 Post
793 1042 896 1082 haec
933 1040 1097 1083 semino
1143 1055 1181 1084 et
1211 1045 1291 1086 alia
1323 1047 1375 1086 dc
1405 1047 1550 1087 Evan-

126 1115 268 1168 gelicis
300 1118 581 1158 sermonibus.
649 1117 826 1160 Diversa
866 1131 962 1159 sunt
1004 1137 1112 1176 quae
1149 1121 1430 1164 seminantur:
1472 1141 1551 1181 per

125 1203 263 1234 totum
296 1210 454 1234 annum
486 1211 712 1250 possumus
742 1194 962 1237 seminare.
1017 1197 1250 1239 Possumus
1281 1200 1394 1241 enim
1427 1213 1466 1241 et
1497 1203 1552 1244 de

125 1270 383 1325 Apostolicis
415 1270 543 1312 literis
572 1272 708 1313 multa
735 1273 895 1314 semina
924 1271 1076 1329 jacere.
1123 1275 1303 1332 Semper
1330 1290 1399 1327 est,
1431 1281 1550 1334 quod

127 1348 378 1396 seminetur,
416 1347 459 1387 in
501 1349 619 1390 omni
657 1350 739 1390 vita
776 1361 921 1391 nostra
963 1351 1039 1392 otii
1068 1353 1236 1393 nullum
1267 1365 1436 1410 tempus
1467 1369 1548 1398 est:

127 1424 333 1479 quamdiu
363 1425 630 1480 respiramus,
660 1427 929 1468 seminemus.
989 1427 1177 1469 Tantum
1210 1441 1282 1480 est,
1313 1444 1360 1471 ut
1389 1431 1434 1473 in
1462 1434 1550 1489 spi-

124 1502 209 1543 ritu
239 1500 517 1553 seminemus,
562 1515 607 1544 ut
651 1506 704 1544 de
743 1503 892 1559 spiritu
930 1517 1136 1548 metamus
1166 1506 1290 1548 vitam
1321 1520 1550 1553 aeternam.

125 1578 266 1634 ‚,Et³)
297 1579 607 1622 manducabitis
648 1598 803 1636 panem
846 1593 1029 1624 vestrum
1072 1583 1117 1624 in
1147 1585 1399 1627 saturitate.“
1456 1589 1549 1629 Nec

124 1657 208 1697 hoc
240 1673 316 1709 ego
349 1657 584 1714 corporalis
602 1656 647 1713 ⁴)
679 1675 765 1701 esse
795 1660 1104 1702 benedictionis
1129 1661 1304 1717 accipio,
1338 1665 1455 1719 quasi
1476 1666 1550 1720 qui

127 1734 335 1776 custodiat
364 1735 499 1788 legem
531 1735 636 1786 Dei,
675 1753 830 1792 panem
870 1737 995 1779 istum
1027 1755 1303 1781 communem
1333 1741 1376 1781 in
1409 1744 1547 1783 abun·-

126 1811 268 1853 dantia
300 1824 599 1867 consequatur.
658 1813 777 1868 Quid
808 1813 952 1857 enim?
1010 1817 1168 1857 Nonne
1197 1817 1318 1872 impii
1349 1829 1389 1858 et
1418 1820 1550 1860 scele-

125 1889 175 1931 sti
204 1906 360 1946 panem
397 1906 488 1930 non
527 1891 667 1932 solum
706 1891 750 1932 in
791 1891 1074 1942 abundantia,
1113 1894 1187 1935 sed
1229 1906 1268 1935 et
1303 1894 1347 1935 in
1390 1895 1548 1938 deliciis

127 1967 390 2010 comedunt?
450 1967 585 2020 Magis
625 1984 723 2020 ergo
764 1969 797 2010 si
827 1970 1097 2025 respiciamus
1131 1972 1183 2012 ad
1214 1989 1333 2021 eum,
1382 1973 1452 2028 qui
1485 1973 1550 2014 di-

128 2044 207 2084 xit:
246 2044 366 2096 „Ego
386 2045 431 2099 ⁵)
461 2062 554 2085 sum
582 2046 704 2100 panis
733 2045 870 2095 vivus,
918 2047 990 2102 qui
1022 2048 1075 2087 de
1106 2049 1225 2088 coelo
1260 2048 1476 2090 descendi:
1510 2062 1550 2092 et

129 2120 203 2176 qui
231 2121 550 2162 manducaverit
568 2123 682 2162 hunc
712 2139 882 2178 panem,
913 2123 1018 2164 vivet
1036 2123 1079 2165 in
1101 2136 1318 2165 aeternum
1337 2132 1373 2166 :“
1404 2137 1443 2166 et
1472 2127 1550 2167 ad-

128 2209 358 2252 vertamus,
390 2200 486 2253 quia
521 2198 593 2253 qui
623 2198 726 2239 haec
758 2199 945 2249 dicebat,
989 2202 1166 2242 verbum
1200 2213 1308 2250 erat,
1341 2211 1426 2258 quo
1458 2203 1550 2243 ani-

128 2291 223 2316 mae
253 2287 507 2332 pascuntur:
545 2275 841 2330 intelligimus,
882 2278 935 2318 de
971 2295 1056 2333 quo
1088 2296 1200 2334 pane
1231 2279 1390 2321 dictum
1422 2280 1474 2321 sit
1503 2280 1548 2322 in

128 2351 499 2394 benedictionibus
539 2369 562 2394 a
598 2353 720 2395 Deo:
760 2354 883 2408 „et⁶)
925 2355 1238 2396 manducabitis
1278 2373 1434 2411 panem
1476 2373 1547 2398 ve-

126 2441 259 2470 strum
290 2428 333 2470 in
363 2429 615 2472 saturitate.“
683 2430 846 2473 Similia
885 2431 936 2473 iis
968 2432 1092 2474 etiam
1126 2433 1333 2475 Salomon
1363 2432 1407 2474 in
1437 2433 1546 2476 Pro-

245 2630 289 2685 ¹)
319 2631 449 2673 Levit.
477 2632 638 2683 XXVI,
668 2635 707 2676 5.
828 2634 874 2691 2)
905 2634 984 2677 Ed.
1018 2634 1171 2677 Ruaci:
1203 2634 1436 2679 seminavit.

243 2701 289 2757 3)
320 2702 448 2746 Levit.
477 2703 637 2753 XXVI,
668 2706 708 2746 5.

245 2770 431 2869 4’ἰὶῧοά
487 2774 760 2827 Sangerman.
816 2777 1097 2833 „corporales
1142 2792 1227 2818 csse
1281 2776 1551 2819 benedictio-

128 2834 242 2873 nes.“

246 2898 290 2953 5)
314 2861 395 2939 0Ev.
429 2898 585 2942 Joann.
621 2901 690 2951 VI,
718 2880 785 2945 51.
907 2904 953 2959 6)
982 2904 1110 2946 Levit.
1142 2904 1300 2953 XXVI,
1331 2907 1383 2956 5„
