1752 3136
208 139 262 182 74
804 143 1025 187 ORIGEMS

205 262 349 307 pterea
382 254 501 308 quod
542 255 667 298 dixit:
705 257 978 315 „ostendit¹)
1017 258 1079 300 illi
1116 258 1332 299 Dominus
1362 257 1546 310 lignum,
1593 272 1633 301 ct

206 327 318 370 misit
346 328 454 372 illud
483 330 529 372 in
560 347 738 388 aquam,
777 345 817 374 et
855 336 963 377 facta
1006 348 1063 378 est
1105 336 1238 377 dulcis
1279 342 1435 392 aqua:“
1473 335 1631 377 mirum

206 405 444 448 admodum
491 420 572 459 est,
609 421 656 450 ut
697 411 816 452 Deus
856 412 1017 465 lignum
1057 415 1298 455 ostenderet
1335 412 1474 462 Mosi,
1515 415 1632 469 quod

205 481 390 524 mitteret
409 484 450 525 in
484 501 651 542 aquam,
683 501 722 529 et
751 490 911 530 faceret
942 507 1034 531 eam
1065 492 1247 532 dulcem.
1297 488 1484 531 Efficere
1513 491 1632 532 Deus

206 575 361 615 aquam
394 563 562 605 dulcem
593 564 682 607 sine
715 566 828 618 ligno
869 585 958 609 non
988 567 1191 623 poterat?
1250 570 1336 609 Aut
1374 568 1516 609 Moses
1554 584 1630 609 ne-

204 636 363 680 sciebat
399 641 582 692 lignum,
627 655 674 683 ut
713 645 750 684 ei
779 644 895 686 Deus
942 644 1213 686 ostenderet?
1270 644 1356 701 Sed
1398 644 1629 686 videndum

206 726 277 764 est,
308 716 411 772 quid
445 719 611 761 decoris
642 719 685 780 in
718 720 780 761 his
810 720 990 763 interior
1020 723 1342 764 habeatscnsus.
1395 722 1487 774 Ego
1510 733 1631 777 puto,

205 793 326 848 quod
356 793 433 844 lex,
464 794 498 835 si
527 799 764 838 secundum
795 797 959 839 literam
989 797 1254 854 suscipiatur,
1289 798 1383 841 satis
1400 815 1541 840 amara
1565 798 1631 848 sit,

204 879 245 910 et
271 869 361 925 ipsa
391 870 441 911 sit
471 871 605 914 Mara.
652 873 769 928 Quid
802 874 912 915 enim
944 887 1029 916 tam
1049 892 1256 925 amarum,
1287 891 1414 930 quam
1445 887 1493 916 ut
1522 892 1631 930 puer

205 940 352 988 octava
384 946 452 989 die
483 948 815 993 circumcisionis
845 954 996 995 vulnus
1027 953 1220 1009 accipiat,
1250 962 1290 993 et
1317 951 1499 1004 rigorem
1528 949 1630 992 ferri

200 1034 345 1066 tenera
387 1025 573 1081 patiatur
605 1028 815 1071 infantia?
873 1032 1082 1070 Amarum
1118 1027 1237 1076 satis,
1279 1042 1319 1069 et
1356 1045 1629 1084 peramarum

202 1112 262 1141 est
291 1099 538 1158 hujusmodi
567 1107 776 1161 poculum
809 1109 929 1158 legis,
967 1106 1010 1147 in
1041 1117 1205 1147 tantum
1237 1117 1284 1146 ut
1313 1107 1502 1162 populus
1533 1105 1628 1155 Dei,

199 1193 291 1219 non
321 1178 405 1229 ille,
437 1181 508 1235 qui
539 1180 585 1222 in
615 1182 738 1224 Mose
768 1184 1000 1240 baptizatus
1031 1195 1091 1224 est
1120 1183 1162 1223 in
1193 1183 1325 1233 mari,
1357 1195 1396 1223 et
1425 1182 1469 1223 in
1500 1183 1628 1230 nube,

199 1257 276 1297 sed
306 1254 396 1307 iste,
429 1257 502 1313 qui
529 1257 574 1299 in
604 1259 753 1315 spiritu
784 1273 825 1302 et
854 1278 961 1317 aqua
992 1260 1224 1316 baptizatus
1259 1271 1342 1310 est,
1372 1277 1463 1301 non
1494 1259 1628 1315 possit

199 1332 350 1374 bibere
382 1336 435 1376 de
464 1336 540 1377 ista
572 1353 703 1393 aqua;
740 1339 813 1380 sed
852 1356 907 1380 ne
947 1350 1111 1391 gustare
1142 1336 1315 1393 quidem
1359 1339 1412 1379 de
1445 1337 1626 1378 circum-

199 1409 367 1452 cisionis
397 1413 681 1456 amaritudine
709 1427 874 1471 potest,
902 1433 1042 1471 neque
1072 1414 1303 1457 hostiarum
1333 1415 1445 1456 ferre
1476 1415 1627 1456 amari-

198 1488 394 1529 tudinem
426 1492 544 1540 valct,
574 1509 653 1533 nec
683 1493 848 1533 sabbati
879 1493 1208 1534 observantiam.
1278 1492 1323 1533 Si
1354 1508 1453 1533 vero
1486 1504 1626 1533 osten—

199 1564 272 1605 dat
302 1565 421 1606 Deus
451 1567 634 1620 lignum,
681 1571 799 1626 quod
838 1570 1021 1611 mittitur
1057 1572 1102 1612 in
1141 1571 1252 1610 hanc
1285 1569 1629 1621 amaritudinem,

198 1653 247 1681 ut
278 1644 413 1685 dulcis
442 1661 552 1701 aqua
581 1647 654 1687 fiat
683 1648 796 1699 legis,
827 1660 968 1703 potest
998 1650 1051 1689 de
1079 1648 1151 1689 illa
1182 1646 1341 1691 bibere.
1402 1647 1537 1702 Quod
1568 1660 1627 1691 est

196 1718 310 1760 istud
340 1719 515 1775 lignum,
536 1723 583 1779 ²)
607 1725 726 1780 quod
756 1725 971 1767 Dominus
1003 1726 1189 1767 ostendit
1218 1724 1363 1766 Mosi?
1413 1726 1625 1767 Salomon

200 1797 353 1838 edocet
381 1816 474 1849 nos,
507 1787 604 1841 cuin
635 1802 736 1843 dicit
767 1804 820 1844 de
849 1802 1074 1858 sapientia,
1105 1802 1202 1858 quia
1234 1801 1422 1854 „lignum
1439 1803 1484 1857 ³)
1515 1804 1623 1844 vitae

199 1884 259 1913 est
289 1875 490 1917 omnibus
531 1879 886 1934 amplectentibus
930 1885 1064 1921 eam.“
1132 1879 1176 1920 Si
1217 1896 1316 1932 ergo
1360 1879 1520 1932 lignum
1559 1898 1624 1922 sa—

196 1950 383 2005 pientiae
416 1953 608 1997 Christus
638 1956 810 1998 missum
842 1957 968 1999 fucrit
997 1957 1040 1998 in
1073 1959 1176 2010 lege,
1208 1968 1248 1997 et
1279 1956 1512 1998 ostenderit
1540 1975 1621 1999 no—

195 2027 274 2078 bis,
307 2033 529 2084 quomodo
560 2033 734 2087 intelligi
766 2036 918 2076 debeat
949 2034 1238 2084 circumcisio,
1272 2037 1495 2090 quomodo
1526 2037 1623 2076 sab-

196 2104 308 2155 bata,
339 2111 563 2162 quomodo
595 2111 659 2152 lex
691 2112 834 2168 leprae
863 2114 1066 2154 servanda
1096 2111 1158 2161 sit,
1191 2112 1372 2168 qualiter
1400 2115 1552 2154 mundi
1584 2126 1624 2154 et

194 2181 409 2225 immundi
440 2185 664 2229 discrimen
697 2189 928 2239 habeatur,
972 2202 1073 2231 tunc
1113 2191 1294 2232 efficitur
1332 2207 1441 2245 aqua
1471 2191 1623 2231 Blarae

193 2260 345 2312 dulcis,
376 2274 415 2303 et
444 2264 685 2307 amaritudo
715 2267 859 2308 literae
888 2268 988 2320 legis
1010 2268 1268 2309 convertitur
1284 2268 1328 2308 in
1349 2268 1620 2310 dulcedinem

195 2337 496 2391 intelligentiae
539 2343 793 2398 spiritualis,
846 2357 885 2386 et
923 2357 1026 2387 tunc
1067 2359 1208 2401 potest
1246 2347 1394 2387 bibere
1431 2347 1620 2402 populus

194 2413 294 2457 Dei.
352 2417 397 2459 Si
431 2419 541 2459 enim
574 2437 665 2462 non
696 2421 1026 2479 interpretentur
1064 2424 1168 2465 haec
1207 2423 1499 2481 spiritualiter,
1536 2440 1617 2479 po-

192 2492 333 2546 pulus,
365 2497 437 2550 qui
467 2497 583 2538 idola
617 2499 864 2555 dereliquit,
896 2514 935 2543 et
964 2504 1017 2543 ad
1048 2503 1191 2543 Deum
1224 2500 1434 2552 confugit,
1475 2500 1509 2542 si
1543 2517 1618 2541 au-

195 2568 284 2609 diat
314 2572 445 2623 legem
490 2576 543 2615 de
582 2576 794 2619 sacrificiis
824 2578 1170 2634 praecipientem,
1218 2578 1423 2619 continuo
1455 2578 1618 2630 refugit,

193 2656 236 2686 ct
264 2664 354 2688 non
385 2662 525 2704 potest
551 2652 720 2695 bibere:
752 2670 946 2696 amarum
979 2656 1138 2714 quippe
1170 2655 1253 2695 hoc
1282 2654 1406 2696 sentit
1430 2667 1468 2696 et
1499 2672 1619 2712 aspen

312 2824 354 2877 ¹)
386 2826 521 2869 Exod.
551 2829 646 2878 xv,
675 2832 741 2873 25.
864 2833 908 2887 2)
944 2833 1050 2876 Edd.
1084 2831 1276 2875 Moruni:
1311 2830 1489 2885 signum.

308 2896 353 2951 ³)
383 2897 506 2941 Prov.
540 2899 613 2950 Ill,
646 2900 710 2944 18.
