1752 3136
251 113 309 156 38
857 111 1078 155 Omessms

253 223 388 279 caligo
418 240 546 281 super
576 239 749 265 omnem
789 236 945 276 terram
989 225 1184 284 Aegypti.
1261 227 1310 266 In
1359 225 1526 267 decimo
1569 243 1685 277 vero,

253 302 348 345 {inis
380 312 420 343 et
450 301 656 357 perfectio
688 301 816 344 totius
849 302 988 358 operis
1019 319 1040 343 a
1061 302 1259 344 Domino
1290 301 1564 345 ministratur.
1625 305 1685 345 Ita

253 378 364 420 enim
397 377 601 435 scriptum
635 390 718 420 est:
749 380 934 430 „sactum
956 379 999 434 ¹)
1032 391 1091 421 est
1123 392 1263 421 autem
1281 379 1327 436 ²)
1362 379 1472 421 circa
1496 380 1684 423 mediam

253 467 440 505 noctem,
471 466 511 496 et
536 455 752 498 Dominus
772 456 977 512 percussit
1001 472 1130 497 omne
1151 456 1484 513 primogenitum
1509 457 1553 498 in
1575 468 1688 498 terra
1751 485 1752 490 =

253 532 449 590 Aegypti,
480 549 504 573 a
533 533 818 589 prImogenito
850 532 1099 582 Pharaonis,
1135 533 1206 589 qui
1228 536 1403 575 sedebat
1423 551 1551 590 super
1567 535 1687 575 thro-

255 627 357 651 num
391 608 492 666 ejus,
523 626 657 665 usque
688 610 740 650 ad
773 610 1106 665 primogenitum
1147 611 1358 667 captivae,
1405 628 1514 668 quae
1556 623 1615 653 est
1644 610 1689 651 in

257 686 363 735 iacu,
397 698 437 727 et
468 704 596 728 omne
626 686 958 742 primogenitum
990 687 1197 743 pecoris.“

370 764 409 805 4.
441 763 515 805 Est
545 774 585 804 et
615 762 695 804 alia
725 763 769 803 in
802 762 865 803 his
896 763 1158 814 differentia,
1201 781 1328 820 quam
1362 764 1689 815 observavimus,

259 841 378 896 quod
409 839 452 880 in
482 838 620 896 prima
666 839 839 895 quidem
877 840 1024 895 plaga,
1064 857 1159 881 cum
1201 857 1310 897 aqua
1355 841 1399 881 in
1441 843 1690 895 sanguinem

258 917 364 967 fluit,
396 918 592 958 nondum
635 916 789 959 dicitur
819 916 956 968 Mosi,
1007 928 1054 958 ut
1098 917 1275 959 intraret
1318 919 1372 960 ad
1401 917 1690 968 Pharaonem,

255 995 329 1036 sed
362 993 518 1036 dicitur
548 993 605 1036 ei:
637 994 771 1045 „vade
788 993 834 1048 3)
865 993 909 1034 in
941 1011 1165 1037 occursum
1208 995 1295 1053 ejus
1337 996 1391 1037 ad
1431 994 1567 1052 riPam
1609 997 1691 1037 flu-

258 1070 395 1121 minis,
428 1087 525 1111 cum
559 1071 755 1127 procedit
786 1071 837 1111 ad
871 1076 1064 1127 aquam.“
1124 1074 1173 1114 ln
1206 1057 1393 1114 secunda
1424 1090 1524 1114 vero
1556 1074 1693 1129 plaga,

258 1159 537 1204 posteaquam
567 1148 705 1204 prima
737 1148 790 1188 ab
822 1147 870 1190 iis
903 1160 1148 1190 constanter
1179 1161 1218 1190 et
1248 1149 1430 1191 fideliter
1460 1150 1694 1192 ministrata

261 1236 334 1275 est,
366 1225 521 1266 dicitur
550 1226 605 1266 ad
636 1241 756 1266 eum:
789 1224 922 1275 „intra
939 1224 986 1280 ⁴²)
1017 1225 1071 1265 ad
1103 1224 1388 1277 Pharaonem,
1421 1238 1460 1268 et
1484 1225 1695 1279 ingressus

262 1301 349 1342 dic:
382 1303 486 1342 haec
518 1301 619 1343 dicit
649 1301 910 1353 Dominus,“
944 1314 984 1343 et
1014 1301 1189 1358 reliqua.
1262 1303 1362 1344 Jam
1391 1320 1491 1344 vero
1533 1303 1576 1344 in
1607 1315 1694 1345 ter-

261 1378 330 1428 tia,
370 1379 446 1420 ubi
485 1378 673 1434 ciniphes
711 1371 976 1429 inferuntur,
1014 1379 1124 1431 magi
1164 1378 1236 1435 qui
1273 1379 1390 1436 prius
1433 1379 1696 1429 obstiterant,

263 1458 423 1497 cedunt
453 1455 716 1505 confitentes,
737 1456 835 1512 quia
866 1455 1044 1509 „dIgitus
1062 1455 1105 1511 ⁵)
1126 1457 1210 1498 Dei
1231 1469 1290 1498 est
1320 1458 1403 1498 hoc
1417 1463 1453 1497 :“
1483 1456 1525 1497 in
1546 1468 1695 1513 quarta

262 1549 436 1588 quoque
466 1533 636 1585 vigilare
664 1531 837 1588 jubetur
865 1533 1009 1575 Moses
1038 1550 1176 1583 mane,
1210 1545 1249 1574 et
1279 1545 1388 1574 stare
1416 1545 1564 1574 contra
1581 1533 1695 1574 Pha-

264 1626 443 1650 raonem
472 1611 782 1669 procedentem
816 1612 870 1652 ad
902 1626 1082 1666 aquam,
1124 1627 1222 1650 cum
1261 1611 1486 1669 cynomyia
1526 1610 1697 1666 replen-

261 1698 332 1727 tur
362 1686 668 1745 Aegyptiorum
699 1688 868 1729 domus.
928 1687 975 1727 In
1010 1685 1156 1742 quinta
1186 1686 1482 1736 nihilominus,
1513 1687 1586 1728 ubi
1616 1703 1694 1743 pe-

264 1781 366 1805 cora
397 1763 704 1822 Aegyptiorum
726 1764 934 1814 delentur,
963 1763 1123 1804 intrare
1148 1761 1322 1819 jubetur
1349 1765 1401 1804 ad
1424 1762 1696 1804 Pharaonem

264 1840 420 1881 Moses.
480 1840 529 1880 In
559 1851 671 1881 sexta
703 1856 803 1881 sane
835 1839 1126 1880 contemnitur
1157 1840 1339 1890 Pharao,
1372 1851 1411 1880 et
1440 1857 1530 1881 non
1562 1842 1696 1881 refer-

263 1928 345 1965 tur,
377 1917 495 1972 quod
527 1915 744 1957 intraverit
775 1916 918 1957 BIoses
949 1917 1013 1957 vel
1035 1919 1178 1958 Aaron
1211 1919 1264 1958 ad
1283 1918 1565 1967 Pharaonem,
1599 1917 1698 1972 quia

263 1994 373 2033 facta
403 2005 503 2034 sunt
532 1994 674 2034 ulcera
706 2005 744 2034 et
773 1993 932 2035 vesicae
964 2011 1059 2034 cum
1092 1995 1260 2035 fervore
1293 1995 1418 2036 etiam
1448 2011 1577 2050 super
1605 2010 1696 2035 ma-

262 2070 411 2111 leficos
443 2069 643 2129 Aegypti,
686 2082 726 2112 et
763 2087 853 2112 non
883 2083 1083 2127 poterant
1121 2072 1310 2123 resistere
1350 2071 1475 2114 Mosi.
1552 2070 1601 2111 In
1632 2087 1699 2113 se-
1732 2123 1735 2126 η

263 2147 398 2203 ptima
428 2146 600 2199 vigilare
632 2146 805 2204 jubetur
835 2165 961 2190 mane
990 2148 1135 2198 valde,
1178 2161 1217 2190 et
1253 2161 1362 2190 stare
1406 2159 1555 2190 contra
1586 2147 1698 2189 Pha-

264 2241 458 2273 raonem,
491 2241 587 2267 cum
621 2226 869 2278 grandinem
897 2237 937 2267 et
965 2225 1105 2278 ignem
1138 2226 1351 2283 producit,
1384 2237 1424 2267 et
1453 2242 1588 2266 voces.
1648 2225 1698 2265 In

266 2314 413 2344 octava
446 2301 706 2358 praecipitur
735 2301 895 2344 intrare
925 2304 979 2345 ad
1007 2320 1126 2353 cum,
1172 2320 1269 2345 cum
1300 2306 1463 2345 locusta
1493 2301 1698 2358 produci-

265 2389 347 2419 tur.
407 2379 455 2419 In
487 2396 602 2420 nona
635 2397 803 2421 rursum
835 2380 1125 2422 contemnitur
1156 2381 1338 2430 Pharao,
1370 2392 1410 2421 et
1436 2378 1698 2435 praecipitur

266 2455 320 2495 ad
352 2456 521 2496 coelum
554 2473 704 2498 manus
734 2459 958 2499 extendere
990 2458 1145 2508 Moses,
1176 2470 1224 2499 ut
1253 2459 1358 2499 fiant
1390 2456 1433 2497 in
1464 2468 1554 2498 tota
1583 2467 1696 2496 terra
1740 2480 1743 2481 ν

267 2531 452 2589 Aegypti
482 2532 716 2588 palpabiles
747 2536 966 2587 tenebrae;
998 2546 1037 2576 et
1069 2552 1159 2576 non
1191 2535 1362 2592 quidem
1388 2550 1466 2590 per
1483 2550 1527 2577 se
1556 2533 1698 2582 intrat,

386 2712 429 2767 ¹)
459 2713 596 2755 Exod.
627 2714 721 2763 XII,
751 2716 819 2757 29.
938 2717 984 2773 ²)
1017 2717 1122 2758 Edd.
1160 2716 1356 2758 Merlini:
1388 2716 1514 2759 enim.

385 2782 431 2836 3)
466 2782 553 2824 Cfr.
584 2784 720 2825 Exod.
753 2785 847 2834 VH,
877 2786 943 2830 15.
1063 2787 1109 2843 ⁴²)
1139 2787 1276 2828 Exod.
1310 2785 1422 2837 VIII,
1457 2790 1493 2830 1.

382 2851 427 2906 ⁵)
457 2852 591 2894 Exod-
630 2854 740 2905 VIII,
773 2856 837 2899 19.
868 2879 924 2888 —
954 2857 1065 2899 Edd.
1099 2856 1292 2900 Merlini:
1329 2868 1389 2898 est
1419 2854 1500 2899 hic.
