1752 3136
509 50 533 58 s

449 134 497 164 m
525 121 729 164 Exonum
757 119 960 163 HommA
987 121 1064 162 XI.
1389 125 1471 172 131

48 233 277 277 hilominus
317 234 487 277 dicunt:
527 233 737 289 „sitivit¹)
788 231 930 274 anima
967 247 1062 273 mea
1093 233 1146 275 ad
1187 244 1251 283 te,
1298 234 1487 278 Deus.“·

48 311 137 366 Qui
166 327 265 353 vero
295 322 538 368 peccatores
570 321 690 360 sunt,
727 306 950 365 patiuntur
989 325 1079 351 non
1116 308 1289 366 sitim2)
1320 327 1469 367 aquae,

45 404 186 444 neque
213 390 370 430 famem
398 387 532 443 panis,
561 388 635 428 sed
665 383 778 428 sitim
809 385 1012 427 audiendi
1041 387 1218 428 verbum
1241 386 1337 434 Dei.
1394 389 1467 431 Id-

46 464 161 506 circo
192 463 318 518 igitur
346 475 387 505 et
414 463 483 504 hic
511 462 651 513 addit,
692 461 792 518 quia
821 464 1009 518 populus
1037 462 1139 506 sitiit
1168 480 1348 520 aquam,
1392 465 1467 522 qui

46 541 194 583 debuit
221 540 361 581 Deum
390 539 527 592 sitire,
568 539 641 596 qui
680 539 828 581 debuit
863 539 978 583 sitire
1018 539 1233 598 justitiam.
1301 541 1465 585 Verum

43 599 157 672 quiaf
170 615 287 658 Deus
318 632 413 658 vere
443 617 636 659 eruditor
666 627 727 658 est
755 615 1008 669 infantium,
1046 629 1085 660 et
1126 618 1324 671 magister
1362 618 1466 661 insi-

41 691 261 749 pientium,
292 693 463 746 corrigit
492 693 654 749 culpas,
684 704 725 734 et
753 694 951 736 emendat
980 710 1166 744 errores,
1209 706 1248 737 et
1278 695 1379 737 dicit
1407 697 1462 738 ad

41 768 207 819 Mosen,
238 781 284 811 ut
313 780 452 811 sumat
480 768 651 821 virgam,
683 779 723 810 et
749 771 991 826 percutiens
1019 782 1202 827 petram,
1231 773 1384 815 educat
1412 771 1462 814 iis

40 861 205 901 aquam.
263 845 367 886 Vult
405 844 518 886 enim
560 861 631 887 eos
669 843 756 903 jam
797 848 850 889 de
887 859 1007 905 petra
1036 847 1218 899 bibere,
1262 850 1350 891 vult
1390 865 1462 893 eos

38 923 271 979 proficere,
314 934 355 964 et
395 923 448 963 ad
488 921 694 964 interiora
725 923 868 966 venire
896 924 1103 983 mysteria.
1162 925 1462 967 Murmurave-

40 1011 140 1041 runt
170 999 282 1041 enim
315 1001 512 1041 adversus
541 998 720 1050 Mosen,
753 1012 794 1042 et
822 1013 1050 1057 propterea
1083 1000 1204 1059 jubet
1233 1002 1461 1051 Dominus,

36 1074 83 1119 ut
113 1079 308 1119 ostendat
336 1075 385 1117 iis
413 1086 594 1132 petram,
625 1092 673 1117 ex
704 1093 788 1133 qua
818 1078 981 1119 bibant.
1051 1077 1098 1120 Si
1127 1078 1220 1134 quis
1263 1089 1345 1128 est,
1387 1078 1460 1134 qui

35 1154 175 1208 legens
204 1153 357 1195 Mosen
387 1165 627 1195 murmurat
655 1155 853 1196 adversus
884 1170 995 1205 cum,
1025 1166 1067 1196 et
1088 1155 1282 1212 displicet
1313 1154 1350 1196 ei
1381 1157 1459 1205 lex,

36 1246 143 1288 quae
172 1232 407 1273 secundum
437 1230 603 1272 literam
633 1229 789 1288 scripta
821 1243 903 1281 est,
954 1233 1074 1288 quod
1112 1232 1159 1274 in
1193 1231 1336 1275 multis
1367 1250 1458 1275 non

34 1307 198 1350 videtur
224 1323 391 1350 servare
419 1307 789 1363 consequentiam,
825 1309 1011 1350 ostendit
1039 1308 1077 1351 ei
1106 1309 1250 1353 Moses
1278 1321 1460 1366 petram,

37 1400 142 1440 quae
172 1396 232 1428 est
263 1373 467 1433 Christus,
499 1396 539 1426 et
568 1385 742 1427 adducit
772 1400 868 1427 eum
899 1386 954 1426 ad
982 1385 1139 1443 ipsam,
1182 1397 1230 1428 ut
1258 1385 1360 1429 iude
1389 1386 1457 1428 bif-

33 1461 121 1512 bat,
153 1473 193 1504 et
222 1461 383 1503 reficiat
410 1461 522 1514 sitim
552 1477 686 1502 suam.
755 1462 842 1504 Sed
884 1463 988 1504 haec
1026 1474 1168 1519 petra,
1211 1463 1293 1506 nisi
1330 1464 1458 1507 fuerit

24 1555 242 1595 percussa,
272 1554 401 1594 aquas
429 1554 520 1578 non
552 1538 689 1579 dabit:
717 1554 916 1593 percussa
945 1555 1045 1580 vero
1076 1540 1214 1582 fontes
1243 1541 1457 1597 producit.

33 1614 258 1657 Percussus
290 1617 403 1657 enim
435 1613 637 1664 Christus,
669 1625 711 1656 et
738 1615 784 1656 in
816 1631 986 1657 crucem
1017 1627 1157 1669 actus,
1192 1618 1296 1659 novi
1327 1629 1453 1660 testa-

14 1679 166 1734 ,menti
204 1693 344 1734 fontes
387 1690 610 1747 produxit:
654 1703 694 1733 et
723 1704 951 1747 propterea
990 1693 1152 1734 dictum
1191 1704 1251 1735 est
1290 1694 1345 1735 de
1388 1711 1455 1745 eo,

34 1768 131 1826 quia
161 1767 484 1825 „percutiam³)
514 1780 743 1824 pastorem,
774 1780 813 1810 et
844 1770 1139 1826 dispergentur
1168 1776 1306 1812 oves.“
1365 1772 1454 1812 Ne-

5 1852 141 1889 'cesse
171 1861 270 1898 ergo
303 1858 390 1888 erat
417 1845 539 1887 illum
570 1846 745 1902 percuti.
814 1846 905 1888 Nisi
937 1846 1050 1888 enim
1081 1847 1155 1888 ille
1182 1846 1328 1890 fuisset
1355 1864 1455 1904 per-

33 1921 184 1973 cussus,
215 1934 254 1964 et
283 1923 429 1965 exisset
468 1924 521 1964 de
559 1923 691 1964 latere
721 1922 810 1981 ejus
839 1940 969 1980 aqua,
1011 1936 1052 1965 et
1079 1924 1268 1977 sanguis,
1305 1942 1454 1968 omnes

30 2016 108 2042 nos
138 1999 250 2041 sitim
280 2000 398 2041 verbi
427 2000 511 2041 Dei
542 2013 797 2056 pateremur.
864 2000 962 2041 Hoc
1001 2017 1100 2054 ergo
1141 2013 1221 2052 est,
1263 2003 1382 2058 quod
1414 2015 1454 2045 et

33 2078 264 2134 Apostolus
294 2077 594 2133 interpretatus
624 2089 696 2128 est,
725 2077 824 2135 quia
855 2094 1032 2129 „omnes
1047 2077 1094 2133 ⁴²)
1125 2079 1306 2120 eundem
1328 2096 1453 2122 man-

32 2154 290 2196 ducaverunt
319 2154 464 2195 cibum
493 2154 771 2210 spiritualem,
802 2167 843 2196 et
872 2172 1020 2197 omnes
1048 2157 1234 2197 eundem
1253 2155 1452 2213 spiritua-

31 2230 114 2285 lem
144 2231 347 2272 biberunt
373 2223 536 2287 potum.
600 2220 816 2274 Bibe'bant
857 2244 998 2274 autem
1044 2234 1099 2274 de
1127 2232 1335 2288 spirituali
1387 2250 1452 2276 se-

32 2318 186 2363 quente
215 2318 355 2364 petra;
385 2319 504 2364 petra
534 2325 634 2350 vero
667 2320 756 2350 erat
787 2308 1018 2353 Christus.“
1080 2308 1271 2352 Observa
1298 2322 1454 2361 tamen,

33 2385 148 2439 quod
179 2384 281 2427 dixit
311 2386 396 2427 hoe
432 2385 478 2426 in
515 2387 615 2427 loco
661 2384 781 2428 Deus
819 2389 873 2429 ad
924 2387 1104 2429 Mosen:
1158 2389 1452 2445 „antecede⁵)

31 2462 256 2517 populum,
291 2473 332 2503 et
361 2464 444 2504 duc
476 2473 618 2505 tecum
649 2462 832 2521 majores
863 2477 979 2514 natu,
1007 2465 1052 2506 id
1082 2476 1153 2515 est,
1182 2466 1453 2525 presbyteros

33 2538 223 2593 populi.“
278 2540 381 2582 Non
410 2541 525 2582 solus
555 2540 698 2583 Moses
734 2541 851 2584 ducit
880 2542 1095 2599 populum
1127 2541 1181 2582 ad
1217 2558 1345 2599 aquas
1373 2559 1449 2599 pe—

147 2713 191 2766 1)
223 2712 375 2755 Psalm.
405 2714 542 2766 LXII,
573 2717 613 2758 2.
735 2715 782 2770 2>
814 2715 901 2759 Cfr.
934 2716 1080 2760 Amos.
1111 2715 1224 2767 VIII,
1255 2718 1321 2762 11.

145 2781 194 2837 3)
227 2782 315 2824 Cfr.
350 2783 528 2827 Zachar.
557 2777 677 2836 XIII,
708 2787 746 2829 7.

144 2850 190 2906 ⁸)
223 2852 310 2896 Csr.
342 2854 361 2895 I
394 2853 493 2897 Cor.
523 2857 578 2908 X,
606 2859 646 2901 3.
676 2858 714 2899 4.
835 2857 880 2911 ⁵)
910 2855 1046 2900 Exod.
1074 2856 1213 2907 XVII,
1241 2856 1279 2900 5.

1059 2933 1122 2977 9.
