1752 3136
251 85 334 129 112
846 85 1070 129 Omonms

252 209 335 248 tur,
362 195 506 252 ibique
537 213 583 240 cx
615 213 719 239 auro
751 197 926 253 velut¹)
965 199 1073 240 basis
1113 199 1256 240 tabula
1295 201 1504 255 quaedam
1535 204 1672 245 collo-

254 286 390 324 catur,
422 291 530 330 quae
562 276 800 331 appellatur
829 276 1199 332 propitiatorium,
1248 276 1318 318 sed
1353 289 1392 319 et
1430 280 1560 320 altare
1599 297 1674 322 au-

253 367 373 392 reum
404 349 575 393 incensi,
636 351 748 393 Tum
780 364 997 407 praeterea
1035 353 1077 393 in
1121 351 1317 394 exteriori
1349 356 1445 397 loco
1479 358 1676 398 candela·
1703 347 1714 350 -

252 428 379 469 hrum
410 427 585 483 ponitur
606 444 780 470 aureum
807 428 848 469 in
867 440 985 485 parte
1000 429 1142 479 austri,
1171 440 1217 470 ut
1247 430 1441 486 respiciat
1471 433 1524 474 ad
1555 432 1675 490 aqui-

251 505 412 548 Ionem.
469 504 518 544 In
550 518 667 559 parte
697 522 796 547 vcro
828 505 1038 561 aquilonis
1060 522 1203 547 mensa
1227 508 1473 558 collocatur,
1507 521 1545 550 et
1573 527 1678 566 pro·

252 581 410 637 positio
442 598 602 637 panum
634 599 761 637 super
791 599 895 626 eam.
964 583 1053 623 Nec
1093 599 1184 624 non
1225 595 1265 624 ct
1303 584 1431 625 altare
1468 584 1677 625 holocau-

252 671 414 700 storum
446 656 559 715 juxta
591 659 778 698 velamen
809 658 984 699 interius
1013 659 1203 714 ponitur.
1263 659 1349 701 Sed
1381 661 1481 716 quid
1515 677 1590 713 ego
1624 662 1679 702 de

252 734 316 777 his
345 736 517 776 revolvo
548 750 626 789 per
654 733 847 786 singula?
906 733 983 776 Vix
1023 737 1077 776 ad
1108 736 1213 776 haec
1243 748 1407 777 tantum
1439 739 1678 780 enarranda

250 812 508 874 sufficimus,
549 809 613 850 vix
651 810 774 858 nobis
812 810 902 865 ipsa
942 828 1082 852 rerum
1116 812 1400 854 materialium
1430 815 1569 854 forma
1601 815 1678 855 ad-

254 888 352 930 duci
381 901 476 930 ante
509 887 658 928 oculos
690 899 840 943 potest,
872 899 911 928 et
942 888 1164 942 quomodo
1210 888 1300 944 quis
1341 889 1509 931 latentia
1540 890 1584 931 in
1614 890 1678 934 his

251 965 448 1025 mysteria
481 963 676 1020 expedire
706 962 918 1006 sufficiet?
975 967 1283 1009 Verumtamen
1316 982 1452 1015 causa,
1482 984 1562 1023 pro
1594 983 1680 1023 qua

252 1042 346 1084 fieri
376 1044 550 1083 deberet
577 1042 916 1092 tabernaculum,
945 1041 987 1082 in
1004 1042 1295 1098 superioribus
1314 1043 1529 1085 invenitur
1555 1061 1680 1100 prae-

255 1120 381 1168 dicta,
419 1118 583 1160 dicente
615 1119 807 1160 Domino
839 1118 893 1158 ad
923 1118 1098 1161 Mosen:
1130 1120 1360 1174 ‚‚sacies,²)
1390 1119 1541 1177 inquit,
1573 1121 1680 1163 mihi

252 1195 646 1244 sanctificationem,
678 1206 718 1236 et
746 1194 845 1236 inde
876 1195 1055 1237 videbor
1089 1196 1249 1238 vobis.“
1295 1197 1399 1238 Vult
1430 1213 1529 1250 ergo
1547 1198 1679 1249 Deus,

253 1287 300 1316 ut
329 1274 530 1316 faciamus
561 1272 597 1313 ei
625 1270 1013 1315 sanctificationem.
1071 1266 1289 1315 Promittit
1321 1273 1455 1325 enim,
1496 1274 1616 1330 quia,
1645 1273 1681 1316 si

251 1352 478 1394 fecerimus
510 1350 547 1391 ei
575 1347 964 1396 sanctificationem,
995 1350 1128 1405 possit
1159 1367 1179 1391 a
1202 1350 1328 1392 nobis
1349 1350 1493 1393 videri.
1551 1351 1681 1393 Unde

252 1440 292 1471 et
323 1428 556 1483 Apostolus
587 1427 639 1467 ad
670 1424 889 1467 Hebraeos
922 1425 1044 1467 dicit:
1081 1442 1255 1481 „pacem
1272 1426 1319 1482 ³)
1350 1427 1599 1483 sequimini,
1639 1439 1680 1469 et

250 1503 648 1552 sanctificationem,
696 1501 786 1543 sine
825 1518 906 1557 qua
945 1518 1074 1543 nemo
1113 1502 1272 1544 videbit
1311 1504 1497 1545 Deum.“
1563 1503 1681 1547 Haec

253 1598 352 1634 ergo
386 1591 445 1622 est
471 1578 761 1628 sanctificatio,
794 1595 922 1634 quam
951 1577 1072 1637 jubet
1100 1580 1316 1623 Dominus
1346 1581 1452 1631 fieri,
1483 1598 1611 1637 quam
1643 1592 1684 1622 et

250 1657 490 1715 Apostolus
518 1658 562 1699 in
594 1655 824 1708 virginibus
855 1672 940 1698 esse
970 1658 1082 1706 vult,
1101 1655 1146 1711 4)
1191 1669 1238 1698 ut
1276 1656 1358 1699 sint
1385 1670 1555 1701 sanctae
1585 1675 1683 1700 cor-

251 1750 374 1792 pore,
405 1744 444 1774 et
472 1734 643 1789 spiritu:
675 1733 808 1773 sciens
839 1732 928 1773 sine
958 1732 1107 1782 dubio,
1139 1735 1271 1788 quod,
1305 1735 1377 1790 qui
1406 1735 1555 1777 fecerit
1583 1735 1681 1776 Do-

251 1811 373 1852 mino
402 1808 783 1852 sanctificationem
811 1825 890 1864 per
929 1808 1069 1850 cordis
1097 1811 1162 1851 sui
1203 1821 1243 1851 et
1284 1812 1479 1867 corporis
1519 1810 1683 1866 purita-

253 1898 352 1937 tem,
382 1886 472 1941 ipse
503 1884 662 1926 videbit
690 1885 847 1926 Deum.
915 1885 1138 1928 Faciamus
1184 1902 1282 1940 ergo
1317 1898 1357 1928 et
1386 1904 1465 1929 nos
1495 1887 1681 1929 sanctifi-

255 1963 467 2005 cationem
499 1962 719 2013 Domino,
765 1973 805 2003 et
847 1979 993 2004 omnes
1022 1979 1151 2004 unam
1171 1995 1181 2012 ‚
1213 1975 1252 2004 et
1281 1963 1575 2019 unusquisque
1604 1980 1683 2019 per

252 2038 440 2091 sifigulos
471 2040 672 2094 unam.⁵)
743 2037 904 2081 Omnes
934 2041 1109 2080 sortasse
1138 2041 1514 2083 sanctificationem
1548 2042 1683 2083 eccle-

253 2118 356 2160 siam
389 2116 589 2167 facimus,
633 2132 742 2172 quae
783 2128 841 2158 est
878 2116 1104 2172 sancta,⁶)
1141 2133 1232 2158 non
1272 2117 1432 2159 habens
1470 2118 1684 2159 maculam

375 2255 417 2310 ¹)
451 2255 564 2297 Alias
593 2256 654 2312 (v.
687 2271 721 2297 c.
752 2255 797 2297 in
828 2233 1064 2311 eddsMQ:
1095 2257 1233 2305 „velut
1263 2255 1370 2298 basis
1400 2255 1449 2298 iis
1471 2258 1683 2312 quaedam

257 2314 515 2361 collocatur,
557 2327 605 2353 ac
635 2315 773 2363 sedes,
820 2314 937 2369 quod
969 2313 1246 2369 appellatur.“
1306 2314 1394 2356 Sed
1431 2314 1537 2356 Mss:
1561 2325 1608 2354 ut
1636 2313 1683 2354 in
1747 2316 1752 2321 '

252 2382 401 2412 nostro
433 2380 559 2410 textu.
592 2368 643 2410 R.

281 2494 291 2504 .
337 2494 346 2503 ·
369 2438 416 2518 2‘?
437 2439 582 2534 {md
612 2439 756 2490 XXV,
783 2440 824 2484 8.
855 2463 911 2471 —
941 2440 1054 2482 Alias
1095 2440 1155 2497 (e.
1189 2458 1222 2482 e.
1249 2439 1293 2481 in
1326 2438 1421 2481 edd.
1451 2436 1562 2494 MA)
1592 2439 1684 2491 „fa-

254 2507 416 2619 men-5:²²)
447 2525 581 2605 liebr.
610 2564 709 2615 XII,
737 2565 802 2608 14.
837 2566 932 2608 coll.
974 2566 1069 2608 edd.
1101 2566 1155 2608 N.
1185 2563 1235 2605 T·

371 2631 416 2686 4)
451 2633 538 2674 Csr.
568 2633 588 2672 I
620 2633 720 2677 Cor.
751 2636 842 2686 Vll,
871 2638 939 2681 34.

372 2701 416 2757 ⁵)
449 2703 562 2743 Alias
594 2703 652 2759 (v.
684 2721 718 2746 c.
748 2704 793 2746 in
826 2707 922 2748 edd.
954 2705 1062 2758 Ma)
1100 2721 1278 2754 ‚,unam,
1315 2715 1365 2745 ut
1408 2720 1559 2746 omnes
1585 2720 1682 2745 san-
1745 2705 1750 2728 ἶ

253 2758 554 2802 ctificauonem
576 2760 790 2802 ecclesiam
813 2764 1054 2807 faciamus.“
1084 2763 1183 2807 Mss.
1203 2773 1249 2805 ut
1263 2761 1470 2805 innostro
1489 2771 1614 2804 textu.
1631 2759 1681 2801 R.

372 2827 420 2884 ⁶)
451 2825 538 2870 Cfr.
572 2827 725 2885 Ephe&
758 2831 811 2883 V,
840 2833 906 2875 27.
