1752 3136
249 113 335 156 270
843 108 1064 152 Omcnms

254 222 496 266 cerdotibus
527 221 634 273 Dei,
676 231 722 263 ut
761 223 954 264 auferant
999 239 1045 264 ex
1086 222 1147 264 his
1180 238 1308 264 omne
1339 224 1456 280 quod
1488 242 1669 268 crassum

253 314 327 351 est,
355 313 402 342 ut
429 299 737 342 sacerdotalem
770 314 861 340 cam
892 289 1049 341 saciant
1078 300 1336 356 portionem.
1405 302 1517 343 Date
1545 304 1670 345 no‘bis

252 382 375 424 etiam
406 377 604 427 brachia,
641 377 714 419 sed
754 377 898 417 dextra
937 393 960 418 a
989 376 1107 418 vobis
1137 377 1350 432 poscimus
1388 379 1585 421 brachia:
1615 380 1670 422 si-

249 460 427 501 nistrum
459 454 569 498 nihil
596 455 812 504 volumus,
858 455 1001 496 (lextra
1040 471 1063 495 a
1093 454 1210 497 vobis
1242 472 1373 512 opera
1405 455 1671 511 requirimus.

252 537 340 579 Sed
372 545 412 576 et
440 534 537 584 hoc,
568 533 685 588 quod
718 531 846 581 addit,
875 533 1167 586 pectusculum
1199 532 1281 574 dici
1311 531 1604 588 appositionis,
1635 544 1674 573 et

248 612 473 655 brachium
506 608 746 657 demtionis,
774 625 865 649 non
895 608 1000 649 mihi
1029 608 1117 650 sine
1149 626 1270 651 causa
1303 611 1463 651 dictum
1495 611 1672 651 videtur.

250 691 308 734 Et
336 691 435 732 ideo
466 688 589 728 velim
621 684 860 740 requirere,
900 683 1004 738 quid
1037 697 1115 734 cst,
1154 689 1271 741 quod
1293 688 1333 742 ¹)
1366 689 1674 742 apponendum
1721 678 1727 681 s

252 780 313 810 est
353 767 407 807 ad
453 761 772 819 pectusculum,
823 770 872 800 ut
917 761 990 801 fiat
1039 763 1331 818 pectusculum
1383 763 1674 820 appositionis.

251 846 536 897 Posteaquam
569 839 757 879 ablatum
788 835 915 878 fuerit
944 851 967 875 a
1000 837 1130 878 corde
1159 849 1234 880 tuo
1257 855 1398 889 omne,
1427 841 1545 896 quod
1565 857 1675 882 cras-

249 938 343 964 sum
377 929 448 969 est,
476 929 517 959 et
546 915 825 957 emundatum
853 913 982 954 suerit
1012 915 1065 955 ab
1086 914 1205 956 omni
1236 915 1519 971 operimento,
1549 917 1674 972 vel2)

249 996 590 1054 inquinamento,
621 993 741 1048 quod
767 990 855 1044 igni
884 991 1140 1032 tradendum
1174 1002 1252 1041 est,
1283 1004 1431 1043 restat,
1459 1005 1508 1034 ut
1536 1009 1673 1050 appo-

250 1087 378 1117 natur
407 1072 445 1113 ei
475 1068 604 1123 gratia
635 1068 816 1123 Spiritus
854 1066 1006 1118 sancti,
1049 1080 1088 1109 et
1127 1080 1228 1110 tunc
1270 1069 1342 1110 fiet
1380 1071 1675 1125 pectusculum

251 1147 544 1208 appositionis,
573 1147 649 1188 sed
678 1157 719 1187 et
746 1143 970 1186 brachium
1000 1144 1292 1200 separationis,
1321 1146 1406 1187 sive
1436 1143 1674 1190 demtionis.

251 1227 491 1284 Quomodo
522 1222 599 1265 erit
628 1234 668 1264 et
696 1221 920 1264 brachium
950 1221 1256 1277 separationis?
1316 1223 1362 1265 Si
1392 1224 1509 1274 scias,
1539 1235 1580 1265 et
1608 1224 1676 1265 in·
1737 1268 1746 1274 μ

249 1305 410 1357 telligas
450 1302 710 1349 discernere,
757 1314 866 1354 quae
902 1299 985 1340 sint
1022 1315 1154 1355 opera
1194 1300 1320 1351 lucis,
1366 1312 1407 1341 et
1447 1317 1555 1357 quae
1593 1301 1676 1343 sint

253 1398 384 1439 opera
413 1380 717 1426 tenebrarums
748 1387 787 1417 et
823 1391 991 1431 separes
1031 1388 1146 1417 actus
1176 1388 1273 1419 tuos
1303 1378 1357 1418 de
1386 1379 1592 1428 tenebris,
1629 1390 1675 1419 ut

249 1461 334 1504 sint
364 1474 496 1514 opera
522 1468 596 1497 tua
624 1454 670 1495 in
699 1453 883 1502 lumine,
922 1452 1150 1493 brachium
1189 1465 1311 1495 tuum
1356 1455 1539 1497 eflicitur
1577 1457 1675 1497 bra-

253 1537 397 1579 chium
426 1531 724 1589 separationis:
763 1531 829 1571 vel
869 1546 966 1571 cum
996 1530 1252 1586 separaveris
1281 1542 1323 1571 te
1354 1532 1407 1572 ab
1441 1532 1561 1574 omni
1589 1533 1675 1574 fra-

250 1628 315 1657 tre
346 1612 536 1669 inquiete
564 1609 830 1651 ambulante:
861 1608 927 1648 vel
957 1619 1068 1649 certe
1100 1623 1198 1649 cum
1224 1608 1458 1650 secundum
1482 1609 1675 1666 prophe-

249 1706 337 1736 tam
357 1691 403 1747 ³)
433 1698 633 1745 separant
661 1703 717 1736 se,
747 1697 788 1727 et
817 1695 969 1726 exeunt
998 1685 1052 1726 de
1080 1684 1224 1727 medio
1256 1698 1553 1741 peccatorum,
1601 1686 1676 1741 qui

247 1781 424 1828 portant
451 1784 547 1808 vasa
575 1763 770 1806 Domini.
837 1763 1038 1817 Denique
1076 1763 1302 1804 vernacula
1339 1764 1524 1819 quadam
1568 1779 1674 1804 con-

249 1845 474 1891 suetudine
503 1842 763 1899 Scriptume,
795 1855 1024 1881 commune
1045 1856 1132 1881 esse
1151 1839 1319 1890 dicitur,
1348 1841 1467 1895 quod
1487 1839 1673 1880 immun-

250 1928 355 1967 dum
386 1935 456 1965 est.
499 1920 620 1962 Sicut
642 1931 682 1960 et
710 1918 766 1959 ad
784 1917 956 1958 Petrum
988 1933 1067 1958 vox
1091 1919 1144 1958 de
1172 1918 1293 1958 coelo
1311 1917 1433 1959 dicit:
1463 1918 1611 1972 „quod
1627 1916 1673 1971 ⁴)

249 2005 370 2045 Deus
400 1996 633 2048 mundavit,
664 2008 711 2037 tu
744 2009 971 2037 commune
1001 2010 1057 2035 ne
1086 1993 1279 2036 dixeris.“
1350 1993 1673 2050 Consequenter

252 2097 351 2133 ergo
383 2078 417 2120 si
445 2078 512 2128 id,
561 2075 682 2132 quod
719 2072 993 2115 immundum
1035 2082 1115 2121 est,
1162 2087 1391 2113 commune
1420 2071 1673 2127 appellatur,

250 2159 372 2216 quod
399 2165 593 2199 sanctum
623 2163 696 2202 est,
723 2148 1019 2192 nominabitur
1047 2160 1302 2204 separatum.
1371 2149 1458 2191 Sed
1498 2160 1538 2190 et
1566 2148 1674 2189 illud

252 2237 460 2279 addimus.
528 2231 575 2274 Si
619 2229 710 2286 quis
749 2227 834 2269 Dei
870 2226 1000 2268 solius
1030 2243 1171 2268 servus
1202 2238 1284 2277 est,
1314 2226 1552 2268 communis
1582 2241 1673 2266 non

251 2325 393 2372 potest
422 2310 519 2354 dici.
590 2308 637 2350 Si
676 2307 768 2365 quis
808 2316 949 2347 autem
981 2304 1221 2346 communis
1252 2315 1333 2354 est,
1372 2303 1551 2346 dubium
1581 2319 1674 2343 non

251 2401 334 2440 est,
388 2388 508 2445 quod
550 2386 785 2427 multorum
833 2382 908 2430 sit,
966 2392 1006 2421 et
1060 2381 1160 2423 ideo
1214 2380 1452 2423 communis
1496 2379 1671 2422 dicatur.

368 2619 413 2674 ¹)
445 2617 552 2659 Cod.
585 2606 1040 2669 Sangerm.'(itemque
1072 2613 1166 2653 edd.
1197 2611 1307 2667 M.):
1348 2612 1494 2667 „quod
1536 2626 1672 2666 appo-

252 2677 444 2721 nendum
475 2686 534 2715 est
562 2673 825 2730 pectusculo,
855 2676 926 2711 ut“
959 2681 1033 2711 etc.

368 2745 415 2801 ²)
444 2745 611 2784 Desunt
640 2742 683 2783 in
716 2740 824 2782 Cod.
856 2740 1133 2793 Sangerman.
1163 2738 1311 2779 verba:
1351 2738 1442 2789 „vel
1474 2737 1671 2793 inquina-

251 2808 438 2847 mento.·‘
467 2801 518 2841 R.

368 2873 414 2928 ³)
448 2870 536 2915 cfr.
565 2869 689 2911 sesai.
720 2867 808 2919 ιιι,
840 2868 905 2910 11⁴
1026 2865 1072 2920 ⁴)
1105 2867 1196 2906 Act.
1224 2865 1283 2914 -Χ,
1313 2865 1378 2907 15.
