1752 3136
247 55 304 97 86
847 55 1070 98 Omemus

249 165 400 223 inquit,
429 166 698 222 replebimini
727 166 953 223 panibus.“
1011 168 1147 210 Nobis
1166 168 1209 224 ¹)
1240 179 1280 209 et
1309 168 1450 224 panis,
1490 170 1670 211 verbum

251 244 338 286 Dei
369 255 438 286 cst.
496 243 652 300 Ipse2)
684 245 797 287 enim
827 246 947 302 panis
977 245 1113 296 vivus,
1155 246 1227 302 qui
1258 248 1311 288 de
1341 246 1464 287 coelo
1497 247 1672 288 descen-

253 321 328 374 dit,
361 333 400 363 et
428 320 554 362 vitam
587 322 658 363 dat
687 322 787 364 huic
815 325 994 366 mundo.
1043 323 1130 368 Sed
1167 324 1390 379 quomodo
1423 322 1523 365 dicit
1551 339 1676 365 mane

254 399 347 440 dari
377 399 492 440 hunc
521 415 701 454 panem,
745 417 841 443 cum
881 403 1105 443 adventum
1149 399 1236 457 ejus
1275 400 1319 441 in
1363 416 1488 440 carne
1517 400 1681 446 factum,

257 475 484 519 dixerimus
516 478 569 518 ad
600 477 848 533 vesperam?
907 477 1004 518 Hoc
1034 478 1167 518 modo
1205 477 1528 529 intelligendum
1557 489 1679 533 puto,
1714 462 1716 464 Ι

258 554 379 608 quod
410 554 463 594 ad
493 569 711 609 vesperam
742 554 914 610 quidem
954 555 1158 607 vergentis
1188 555 1339 596 mundi
1383 566 1422 595 et
1460 571 1600 610 prope
1629 554 1680 594 fi-

257 645 360 671 nem
391 646 534 672 cursus
565 631 629 672 sui
656 631 785 687 positi
814 631 1029 673 Dominus
1060 633 1244 682 venerit,
1273 633 1344 674 sed
1376 633 1558 673 adventu
1588 647 1681 681 suo,

261 705 465 762 quoniam
496 707 587 762 ipse
619 719 679 750 est
706 709 772 749 sol
801 707 995 765 justitiae,
1025 724 1185 749 novum
1211 709 1682 764 credentibusrepara-

262 783 368 824 verit
406 783 532 825 diem.
608 783 722 838 Quia
761 800 861 837 ergo
899 801 1062 826 nox-um
1099 785 1264 826 mundo
1303 786 1501 828 scientiae
1539 787 1685 826 lumen

266 861 481 911 accendit,
530 859 705 917 diem3)
743 878 868 903 suum
906 862 1232 917 quodammodo
1273 863 1435 912 effecit,
1483 875 1524 903 et
1561 879 1706 904 suum-

263 953 391 979 mane
419 949 623 995 tanquam
652 937 833 996 justitiae
861 939 927 980 sol
956 938 1179 995 produxit,
1213 951 1252 980 et
1281 940 1325 981 in
1355 940 1438 980 hoc
1467 954 1594 980 mane
1621 955 1689 980 re-

197 998 204 1009 ι
265 1015 440 1072 plentur
469 1015 667 1071 panibus,
698 1016 771 1073 qui
802 1015 887 1074 ejus
916 1027 1143 1073 praecepta
1173 1015 1419 1071 suscipiunt,
1489 1017 1577 1058 Nec
1608 1014 1688 1056 mi-

266 1091 383 1143 reris,
414 1092 512 1149 quia
541 1094 718 1135 verbum
749 1094 834 1135 Dei
872 1105 912 1135 et
951 1111 1048 1136 caro
1081 1095 1258 1145 dicitur,
1301 1106 1342 1136 et
1371 1093 1516 1150 panis,
1555 1104 1596 1134 et
1625 1093 1692 1134 lac

271 1169 440 1219 dicitur,
470 1182 510 1211 et
540 1170 656 1212 olera
689 1170 853 1221 dicitur,
885 1184 924 1212 et
953 1188 1034 1227 pro
1065 1189 1263 1213 mensura
1293 1172 1581 1223 credentium,
1623 1170 1691 1211 vel

269 1247 551 1304 possibilitate
579 1247 836 1289 sumentium
868 1248 1029 1290 diverse
1058 1248 1316 1291 nominatur.
1376 1248 1522 1290 Potest
1550 1260 1717 1289 tamen,

274 1336 316 1366 et
344 1325 428 1366 hoc
456 1324 653 1376 intelligi,
697 1326 818 1381 quod
856 1338 954 1381 post
986 1325 1340 1367 resurrectionem
1377 1342 1521 1376 suam,
1567 1340 1695 1380 quam

205 1395 210 1397 ⁸
273 1418 403 1443 mane
433 1402 692 1444 ostendimus
714 1403 880 1453 factam,
910 1404 1129 1443 credentes
1149 1402 1371 1457 repleverit
1388 1402 1584 1458 panibus,
1612 1417 1694 1458 pro

279 1495 346 1529 eo,
375 1480 494 1534 quod
523 1479 656 1520 libros
686 1471 787 1530 legis
819 1491 859 1520 et
887 1479 1197 1536 prophetarum
1219 1479 1384 1532 ignotos
1414 1478 1531 1533 prius
1563 1489 1603 1518 et
1630 1477 1699 1519 in-

278 1555 470 1607 cognitos
500 1554 666 1598 dederit
693 1556 832 1606 nobis,
864 1567 904 1597 et
934 1557 988 1598 ad
1016 1555 1340 1598 instructionem
1372 1567 1565 1596 nostram
1594 1555 1699 1596 haec

280 1631 482 1674 ecclesiae
509 1632 787 1675 instrumenta
808 1634 1073 1682 concesserit,
1102 1644 1150 1673 ut
1168 1633 1256 1689 ipse
1279 1632 1331 1674 sit
1352 1631 1472 1689 panis
1495 1631 1542 1673 in
1558 1631 1699 1672 Evan-

279 1709 412 1762 gelio:
442 1710 571 1751 ceteri
600 1726 701 1751 vero
731 1709 828 1750 libri
857 1709 979 1761 Iegis,
1015 1709 1081 1750 vel
1109 1709 1443 1764 prophetarum,
1472 1709 1538 1750 vel
1568 1708 1702 1750 histo-

278 1786 454 1836 riarum,
483 1787 625 1841 plures
657 1786 858 1842 appellati
884 1798 983 1828 sunt
999 1785 1044 1841 ⁴²)
1073 1802 1216 1842 panes,
1248 1802 1295 1827 ex
1326 1787 1479 1842 quibus
1505 1787 1701 1842 replean-

278 1874 363 1913 tur,
395 1863 469 1919 qui
499 1879 547 1905 ex
576 1863 770 1915 gentibus
801 1864 993 1904 credunt.
1041 1862 1174 1917 Quod
1189 1874 1332 1904 tamen
1361 1880 1451 1904 non
1480 1862 1570 1903 sine
1598 1880 1702 1918 pro-

280 1940 452 1997 phetica
481 1939 731 1982 auctoritate
759 1943 919 1982 factum
950 1940 1164 1982 docemus.
1190 1967 1201 1971 Α
1218 1940 1490 1982 Praedixerat
1517 1957 1704 1996 namque

282 2017 427 2060 Esaias
455 2016 671 2074 propheta
700 2018 784 2059 hoc
804 2019 957 2060 modo:
989 2018 1304 2073 ‚‚ascendent⁵)
1334 2017 1379 2057 in
1399 2028 1605 2067 montem,
1638 2017 1730 2058 bi:

282 2095 389 2135 bent
416 2094 577 2144 vinum,
606 2106 818 2147 ungentur
847 2100 1104 2148 unguent0.“
1149 2094 1291 2135 Trade
1310 2095 1414 2136 hacc
1440 2094 1585 2136 omnia
1605 2110 1706 2148 gen-
1751 2094 1752 2111 ³

282 2171 419 2214 tibus:
449 2170 676 2214 consilium
706 2171 821 2213 enim
851 2172 1030 2215 Domini
1061 2171 1366 2228 omnipotentis
1398 2183 1458 2213 est
1489 2172 1585 2213 hoc.
1660 2170 1707 2214 Si
1750 2167 1752 2170 ¹

405 2345 470 2411 ¹)
470 2347 596 2389 Alias
625 2346 685 2402 (e.
718 2363 752 2388 c.
781 2346 826 2387 in
857 2347 953 2388 edd.
982 2346 1088 2401 M.):
1130 2347 1293 2398 „Nobis
1335 2347 1381 2388 in
1425 2363 1512 2402 quo
1541 2345 1706 2402 positus

287 2413 347 2445 est
368 2402 503 2459 panis,
533 2404 709 2444 verbum
731 2403 816 2444 Dei
837 2414 907 2444 est.
911 2408 934 2427 “
975 2403 1061 2445 Sed
1082 2404 1182 2447 Mss.
1201 2416 1248 2445 ut
1267 2404 1312 2444 in
1333 2414 1482 2444 nostro
1509 2414 1634 2444 textu.
1656 2402 1706 2444 R.

405 2479 451 2536 ²)
481 2480 591 2521 Edd.
621 2480 816 2521 Merlini:
854 2480 950 2536 Ipse
990 2492 1049 2522 est
1093 2482 1206 2523 enim
1243 2480 1366 2536 panis
1396 2479 1512 2520 vivus
1549 2491 1624 2520 etc.
1655 2502 1710 2510 —-

291 2533 378 2577 Csr.
411 2552 473 2579 ev.
504 2537 664 2578 Joann
696 2536 767 2587 VI,
796 2537 866 2580 33

403 2605 450 2661 ³)
482 2605 604 2648 Mss.:
633 2605 787 2655 „diem
791 2610 815 2631 “
846 2606 981 2648 Alias:
1014 2610 1208 2658 ‚‚mane.'“
1239 2607 1288 2647 R.
1306 2631 1357 2638 —
1378 2606 1491 2649 Edd.
1513 2604 1706 2649 Merlini:
1738 2595 1747 2599 ⁶

288 2664 520 2712 „accendit,
550 2680 674 2704 suum
705 2664 1028 2731 quodammodo
1059 2679 1185 2706 mane
1216 2662 1354 2706 effecit
1386 2675 1462 2706 etc.

405 2731 453 2786 4)
480 2731 593 2773 Edd.
623 2732 821 2775 merlini:
851 2733 946 2775 sint.

407 2801 453 2856 ⁵)
485 2800 572 2843 Cfr.
605 2801 726 2844 Jesai.
742 2804 889 2855 LVII,
919 2805 956 2846 7.
989 2806 1025 2847 9.
