1752 3136
233 192 316 235 431ζ
405 164 407 166 ³
841 190 1065 233 OmGEms

237 306 417 362 reposita
451 304 493 345 in
527 320 663 345 annos
704 305 883 347 multos:
936 305 1175 354 manduca,
1221 305 1346 354 bibe,
1401 317 1440 346 et
1479 307 1674 350 laetare.“

238 384 358 424 Talia
392 399 491 435 ergo
524 380 735 423 credimus
768 398 854 424 esse
884 382 1021 432 bona,
1065 398 1174 438 quae
1216 382 1365 423 divinis
1407 382 1675 424 benedictio·-

237 460 362 502 nibus
391 459 544 501 sanctis
577 458 818 515 quibusque
864 471 903 500 et
947 459 1145 501 fidelibus
1178 459 1495 503 tradebantur?
1554 462 1674 503 Alios

239 553 315 588 ego
337 537 377 590 ¹)
409 548 546 578 terrae
575 539 737 578 fructus
770 536 982 592 adspicio,
1025 549 1065 579 et
1096 537 1216 579 aliter
1245 537 1565 579 multitudinem
1598 554 1675 578 na-

242 614 401 656 tivitatis
432 615 615 656 intueor.
685 614 730 656 Si
773 613 885 654 enim
926 626 1035 655 terra
1081 632 1174 656 mea
1207 618 1357 658 asserat
1388 617 1597 665 fructum,
1641 615 1675 656 si

240 692 476 734 nativitates
507 709 602 733 suas
636 709 683 732 ex
714 691 896 731 Domini
927 692 1230 733 benedictione
1260 694 1487 748 producat,
1518 692 1676 733 intelli-

241 783 306 822 get
337 788 481 811 sensus
512 786 651 818 meus,
696 780 736 809 et
768 769 979 823 explicare
1018 770 1201 824 poterit,
1244 771 1412 825 quae2)
1454 769 1677 825 qualisque

241 848 292 888 sit
322 848 394 887 ista
428 858 551 894 terra,
584 863 691 901 quae
724 858 895 901 accepta
928 845 1100 886 coelesti
1130 846 1273 900 pluvia
1305 846 1539 887 nativitates
1571 864 1674 902 pro-

240 926 349 963 ferat
378 921 697 964 rationabilium
731 924 915 975 frugum.
958 922 1274 964 Testimonium
1299 925 1352 964 de
1376 922 1613 974 Evangeliis
1629 924 1674 978 ³)

241 1017 374 1049 sume,
406 1001 633 1056 quomodo
667 999 762 1040 exiit
795 999 866 1055 qui
896 1001 1077 1042 seminat
1107 1000 1331 1051 seminare,
1363 1012 1402 1040 et
1432 1000 1549 1041 aliud
1581 1000 1675 1055 qui-

241 1079 338 1118 dem
371 1076 523 1118 cecidit
552 1094 670 1118 secus
702 1076 825 1126 viam,
854 1076 970 1118 aliud
1002 1089 1143 1118 autem
1173 1094 1302 1134 super
1331 1089 1521 1133 petram,
1561 1078 1677 1119 aliud

241 1172 369 1210 super
397 1154 555 1210 spinas,
586 1153 702 1195 aliud
733 1166 874 1195 autem
905 1172 1034 1210 super
1051 1167 1219 1211 ‘terram
1251 1156 1427 1196 bonam.
1497 1155 1544 1196 Si
1575 1171 1674 1207 ergo

243 1248 304 1282 ea,
337 1248 445 1287 quae
478 1230 708 1273 ceciderint
736 1247 864 1286 super
883 1243 1036 1273 terram
1065 1233 1242 1283 bonam,
1260 1232 1306 1287 ⁴)
1338 1232 1556 1274 attulerint
1585 1234 1676 1274 sru-

244 1321 372 1358 ctum,
404 1309 522 1350 dedit
551 1321 662 1350 terra
694 1310 883 1349 fructum
925 1326 1071 1359 suum,
1116 1321 1155 1350 et
1184 1309 1418 1351 nativitates
1447 1327 1541 1352 suas
1571 1327 1675 1367 pro-

245 1387 361 1428 duxit
392 1386 684 1436 centesimum,
717 1398 756 1427 et
785 1386 1085 1438 sexagesimum
1120 1398 1160 1427 et
1189 1386 1459 1428 tricesimum.

356 1466 396 1509 4.
428 1465 603 1519 „Sed⁵)
635 1476 674 1505 et
703 1464 827 1516 ligna,
857 1463 1008 1520 inquit,
1033 1481 1286 1520 camporum
1307 1465 1471 1505 dabunt
1489 1467 1677 1506 fructum

242 1546 409 1585 suum.“
468 1540 687 1582 Habemus
717 1541 828 1583 intra
859 1553 1028 1583 nosmet
1057 1541 1172 1598 ipsos
1205 1554 1243 1582 et
1261 1542 1374 1594 ligna
1405 1557 1676 1597 camporum,

244 1635 353 1674 quae
383 1620 571 1659 fructum
603 1624 727 1660 suu'm
758 1620 1016 1675 producunt.
1067 1618 1191 1673 Quae
1209 1617 1398 1659 suntista
1418 1617 1528 1670 ligna
1560 1635 1676 1659 cam-

242 1711 415 1750 porum,
448 1712 556 1751 quae
585 1697 773 1737 fructum
804 1714 928 1737 suum
960 1695 1241 1752 producunt?
1301 1695 1425 1750 Quae
1462 1707 1562 1737 sunt
1599 1695 1674 1737 ista

243 1772 356 1825 ligna
399 1773 681 1829 camporum}>
739 1774 866 1815 Dicet
905 1773 1089 1816 fortassis
1139 1774 1330 1815 auditor:
1377 1771 1481 1829 quid
1520 1771 1677 1813 iterum

244 1852 312 1891 hic
344 1851 655 1906 eurisilogusss)
688 1851 801 1903 agit?
864 1851 983 1905 Quid
1015 1852 1304 1906 undecunque
1332 1851 1462 1891 verba
1492 1850 1672 1905 conqui—

244 1928 310 1977 rit,
341 1940 386 1968 ut
418 1929 757 1984 explanationem
805 1927 997 1970 lectionis
1028 1927 1232 1980 effugiat?
1293 1926 1533 1982 Quomodo
1564 1926 1676 1967 intra

245 2022 324 2047 nos
357 2022 442 2047 esse
472 2005 584 2057 ligna
616 2006 802 2056 docebit,
835 2017 875 2046 et
907 2004 1112 2047 arbores?
1175 2004 1221 2046 Si
1259 2021 1349 2045 non
1393 2017 1552 2045 temere
1593 2005 1673 2045 ob—

244 2095 407 2132 trectes,
437 2082 523 2139 jam
556 2099 672 2123 nunc
702 2082 859 2132 audies,
893 2082 991 2138 quia
1022 2081 1204 2138 ‚,non⁷)
1235 2094 1375 2138 potest
1394 2084 1525 2123 arbor
1555 2083 1674 2123 bona

244 2161 381 2203 malos
411 2162 573 2202 fructus
604 2160 756 2209 facere,
790 2176 930 2215 neque
961 2160 1093 2200 arbor
1122 2160 1234 2200 mala
1263 2160 1580 2201 fruetusbonos
1609 2161 1673 2200 fa-

245 2255 351 2279 cere.
413 2238 630 2279 Habemus
671 2253 769 2289 ergo
810 2238 983 2278 arbores
1022 2236 1133 2278 intra
1164 2254 1244 2278 nos
1273 2238 1357 2278 sive
1386 2238 1546 2287 bonas,
1587 2238 1672 2278 sive

243 2317 398 2358 malas:
439 2327 480 2356 et
516 2331 626 2370 quae
661 2315 805 2356 bonae
845 2309 961 2364 sunt,
1012 2316 1172 2356 fructus
1198 2315 1347 2356 ¹malos
1387 2315 1541 2354 afferre
1578 2330 1672 2354 non

242 2406 434 2449 possunt,
463 2393 570 2435 sicut
600 2409 709 2448 quae
736 2393 875 2433 malae
903 2404 1021 2444 sunt,
1062 2395 1225 2435 fructus
1262 2409 1355 2434 non
1385 2393 1564 2434 afferent
1590 2392 1672 2432 bo—

362 2539 405 2595 ι)
437 2540 515 2581 Ed.
545 2539 706 2581 Ruaei:
738 2556 848 2593 ergo,

359 2611 405 2666 2)
436 2611 547 2652 Edd.
579 2609 777 2651 Merlini:
811 2625 920 2665 quae
951 2609 1138 2666 qualisve
1165 2609 1215 2652 sit
1248 2620 1324 2650 etc.

357 2680 405 2733 ³)
434 2681 586 2722 Matth.
617 2681 736 2729 XIII,
767 2685 805 2725 1.
835 2696 948 2735 seqq.

359 2749 404 2806 4)
433 2752 515 2792 Ed.
545 2750 704 2792 Ruaei:
733 2752 916 2793 bonurn.
1035 2750 1081 2805 ⁵)
1111 2749 1240 2790 Levit.
1271 2747 1433 2798 XXVI,
1461 2750 1502 2791 4.

356 2821 401 2875 6)
431 2821 550 2861 Libri
592 2820 692 2862 editi
734 2822 793 2876 (v.
837 2837 869 2862 c.
911 2821 1006 2864 edd.
1047 2819 1156 2876 M.):
1200 2819 1506 2872 „verbilogus.“
1577 2817 1663 2859 Sed

239 2878 338 2921 Mss.
369 2878 685 2929 „eurisilogus.“
715 2880 765 2919 R.

354 2947 399 3004 7)
428 2948 583 2990 matth.
614 2945 705 2998 vn,
735 2916 800 2990 ω’.
