1752 3136
420 127 472 158 IN
501 115 755 156 Lex-mmmm
785 112 988 153 HOMILIA
1021 110 1138 152 XIII.
1416 109 1501 152 405

70 227 158 269 filio
193 239 272 276 est,
312 239 350 268 et
380 226 490 266 filius
520 226 565 266 in
594 238 743 285 patre2
794 235 834 264 et
865 224 936 278 qui
967 223 1080 263 videt
1109 222 1269 271 filium,
1314 220 1426 262 videt
1457 232 1496 262 et

68 317 244 359 patrem,
277 316 316 344 et
346 304 443 358 quia
472 314 603 357 pater,
637 313 676 341 et
705 301 815 341 filius
846 317 981 340 unum
1011 310 1129 340 sunt:
1163 316 1209 340 ex
1228 299 1392 340 duabus
1415 301 1489 339 de-

70 381 185 420 cimis
216 379 375 420 similae
406 380 592 419 mundae
635 377 771 418 obtuli
810 394 943 417 unum
989 392 1167 430 panem:
1227 392 1381 432 panem
1425 391 1495 415 ve-

21 461 26 464 ’
69 474 176 506 rum,
210 457 281 512 qui
313 457 438 496 vitam
470 459 540 496 dat
570 455 669 494 huic
699 447 883 494 mundos
947 453 1164 494 Haeretici
1200 471 1290 495 non
1328 454 1491 495 faciunt

69 535 120 575 de
153 536 316 575 duabus
350 533 520 574 decimis
549 549 680 572 unum
713 547 885 587 panem:
918 541 1072 582 negant
1104 530 1215 570 enim
1251 542 1489 571 creatorem

67 613 224 660 Deum,
253 623 418 667 patrem
452 609 607 650 Christi
639 625 747 658 esse,
787 625 928 663 neque
959 620 1074 648 vetus
1106 620 1145 649 et
1174 624 1336 648 novum
1366 618 1490 647 testa-

65 699 253 728 mentum
297 703 431 728 unum
470 686 632 726 faciunt
671 701 848 740 panem,
894 702 974 725 nec
1018 702 1153 725 unum
1196 683 1390 739 spiritum
1445 682 1489 723 in

64 777 247 819 utroque
276 763 559 805 instrumento
591 764 855 818 profitentur.
923 762 1013 802 Nos
1055 773 1194 802 autem
1236 762 1281 802 in
1321 762 1410 812 lege
1449 772 1490 800 et

63 840 299 892 Evangeliis
327 857 461 880 unum
494 851 620 894 atque
658 841 840 879 eundem
868 838 1013 900 jnesse
1051 850 1241 879 sanctum
1276 836 1486 892 Spiritum

66 916 257 965 dicimus,
288 928 328 957 et
357 917 435 957 isto
468 932 640 970 quoque
670 916 802 955 modo
848 932 892 955 ex
933 916 1096 956 duabus
1142 913 1316 956 decimis
1347 930 1484 954 unum

64 1010 215 1048 panem
248 992 555 1048 propositionis
586 991 819 1033 offerimus.
860 991 948 1045 Qui
970 992 1010 1046 ⁸)
1033 1008 1130 1044 ergo
1149 1001 1346 1047 separant
1366 980 1490 1030 Chri-

62 1082 172 1112 stum
205 1087 228 1110 a
259 1081 447 1110 creatore
477 1070 574 1109 Deo
606 1081 724 1125 patre
753 1085 833 1110 suo
861 1068 1084 1118 haeretici,
1124 1080 1164 1109 et
1194 1067 1372 1117 Judaei‚
1416 1069 1488 1122 qui

63 1147 203 1187 solum
233 1159 395 1201 patrem
426 1145 656 1200 recipiunt,
703 1156 743 1185 et
784 1146 974 1185 Verbum
1014 1156 1054 1185 et
1089 1145 1339 1202 sapientiam
1381 1143 1484 1200 ejus,

64 1223 277 1263 Christum
309 1239 401 1262 non
432 1221 663 1277 recipiunt,
707 1239 797 1262 non
840 1221 1002 1262 faciunt
1041 1239 1085 1263 ex
1119 1223 1283 1263 duabus
1314 1221 1487 1262 decimis

59 1317 191 1341 unum
223 1316 392 1354 panem.
462 1300 552 1340 Nos
595 1310 735 1340 autem
776 1315 1001 1340 mensurae
1041 1299 1214 1355 quidem
1262 1299 1414 1355 ipsius,
1445 1298 1491 1338 id

62 1390 132 1427 est,
162 1376 418 1418 substantiae
448 1391 606 1416 nomen
639 1375 703 1416 vel
733 1375 944 1416 rationem
976 1377 1366 1433 comprehendere,
1412 1387 1484 1415 aut

59 1454 249 1496 invenire
279 1470 368 1493 non
398 1469 643 1508 possumus:
684 1454 932 1493 confitentes
962 1464 1102 1494 tamen
1132 1465 1318 1510 patrem,
1365 1464 1406 1493 et
1435 1452 1487 1491 si-

60 1531 180 1581 lium,
210 1547 345 1570 unum
375 1529 552 1571 facimus
590 1545 745 1583 panem
786 1547 832 1570 ex
873 1532 1038 1579 duabus
1079 1531 1274 1573 decimis:
1313 1547 1402 1571 non
1442 1540 1488 1570 ut

62 1609 183 1664 panis
211 1625 320 1649 unus
351 1624 397 1648 ex
428 1624 536 1647 unus
568 1606 730 1646 decima
762 1606 857 1655 fiat,
887 1619 926 1647 et
957 1608 1061 1649 alius
1093 1624 1140 1648 ex
1171 1609 1276 1658 alia,
1315 1619 1362 1647 ut
1401 1607 1484 1648 sint

62 1686 178 1741 ipsae
209 1686 319 1725 duae
349 1683 538 1725 decimae
568 1694 793 1738 separatae,
824 1686 896 1724 sed
916 1683 998 1724 sint
1020 1686 1128 1725 duae
1156 1685 1260 1726 istae
1291 1684 1482 1725 decimae

62 1779 146 1803 una
177 1778 323 1810 massa,
356 1774 394 1802 et
424 1778 509 1802 una
538 1761 669 1816 panis.
740 1761 980 1814 Quomodo
1022 1762 1132 1802 duae
1172 1761 1361 1803 decimae
1401 1777 1486 1801 una

8 1866 11 1869 -
61 1857 195 1881 massa
226 1839 300 1881 fit?
363 1838 474 1892 Quia
508 1855 597 1879 non
628 1854 778 1893 separo
809 1837 945 1878 filium
976 1855 997 1878 a
1029 1850 1172 1894 patre,
1210 1854 1289 1879 nec
1322 1849 1487 1893 patrem

64 1935 85 1957 a
116 1916 228 1957 filio:
260 1915 420 1971 „qui²)
452 1916 565 1956 enim
595 1914 699 1955 vidit
727 1930 820 1964 me,
861 1913 1022 1968 inquit,
1067 1913 1172 1956 vidit
1212 1925 1252 1955 et
1280 1918 1486 1969 patrem.“

64 1994 194 2033 Fiunt
224 2007 322 2042 ergo
353 2008 482 2047 panes
522 1991 673 2043 singuli
705 2008 751 2031 ex
792 1991 956 2032 duabus
999 1990 1194 2041 decimis,
1237 2002 1278 2031 et
1320 2006 1486 2045 propo-

63 2081 224 2110 nuntur
255 2070 417 2109 duabus
445 2067 740 2123 positionibus,
771 2066 816 2108 id
849 2079 919 2116 est,
952 2069 1121 2110 duobus
1153 2066 1388 2109 ordinibus.
1440 2066 1487 2107 Si

65 2147 180 2188 enim
208 2162 293 2186 una
322 2143 478 2200 positio
509 2145 640 2194 fieret,
671 2146 872 2185 confusus
904 2155 943 2184 et
973 2145 1204 2200 permixtus
1226 2155 1328 2185 esset
1343 2159 1484 2185 sermo

66 2225 120 2264 de
149 2235 268 2278 patre
298 2239 346 2262 ac
385 2221 487 2262 filio.
558 2221 684 2261 Nunc
726 2232 867 2262 autem
905 2238 1014 2262 unus
1056 2223 1227 2278 quidem
1262 2232 1322 2263 est
1350 2220 1486 2276 panis,

65 2316 149 2340 una
186 2297 299 2338 enim
333 2299 527 2338 voluntas
562 2308 632 2346 est,
664 2308 703 2337 et
734 2314 818 2337 una
847 2298 1095 2340 substantia:
1136 2301 1210 2341 sed
1253 2301 1362 2340 duae
1391 2308 1488 2338 sunt

65 2375 318 2432 positiones,
357 2373 402 2415 id
434 2386 504 2422 est,
536 2375 643 2414 duae
680 2390 962 2429 personarum
1001 2376 1293 2431 proprietates.
1361 2376 1488 2415 Illum

67 2452 179 2493 enim
210 2464 388 2507 patrem,
421 2452 493 2506 qui
524 2467 613 2491 non
644 2450 695 2491 sit
726 2451 856 2501 filius,
900 2463 938 2492 ct
972 2453 1085 2493 hunc
1124 2454 1260 2496 filium
1292 2451 1486 2501 dicimus,

70 2529 142 2584 qui
170 2545 260 2569 non
289 2529 338 2570 sit
366 2539 499 2593 pxater⁴
571 2528 626 2568 Et
666 2529 749 2568 hoc
787 2530 919 2569 modo
965 2531 1067 2570 duas
1108 2529 1292 2571 decimas
1324 2529 1367 2569 in
1397 2544 1486 2568 uno

68 2622 179 2661 panc
207 2622 442 2656 servamus,
484 2617 523 2646 et
555 2607 658 2646 duas
698 2605 928 2660 positiones
959 2618 1055 2648 ante
1085 2607 1327 2650 Dominum
1354 2604 1488 2663 profi-

189 2779 233 2834 1)
266 2779 375 2821 cod.
407 2780 682 2832 sangerman.
715 2780 857 2836 „Quia
891 2786 1015 2835 ergo“
1047 2792 1121 2824 etc.
1153 2782 1203 2824 R.

189 2850 234 2904 ²)
264 2849 339 2895 Ev.
370 2850 527 2893 Joann.
558 2851 674 2901 xlv,
711 2851 751 2892 9.
