1752 3136
479 122 526 152 m
554 109 754 151 Exonum
782 107 982 150 HommA
1010 106 1102 148 VII.
1435 109 1489 153 87

83 238 181 275 ergo
214 232 501 277 competenter
530 232 569 261 et
586 235 730 261 carnes
753 220 807 260 ad
837 234 1050 274 vesperam
1074 217 1324 274 accepimus,
1353 230 1396 260 et
1411 237 1488 275 pa-

81 300 206 340 nibus
234 299 450 354 replemur
480 312 617 346 mane,
647 296 745 351 ‘quia
772 311 852 336 nec
865 296 1066 350 possibile
1097 306 1184 336 erat
1210 296 1335 338 nobis
1364 312 1491 337 mane

83 392 229 417 carnes
259 376 394 424 edere,
422 374 618 415 nondum
650 372 762 413 enim
792 384 958 428 tempus
990 385 1108 424 erat,·
1136 373 1210 415 scd
1245 389 1322 413 nec
1362 373 1488 414 meri-

82 451 151 493 die
178 463 431 507 poteramus.
517 450 598 491 Vix
628 443 755 491 enim
792 449 928 502 angeli
968 452 1100 492 edunt
1128 466 1272 491 carnes
1300 448 1491 499 meridie,

83 541 124 569 et
159 527 223 570 illi
262 527 446 569 fortassis
495 528 634 569 ordini
680 526 963 568 meridianum
1013 527 1262 568 conceditur
1310 538 1488 583 tempus.

80 605 302 645 Praeterea
342 615 382 644 et
419 602 527 645 illud
564 605 796 655 intelligere
826 620 1069 659 possumus,
1114 605 1234 658 quod
1262 603 1492 660 unicuique

81 693 275 723 nostrum
304 667 430 721 mane
461 692 531 730 est,
564 692 605 722 et
630 679 796 721 initium
829 680 911 722 diei
939 681 1047 721 illud
1076 692 1253 736 tempus,
1285 697 1370 737 quo
1401 681 1489 736 pri·

79 775 198 799 mum
226 757 531 809 illuminamur,
560 769 600 798 et
627 759 681 799 ad
709 758 847 798 lucem
878 757 979 797 fidei
1008 758 1259 799 accedimus.
1327 758 1376 798 In
1406 758 1491 800 hoe

84 851 181 888 ergo
222 847 437 891 ternpore,
482 851 566 890 quo
607 835 746 875 adhuc
789 834 834 875 in
876 832 1094 890 principiis
1131 834 1291 890 fidei¹)
1333 853 1492 885 sumus,

82 928 227 954 carnes
256 913 374 954 verbi
402 899 498 952 Dei*
517 912 742 952 comedere
770 928 860 952 non
889 927 1135 966 possumus,
1168 912 1213 953 id
1244 923 1324 961 est,
1351 914 1492 968 perfe-

81 1001 171 1030 ctae
202 1000 241 1030 et
272 991 586 1030 consummatae
615 988 835 1029 doctrinae
862 990 1058 1029 nondum
1077 1004 1252 1045 capaces
1271 987 1492 1031 existimus.

82 1067 171 1109 Sed
199 1078 294 1123 post
323 1066 450 1117 longa
479 1064 682 1115 exercitia,
712 1076 812 1120 post
847 1066 1088 1119 profectum
1117 1064 1364 1120 plurimum,
1395 1083 1492 1107 cum

80 1142 166 1200 jam
196 1142 379 1207 proximi
407 1159 550 1184 sumus
580 1144 635 1183 ad
657 1158 884 1197 vesperam,
916 1153 955 1182 et
985 1142 1038 1181 ad
1067 1140 1206 1196 ipsum
1236 1143 1364 1183 finem
1394 1159 1491 1197 per-

80 1219 274 1262 fectionis
302 1235 515 1271 urgemur,
544 1230 646 1260 tunc
678 1220 853 1260 demum
884 1217 1095 1261 solidioris
1127 1218 1222 1268 cibi,
1252 1230 1291 1260 et
1318 1219 1496 1275 perfecti

81 1297 198 1339 verbi
228 1313 402 1353 capaces
435 1297 528 1338 fieri
558 1313 793 1352 possumus.
841 1297 966 1336 Nunc
995 1311 1094 1347 ergo
1123 1295 1366 1337 festinemus
1398 1312 1495 1337 coe-

80 1375 183 1416 leste
211 1390 369 1415 manna
398 1373 627 1430 suscipere:
660 1373 772 1415 istud
799 1373 912 1414 enim
941 1389 1110 1422 manna,
1128 1384 1258 1427 prout
1277 1374 1364 1414 vult
1383 1373 1496 1428 quis-

84 1468 190 1506 que,
229 1452 357 1491 talem
397 1466 595 1506 saporem
635 1449 775 1491 reddit
811 1450 856 1491 in
893 1466 968 1491 ore
999 1447 1097 1506 ejus.
1166 1450 1281 1493 Audi
1308 1449 1422 1491 enim
1457 1461 1496 1503 e't

83 1528 325 1568 Dominum
356 1527 565 1568 dicentem
596 1525 666 1574 iis,
708 1526 778 1581 qui
809 1527 1015 1566 accedunt
1045 1527 1099 1566 ad
1128 1541 1193 1566 se:
1230 1526 1388 1581 „fiat²)
1418 1525 1495 1567 tibi

81 1605 318 1646 secundum
347 1603 476 1644 fidem
505 1608 662 1644 tuam.“
709 1603 765 1644 Et
784 1615 829 1643 tu
854 1618 952 1654 ergo
984 1602 1017 1643 si
1046 1602 1223 1646 verbum
1254 1601 1348 1652 Dei,
1380 1603 1497 1658 quo'd

83 1681 128 1722 in
159 1681 332 1723 ecclesia
362 1680 644 1735 praedicatur,
674 1692 759 1720 tota
789 1680 887 1728 fide,
915 1691 1005 1720 tota
1031 1678 1257 1720 devotione
1285 1678 1496 1734 suscipies,

82 1758 157 1799 fiet
185 1757 262 1800 tibi
291 1757 432 1813 ipsum
461 1759 652 1805 verbum,
682 1756 969 1812 quodcunque
988 1755 1208 1797 desideras.
1256 1754 1386 1797 Verbi
1406 1772 1499 1808 gra-

83 1836 152 1885 tia,
184 1820 483 1884 siuibularis,
524 1833 770 1875 consolatur
797 1845 839 1874 te
869 1832 1032 1875 dicens:
1075 1830 1243 1887 ποθι-3)
1270 1831 1497 1873 contritum

85 1924 126 1954 et
154 1911 421 1953 humiliatum
452 1911 570 1952 Deus
610 1927 700 1951 non
728 1911 928 1965 spernit.“
1014 1909 1060 1951 Si
1100 1909 1266 1950 laetaris
1306 1926 1386 1964 pro
1424 1926 1499 1965 spe

84 1991 241 2039 futura,
273 1991 461 2031 cumulat
488 1987 566 2028 tibi
596 1986 746 2039 gaudia
778 1987 943 2028 dicens:
980 1985 1222 2037 „laetamini
1237 1985 1281 2040 ⁴²)
1319 1986 1362 2026 in
1404 1986 1499 2028 Do-

84 2066 203 2107 mino
236 2078 276 2107 et
306 2067 502 2107 exsultate
532 2063 668 2120 justi.“
726 2064 772 2106 Si
799 2064 1026 2105 iracundus
1058 2079 1098 2104 es
1161 2062 1323 2115 mitigat
1362 2074 1403 2104 te
1434 2063 1498 2104 di-

87 2160 202 2185 cens:
229 2142 401 2193 „desi'ne
419 2143 462 2197 ⁵)
487 2145 539 2183 ab
563 2141 638 2191 ira,
659 2153 698 2183 et
717 2141 960 2196 derelinque
977 2139 1349 2193 indignationem.“
1389 2140 1435 2181 Si
1454 2140 1498 2180 in

87 2219 322 2269 doloribus,
352 2205 470 2260 sanat
499 2230 539 2260 te
569 2218 734 2260 dicens:
765 2217 1006 2267 „Dominus
1021 2216 1066 2273 ⁶)
1095 2228 1212 2259 sanat
1231 2232 1378 2257 omnes
1406 2217 1498 2258 lan-

86 2314 239 2352 guores
277 2300 415 2338 tuos.“
485 2295 532 2338 Si
572 2306 822 2351 paupertate
860 2294 1141 2344 consumeris,
1187 2294 1432 2336 consolatur
1461 2304 1502 2335 te

178 2450 247 2504 γ’)
278 2449 372 2490 Vox
405 2448 555 2498 ‚,fidei⁴‘
589 2448 703 2489 deest
731 2447 775 2488 in
806 2458 926 2488 antea
958 2445 1078 2487 editis
1119 2449 1179 2502 (v.
1211 2461 1244 2487 c.
1276 2446 1373 2487 edd.
1402 2444 1503 2501 M.),

84 2507 160 2549 sed
189 2507 370 2547 habetur
397 2505 442 2546 in
475 2505 576 2546 Mss.
609 2503 664 2546 R.

203 2575 249 2631 2)
279 2575 430 2616 Matth.
461 2574 574 2624 vm,
607 2574 673 2616 13.
791 2573 840 2627 3)
869 2573 1022 2614 psalm.
1054 2571 1123 2623 LI,
1153 2572 1218 2616 17.
1249 2570 1343 2628 (L.)

203 2645 249 2700 4)
277 2646 434 2686 Psa1m.
465 2644 649 2692 ΧΧΧΠ,
679 2643 745 2685 11.
775 2642 996 2698 (XXXI.)

204 2715 248 2770 5)
282 2715 436 2756 Psalm.
466 2713 690 2763 xxxvn,
720 2713 758 2756 8.
790 2712 1042 2769 (XXXVI.)

205 2784 250 2838 ὃ)
282 2784 369 2826 cfr.
411 2784 564 2826 Psalm.
608 2783 730 2833 (2111,
772 2784 809 2826 3.
850 2781 991 2838 (CII.)
1034 2779 1504 2825 0011.Lxx.v12-0mm

89 2841 290 2884 versione.
