1752 3136
458 138 505 169 m
535 125 734 168 Exomm
764 97 966 167 Romus
987 125 1099 167 VIII.
1431 127 1485 171 97

64 239 215 295 pheta,
245 253 354 294 quos
407 237 519 279 videt
548 235 845 293 hujuscemodi
874 235 1158 278 inconstantia
1187 235 1414 287 fluctuare,
1446 249 1486 279 et

27 309 36 311 ‚
63 315 187 356 dicit:
217 313 390 369 „vae‚¹)
420 315 612 370 duplices
643 314 775 355 corde
806 325 846 355 et
872 313 1056 356 animo.“
1103 313 1161 355 Et
1183 312 1358 354 iterum:
1386 331 1483 363 „us-

63 391 208 447 que2)
240 407 328 446 quo
357 390 602 432 claudicatis
632 389 821 446 utrisque
851 390 1030 442 genibus
1068 389 1210 431 vestris
1223 389 1267 432 ?“
1326 390 1412 432 Sed
1444 402 1485 432 et

63 467 299 522 Apostolus
329 466 517 508 Jacobus
551 467 673 508 dicit:
705 465 852 520 ‚,vir³)
886 468 1042 523 duplex
1067 467 1210 509 animo
1241 466 1485 509 inconstans

64 555 123 585 est
151 543 196 583 in
227 542 426 584 omnibus
457 543 532 585 viis
573 544 670 585 suis.
689 542 735 598 4)
810 543 967 584 Sumus
1000 559 1097 596 ergo
1129 560 1234 593 nos,
1281 543 1353 599 qui
1390 561 1484 586 non

63 619 236 673 integra,
269 636 347 661 nec
376 622 565 675 perfecta
596 621 682 662 fide
711 620 929 675 sequimur
949 620 1092 661 Deum
1122 632 1329 670 nostrum,
1360 632 1400 662 et
1430 622 1484 661 ab

62 697 207 738 alienis
236 695 481 738 recessimus
513 697 611 747 diis,
655 698 768 738 velut
802 695 846 737 in
888 695 1032 738 medio
1074 699 1262 752 quodam
1295 697 1485 739 confinio

63 772 211 829 positi:
244 785 286 814 et
315 774 368 813 ab
401 773 547 815 alienis
579 773 696 829 quasi
729 773 898 826 fugaces
929 774 1168 824 caedimur,
1213 784 1254 815 et
1284 790 1307 814 a
1336 786 1486 817 nostro

62 849 257 891 Domino
297 861 502 906 tanquam
544 849 758 892 instabiles
812 861 853 890 et
892 849 1014 891 dubii
1063 866 1156 891 non
1204 849 1488 893 defendimur.

63 927 133 967 An
164 943 255 967 non
286 926 370 968 hoc
403 938 483 976 est,
528 929 648 983 quod
689 939 729 968 et
758 927 995 983 prophetae
1034 926 1310 982 spiritualiter
1338 927 1487 980 imagi-

62 1014 220 1045 nantur
250 1003 302 1044 de
342 1003 605 1045 amatoribus
645 1002 937 1053 Hierusalem,
984 1020 1081 1044 cum
1122 1002 1369 1059 dicunt,⁵),
1390 1005 1489 1060 quia

64 1091 274 1121 amatores
302 1079 366 1120 tui
392 1078 472 1135 ipsi
501 1079 661 1120 inimici
692 1079 790 1120 facti
819 1091 918 1121 sunt
946 1078 1055 1121 tibi?
1087 1080 1148 1120 Ita
1170 1095 1270 1132 ergo
1301 1079 1490 1133 intellige

66 1168 105 1197 et
133 1155 298 1198 animae
328 1167 426 1198 tuae
455 1157 617 1197 multos
646 1156 1037 1221 fuissefamatores,
1069 1156 1141 1212 qui
1172 1156 1365 1198 delectati
1392 1170 1491 1199 sunt

65 1234 222 1276 decore
254 1231 354 1289 ejus,
385 1250 481 1274 cum
514 1233 669 1289 quibus
698 1235 965 1274 meretricata
1010 1244 1082 1275 est.
1156 1232 1226 1285 De
1264 1233 1420 1290 quibus
1451 1245 1492 1276 et

69 1310 255 1352 dicebat:
285 1309 470 1366 „post⁶)
512 1320 721 1351 amatores
759 1326 879 1352 meos
918 1311 1017 1360 ibo,
1060 1310 1132 1366 qui
1163 1312 1267 1352 dant
1293 1310 1399 1352 mihi
1430 1311 1492 1353 vi-

67 1403 172 1428 num
201 1403 361 1437 meum,
392 1398 432 1428 et
462 1385 605 1426 oleum
636 1391 822 1435 meum,“
855 1397 896 1428 et
926 1391 1076 1428 cetera.
1145 1388 1231 1430 Sed
1262 1387 1375 1430 venit
1403 1386 1491 1445 jam

67 1462 175 1505 illud
216 1476 408 1520 tempus,
457 1474 504 1503 ut
542 1462 725 1504 diceret:
764 1462 1034 1518 „revertar⁷)
1074 1466 1128 1505 ad
1169 1465 1305 1505 virum
1347 1481 1494 1507 meum

66 1543 272 1597 priorem,
303 1540 399 1596 quia
431 1538 581 1581 melius
611 1538 718 1580 mihi
749 1550 839 1580 erat
868 1550 983 1590 tunc,
1016 1556 1144 1596 quam
1175 1543 1351 1582 mod0.“
1406 1541 1493 1582 Re-

70 1632 206 1668 gressa
247 1633 288 1658 es
330 1632 429 1668 ergo
469 1617 525 1656 ad
567 1614 705 1656 virum
744 1627 866 1657 tuum
895 1616 1109 1672 priorem,
1158 1616 1377 1660 offendisti
1406 1618 1497 1659 sine

71 1695 203 1736 dubio
236 1706 444 1735 amatores
474 1704 594 1742 tuos,
637 1709 735 1733 cum
767 1692 920 1748 quibus
951 1693 1159 1736 adulteria
1191 1695 1496 1738 committebas.

3 1811 8 1813 Δ
70 1771 177 1813 Nisi*
191 1787 289 1824 ergo
319 1785 435 1810 nunc
464 1779 555 1809 tota
585 1768 670 1809 fide
699 1784 950 1823 permaneas
970 1786 1067 1811 cum
1092 1771 1183 1812 viro
1212 1782 1302 1822 tuo,
1333 1782 1372 1812 et
1402 1783 1496 1813 toto

72 1847 110 1890 ei
141 1864 215 1890 ore
247 1845 486 1900 glutineris,
534 1861 581 1886 ex
610 1845 754 1886 multis
792 1847 1047 1898 sceleribus,
1097 1864 1207 1904 quae
1237 1848 1500 1899 commisisti,

71 1935 263 1980 suspecta
299 1940 340 1966 es
371 1922 421 1975 ei,
454 1921 592 1963 omnis
623 1934 765 1963 motus
793 1934 914 1973 tuus,
953 1934 993 1964 et
1030 1935 1222 1979 aspectus
1250 1936 1369 1975 tuus,
1410 1925 1500 1980 ipse

74 1991 445 2049 etiam-,incessuffi
483 1999 517 2040 si
556 1998 686 2040 fuerit
723 2000 1025 2052 negligentior,
1066 2000 1315 2057 dispficebit.
1381 2001 1503 2042 Nihil

73 2077 184 2118 ultra
214 2077 259 2118 in
289 2087 329 2117 te
355 2075 558 2117 lascivum
589 2076 747 2126 videre,
778 2075 887 2117 nihil
919 2076 1171 2119 dissolutum
1202 2090 1242 2120 et
1270 2079 1503 2134 prodigum

72 2165 227 2210 potest.
286 2155 342 2194 At
370 2152 446 2193 ubi
477 2169 631 2208 parum
662 2154 836 2209 quidem
871 2169 892 2194 a
923 2153 1016 2195 viro
1048 2166 1123 2196 tuo
1150 2154 1366 2196 diverteris
1397 2171 1502 2196 ocu-

47 2231 154 2279 ‘los,
183 2228 322 2271 statim
356 2244 525 2271 necesse
557 2242 617 2271 est
646 2230 903 2271 memoriam
932 2230 1024 2272 sieri
1054 2231 1265 2286 priorum.
1316 2231 1375 2272 Ut
1404 2247 1503 2285 ergo

75 2307 222 2363 priora
254 2307 416 2356 deleas,
458 2317 498 2346 et
539 2307 644 2348 fides
676 2305 752 2348 tibi
784 2306 916 2364 possit
946 2307 1095 2349 haberi
1125 2308 1170 2350 in
1199 2307 1383 2365 reliquis,
1414 2324 1504 2350 non

197 2501 242 2556 ¹)
274 2501 370 2557 Sap.
409 2501 541 2544 Sirac.
572 2502 624 2552 ll,
656 2502 723 2550 14,
756 2501 1083 2559 (Ecclesiastic.)

195 2572 244 2628 ²)
276 2572 295 2612 I
325 2572 454 2625 Regg.
482 2572 643 2623 XVIII,
673 2573 740 2617 21.
771 2572 856 2629 (ΙΙΙ
886 2573 1039 2628 Regg.)

197 2642 244 2697 ³)
276 2641 430 2683 Jacob.
460 2641 493 2691 l,
523 2641 564 2684 8.

199 2709 245 2767 ⁴)
275 2712 408 2752 Deest
440 2711 577 2761 „suis“
606 2709 650 2752 in
683 2712 747 2753 ed.
780 2711 929 2754 Ruaei.

200 2780 246 2838 ⁵)
279 2780 368 2838 Cfrt
400 2779 575 2840 Τὶποῐι.ς
590 2781 623 2831 I,
652 2784 692 2825 2.
813 2781 859 2838 ⁶)
893 2781 982 2826 Csr.
1014 2784 1121 2829 Hos.
1151 2782 1204 2836 II,
1261 2815 1272 2825 .

199 2850 247 2905 ⁷)
279 2851 384 2893 Hos.
414 2851 470 2901 ΙΙ,
503 2852 540 2894 ’ἷ-
1133 2898 1158 2916 ,.

71 2923 314 2986 'Omessms
350 2926 523 2970 OPERA.
558 2927 678 2971 Tom.
711 2929 787 2972 lX.
1142 2916 1154 2943 ‘

706 3089 722 3103 0
