1752 3136
491 129 536 160 m
566 115 822 159 Lsswrmum
851 115 1051 158 HommA
1080 116 1149 157 VI.
1452 118 1536 161 281

120 249 250 290 opera
280 231 430 274 haberi
459 230 640 277 debent,
680 239 718 268 et
755 237 904 282 postea
947 228 1189 281 quaerenda
1230 228 1431 283 sapientia
1465 243 1536 271 est.

120 309 233 350 Tum
267 309 420 350 deinde
449 322 537 347 non
570 315 667 345 ante
696 302 993 352 manifestatio,
1026 319 1153 358 quam
1185 305 1408 353 rationale,
1440 307 1537 360 quia

119 402 210 426 non
240 397 337 426 ante
366 383 470 424 alios
501 382 670 429 docere,
700 395 829 435 quam
858 396 937 421 nos
975 380 1165 422 instructi
1198 394 1237 423 et
1266 382 1538 424 rationabiles

122 479 208 505 esse
239 453 450 504 debemus.
518 457 658 512 Super
694 456 799 498 haec
839 467 980 497 autem
1020 458 1192 499 additur
1228 458 1399 508 veritas,
1441 458 1540 514 quia

119 539 266 581 veritas
296 547 355 578 est
383 549 549 576 summa
566 531 786 588 sapientia.
835 533 1035 590 Denique
1067 546 1107 575 et
1127 535 1168 589 Ι)
1190 536 1402 591 propheta
1425 537 1540 577 hunc

119 615 302 657 eundem
332 612 529 654 ordinem
558 621 706 660 servat,
737 626 834 651 cum
864 610 986 651 dicit:
1019 612 1248 660 „seminate
1264 612 1310 666 ²)
1338 612 1457 654 vobis
1484 614 1541 654 ad

115 688 330 748 justitiam,
358 699 399 730 et
427 688 572 729 metite
600 689 785 729 fructum
814 685 945 737 vitae,
983 688 1219 730 illuminate
1246 689 1367 731 vobis
1396 691 1542 731 lumen

117 765 354 809 scienti-‘nef‘
400 766 542 815 Vides,
572 766 799 821 quomodo
833 780 924 806 non
956 764 1056 807 dicit
1084 767 1248 822 primo:
1280 768 1544 818 „illuminate

117 843 238 885 vobis
267 845 424 896 {lumen
461 842 708 885 scientiae:“
743 842 818 882 sed
855 841 1019 898 primo:
1057 845 1287 894 „seminate
1323 846 1442 888 vobis
1489 847 1543 888 ad

114 919 363 979 justitiam:“
403 931 442 961 et
471 936 562 961 non
592 918 748 960 sufficit
775 919 1005 970 seminare,
1049 921 1123 962 sed
1161 921 1353 972 „metite,
1391 923 1544 979 inquit,

115 999 304 1040 fructum
334 997 482 1048 vitae,“
512 1007 560 1037 ut
589 1006 687 1052 post
715 995 820 1036 haec
848 995 1015 1050 possitis
1041 997 1220 1053 implere
1250 1001 1368 1055 quod
1400 1001 1543 1057 sequi-

119 1087 210 1117 tur:
242 1074 504 1125 „illuminate
533 1072 653 1114 vobis
684 1074 830 1113 lumen
866 1072 1104 1115 scientiae.“
1173 1076 1245 1117 Sic
1287 1093 1384 1131 ergo
1417 1081 1543 1120 etiam

120 1152 190 1194 hic
218 1151 457 1208 imponitur
486 1149 716 1191 humeralis
747 1160 942 1200 ornatus,
983 1163 1021 1192 et
1058 1168 1148 1193 non
1177 1153 1335 1195 sufficit
1361 1157 1477 1198 solus
1497 1157 1544 1212 ³)

120 1239 306 1279 ornatus,
335 1229 409 1270 sed
439 1239 479 1268 et
509 1243 617 1268 zona
650 1226 960 1277 constringitur.
1020 1228 1106 1270 Sed
1151 1246 1206 1271 ne
1245 1230 1328 1272 hoc
1369 1232 1543 1287 quidem

120 1305 215 1348 satis
246 1317 322 1356 est,
352 1305 542 1347 secundo
575 1304 715 1346 adhuc
746 1303 940 1357 cingitur,
971 1316 1017 1345 ut
1043 1305 1101 1346 ita
1133 1307 1307 1348 demum
1338 1311 1545 1353 rationale

117 1382 252 1439 possit
280 1381 470 1439 imponi,
510 1392 551 1422 et
580 1393 677 1437 post
705 1381 809 1422 haec
839 1382 1122 1424 manifestatio
1162 1386 1463 1442 subsequatur,
1505 1401 1545 1430 et

96 1455 282 1502 'veritas.
340 1460 417 1502 His
446 1458 707 1500 indumentis
738 1457 928 1514 pontifex
959 1471 1112 1503 utatur.
1159 1461 1255 1502 Tali
1287 1476 1439 1506 ornatu
1472 1467 1545 1508 de-

120 1537 194 1577 bet
223 1535 359 1585 indui,
388 1534 461 1591 qui
490 1534 777 1577 sacerdotium
806 1533 922 1588 gerit.

237 1615 277 1656 5.
312 1612 400 1653 Sed
430 1613 628 1654 nondum
659 1610 806 1662 finivit,
837 1622 878 1652 et
893 1609 937 1667 4)
975 1612 1079 1655 alius
1110 1615 1248 1657 adhuc
1273 1626 1444 1660 ornatus
1467 1621 1542 1662 ad-

124 1689 288 1732 dendus
319 1701 398 1730 est:
429 1705 598 1731 necesse
628 1699 700 1739 est,
729 1700 776 1730 ut
805 1689 984 1745 accipiat
1015 1691 1140 1732 etiam
1174 1708 1393 1737 coronam.
1434 1696 1544 1738 Pro·

122 1778 269 1823 pterea
300 1766 454 1822 accipit
480 1765 622 1822 primo
656 1765 857 1817 cidarim,
897 1767 1015 1821 quod
1046 1780 1108 1809 cst
1136 1771 1199 1811 vel
1231 1772 1545 1828 operimentum

125 1844 347 1900 quoddam
379 1842 539 1900 capitis,
567 1843 632 1883 vel
664 1855 976 1886 ornamentum.
1045 1844 1100 1886 Et
1138 1860 1236 1902 post
1263 1849 1368 1892 haec
1396 1868 1544 1909 super-

122 1920 364 1977 imponitur
393 1920 430 1962 ei
463 1919 600 1962 mitra.
661 1922 772 1962 Ante
800 1921 968 1973 faciem,
998 1923 1040 1964 id
1072 1934 1145 1973 est,
1176 1941 1196 1966 a
1228 1927 1370 1969 fronte
1397 1931 1544 1985 ponti-

125 1998 229 2047 ficis,
258 1997 416 2038 lamina
447 2013 574 2039 aurea
611 1998 891 2048 sanctificata,
935 1998 980 2039 in
1021 2017 1102 2056 qua
1140 2004 1353 2060 sculptum
1393 2006 1547 2049 dicitur

123 2075 380 2116 vocabulum
409 2074 507 2116 Dei.
565 2073 726 2116 Verum
758 2075 834 2117 iste
865 2076 1008 2132 capitis
1039 2091 1231 2130 ornatus,
1277 2081 1351 2123 ubi
1381 2101 1546 2127 nomen

126 2150 212 2193 Dei
242 2150 490 2207 impositum
521 2150 694 2203 dicitur,
723 2165 822 2209 post
851 2153 922 2194 illa
956 2156 1121 2205 omnia,
1162 2158 1314 2212 quibus
1343 2160 1545 2204 inferiora

127 2227 320 2283 corporis
349 2229 540 2269 membra
569 2230 737 2271 fuerant
768 2242 981 2280 exornata,
1009 2236 1323 2289 superponitur.
1370 2240 1421 2279 In
1457 2257 1543 2296 quo

128 2304 235 2346 mihi
263 2305 441 2346 indicari
471 2305 649 2356 videtur,
679 2309 800 2362 quod
830 2326 958 2364 super
979 2311 1134 2360 omni-a,
1167 2329 1274 2368 quae
1294 2317 1347 2355 de
1368 2320 1547 2369 mundo,

125 2384 193 2423 vel
223 2383 276 2423 de
307 2382 452 2425 ceteris
484 2384 683 2425 creaturis
711 2385 876 2436 sentiri,
917 2399 989 2427 aut
1017 2387 1192 2442 intelligi
1221 2405 1413 2446 possunt,
1444 2396 1550 2436 emi-

127 2460 297 2501 nentior
334 2471 536 2516 tanquam
578 2459 760 2503 auctoris
799 2463 992 2505 omnium
1030 2465 1202 2509 scientia
1239 2469 1322 2511 Dei
1363 2471 1424 2515 sit.
1492 2474 1548 2517 Et

247 2662 292 2718 1)
322 2663 455 2705 Deest
484 2637 574 2713 „et“
603 2664 647 2704 in
679 2666 773 2706 edd.
807 2666 869 2707 M.
989 2668 1034 2723 ²)
1065 2667 1167 2725 Hos.
1199 2674 1254 2725 X,
1286 2677 1349 2719 12.

245 2733 292 2788 ³)
321 2733 371 2774 In
401 2733 498 2777 Mss.
532 2737 684 2777 desunt
712 2738 859 2779 verba:
891 2740 1028 2788 „solus
1061 2752 1273 2786 ornatus.“
1302 2747 1350 2787 R.

248 2800 294 2858 ⁴)
326 2802 422 2844 Mss.
455 2804 634 2847 habent:
665 2818 732 2858 „et
762 2806 866 2849 alius
899 2810 1037 2852 adhuc
1079 2823 1291 2857 ornatus.“
1353 2819 1399 2861 In
1431 2821 1549 2867 libris

134 2858 254 2902 editis
284 2858 342 2914 (ν.
377 2876 408 2901 c.
443 2862 536 2904 edd.
567 2863 652 2919 M.)
684 2865 797 2908 deest
827 2865 994 2915 „alius.“
1024 2868 1073 2909 R.
