1752 3136
473 170 521 199 m
550 158 808 199 Lssvrncnm
836 156 1037 224 Homul}
1057 156 1174 197 XVI.
1456 158 1541 200 435

112 288 205 315 nos.
262 270 336 311 Vis
366 270 442 311 tibi
474 282 515 311 et
545 274 750 312 arborum
780 269 994 325 ipsarum,
1043 285 1152 324 quae
1190 269 1299 311 intra
1333 287 1412 311 nos
1442 282 1540 312 sunt

111 348 332 396 vocabula,
362 358 404 387 et
435 347 742 404 appellationes
773 344 1026 401 expediam?
1082 347 1183 387 Non
1216 358 1276 388 est
1302 347 1431 409 licus,
1460 364 1537 388 ne-

110 441 194 479 que
223 425 382 475 malus,
402 424 446 478 ¹)
493 441 571 464 nec
600 423 715 472 vitis,
753 424 827 464 sed
867 440 954 464 una
1001 424 1132 464 arbor
1159 422 1315 480 justitia
1346 435 1534 472 vocatur,

109 501 189 542 alia
221 500 458 557 prudentia,
490 500 574 542 alia
598 499 824 549 fortitudo,
856 499 934 540 alia
967 499 1248 556 temperantia
1273 500 1534 542 nominatur.

106 578 164 619 Et
191 580 223 620 si
254 578 342 627 viss
370 576 577 634 majorem
620 577 759 618 adhuc
801 578 1006 618 arborum
1048 577 1364 619 multitudinem
1407 578 1532 627 disce,

107 655 260 711 quibus
289 655 475 696 fortassis
517 654 681 706 dignius
723 654 945 710 putabitur
988 654 1173 697 consitus
1205 653 1330 695 etiam
1361 656 1533 711 paradi-

106 750 174 774 sus
203 731 300 772 Dei.
367 731 443 772 Est
473 731 586 772 enim
627 730 689 771 ibi
730 732 860 772 arbor
889 731 1083 789 pietatisQ
1121 743 1179 773 cst
1217 743 1256 772 et
1287 732 1368 774 alia
1400 734 1531 774 arbor

102 809 345 865 sapientiae,
376 821 434 850 est
465 820 504 849 et
533 808 612 849 alia
645 808 904 863 disciptinae,
938 820 996 849 est
1026 820 1065 849 et
1095 809 1175 850 alia
1200 809 1398 850 scientiae
1422 810 1529 851 boni

104 899 144 929 et
173 887 288 928 mali.
357 886 497 941 Super
538 884 681 926 omnia
718 901 820 925 vero
867 897 924 926 est
964 886 1095 926 arbor
1132 887 1251 927 vitae.
1318 886 1420 927 Non
1449 886 1529 928 tibi

104 949 294 1020 magist)
325 963 506 1012 videtur,
537 963 655 1018 quod
686 974 806 1017 pater
838 962 1028 1003 coelestis
1061 964 1247 1015 agricola
1277 962 1528 1020 hujusmodi

103 1043 277 1083 arbores
307 1041 353 1083 in
382 1041 521 1082 anima
551 1051 621 1079 tua
656 1040 842 1093 excolat,
887 1051 927 1080 et
963 1039 1214 1096 hujusmodi
1241 1041 1450 1096 plantaria
1481 1041 1527 1083 in

100 1131 172 1159 tua
204 1131 346 1159 mente
384 1115 638 1159 constituat?
701 1114 772 1156 Sic
812 1133 911 1169 ergo
953 1117 1052 1158 dicit
1090 1118 1306 1159 Salvator:
1344 1119 1523 1173 „non³)

99 1207 239 1252 potest
270 1197 401 1237 arbor
429 1195 538 1234 mala
572 1194 712 1233 bonos
743 1193 1090 1251 fructus'facerm
1121 1210 1260 1249 neque
1285 1196 1401 1236 bona
1433 1198 1522 1236 fru-

100 1284 188 1314 ctus
226 1273 362 1312 malos
399 1272 592 1312 facere.“
648 1271 746 1311 Hoc
787 1281 869 1319 est,
921 1273 1040 1325 quod
1084 1272 1232 1312 docet:
1271 1273 1402 1313 arbor
1440 1290 1521 1328 pu·

99 1348 262 1390 dicitiae
292 1350 408 1389 bona
441 1360 520 1396 est,
557 1364 648 1387 non
678 1357 820 1403 potest
850 1349 1002 1387 afferre
1032 1350 1191 1390 fructus
1220 1350 1523 1404 impudicitiae.

100 1428 245 1467 Arbor
274 1425 453 1482 justitiae
482 1426 598 1465 bona
632 1436 704 1473 est,
735 1435 773 1463 et
803 1425 956 1464 afferre
985 1426 1144 1466 fructus
1174 1424 1401 1481 injustitiae
1431 1445 1522 1468 non

98 1516 248 1561 potest.
309 1503 380 1544 Sic
411 1514 450 1543 et
481 1519 503 1542 e
533 1500 747 1542 contrario
779 1499 811 1541 si
843 1501 998 1543 habeas
1036 1503 1174 1543 malae
1213 1503 1377 1544 arboris
1409 1506 1520 1545 radi-

99 1600 190 1623 cem
222 1582 265 1622 in
295 1592 367 1621 tua
397 1591 539 1620 mente
566 1581 822 1634 plantatam,
864 1580 1003 1619 bonos
1050 1581 1227 1620 reddere
1258 1597 1348 1620 non
1379 1594 1520 1635 potest

97 1662 271 1700 fructus.
327 1657 372 1698 Si
404 1656 516 1698 enim
548 1657 599 1697 sit
628 1656 671 1696 in
702 1668 741 1696 te
773 1655 891 1696 radix
922 1656 1118 1704 malitiae,
1149 1657 1311 1697 fructus
1336 1675 1424 1698 non
1444 1660 1518 1699 da-

96 1738 160 1777 bit
189 1739 345 1780 bonos.
404 1734 450 1777 Si
480 1728 667 1775 sit'intra
703 1750 776 1773 cor
816 1745 936 1773 tuum
973 1732 1170 1772 stultitiae
1200 1735 1367 1789 planta,
1403 1753 1515 1776 nun-

97 1831 225 1870 quam
255 1814 447 1868 proferet
474 1811 706 1866 sapientiae
737 1811 901 1851 florem.
963 1810 1008 1850 Si
1031 1809 1270 1865 injustitiae,
1300 1812 1332 1852 si
1362 1812 1518 1868 iniqui-

95 1892 187 1933 tatis
218 1892 349 1932 arbor
378 1891 440 1939 sit,
469 1905 691 1944 nunquam
736 1886 981 1944 hujusmodi
1018 1887 1128 1939 ligna
1169 1890 1350 1938 gaudere
1393 1890 1518 1930 bonis

95 1969 303 2009 fructibus
333 1976 524 2022 possunt.
598 1967 642 2005 Si
686 1981 783 2015 crgo
815 1981 1025 2005 servemus
1062 1965 1265 2005 mandata
1296 1966 1399 2013 Dei,
1446 1985 1516 2007 su-

95 2057 237 2100 scepta
266 2045 410 2100 pluvia
440 2043 557 2083 verbi
587 2042 691 2091 Dei,
734 2043 786 2081 de
818 2058 900 2095 qua
932 2041 1125 2095 superius
1156 2041 1357 2090 diximus,
1390 2044 1514 2084 ctiam

96 2125 283 2170 arbores,
314 2137 423 2177 quae
451 2120 495 2159 in
529 2119 687 2174 campis
719 2118 883 2159 animae
913 2129 1105 2166 nostrae,
1147 2130 1185 2159 et
1216 2120 1353 2160 cordis
1380 2120 1515 2161 nostri

95 2200 319 2241 latitudine
347 2199 559 2254 plantatae
588 2207 707 2246 sunt,
745 2197 901 2236 laetum
935 2207 973 2235 et
1003 2196 1144 2235 bonae
1173 2197 1381 2237 suavitatis
1412 2199 1516 2238 affc-

98 2289 191 2318 rent
221 2279 421 2317 fructum.
465 2275 538 2315 Vis
569 2285 708 2314 autem
739 2273 815 2313 tibi
847 2274 899 2313 de
931 2272 1158 2328 Scripturis
1179 2276 1411 2324 ostendam,
1448 2292 1513 2315 ar-

95 2356 222 2395 bores
261 2354 327 2393 vel
364 2353 474 2404 ligna
527 2350 732 2406 appellari
773 2350 845 2391 lias
882 2350 1065 2400 singulas
1106 2366 1293 2405 quasque
1331 2350 1514 2399 virtutes,

95 2449 197 2487 quas
230 2431 422 2486 superius
452 2427 810 2469 memoravimus?
871 2427 1070 2468 Adhibeo
1109 2439 1256 2468 testem
1295 2428 1514 2482 sapientis-

95 2509 248 2548 simum
284 2508 562 2548 Salomonem
597 2506 805 2545 dicentem
840 2505 892 2544 de
920 2504 1146 2559 sapientia:
1178 2503 1425 2558 ,‚ligmun⁴)
1459 2505 1515 2544 vi-

94 2597 163 2625 tae
193 2596 273 2642 est,=
296 2585 446 2639 inquit,
477 2583 689 2631 omnibus,
722 2580 793 2637 qui
816 2582 1130 2636 amplectuntur
1159 2587 1292 2623 eauif‘
1337 2582 1383 2621 Si
1416 2599 1512 2631 crgo

212 2757 255 2812 ¹)
286 2757 396 2805 Edd.
429 2757 623 2798 Mei-lini:
652 2757 828 2797 malurn.

210 2827 256 2882 ²)
286 2828 397 2868 Edd.
429 2828 622 2868 Merlini:
656 2825 818 2868 videtur
848 2826 990 2878 magis.

210 2898 254 2953 ³)
287 2898 435 2939 Matth.
469 2897 559 2947 VH,
590 2898 654 2940 18.
776 2894 820 2953 ⁴)
853 2898 976 2938 Prov.
1010 2896 1081 2946 ΙΙΙ,
1116 2898 1180 2939 18.

652 2979 656 2987 “
1155 2975 1248 3017 ⁸28*
