1752 3136
254 87 341 131 318
855 88 1083 134 Ossmems

256 201 467 243 lediccbat
499 199 609 241 diem
641 199 864 242 nativitatis
894 218 1009 251 suae,
1037 203 1202 245 dicens:
1235 205 1544 263 ‚,maledicta¹>
1577 207 1677 258 dies,

250 281 295 321 in
329 296 408 335 qua
441 289 562 319 natus
593 294 700 327 snm,
731 290 768 320 et
797 295 894 329 nox,
923 279 966 320 in
999 296 1078 335 qua
1113 281 1329 324 dixerunt:
1373 299 1481 332 ecce,
1509 300 1676 325 mascu—

252 360 332 400 lus.
389 357 484 397 Nox
515 355 585 396 illa
615 353 665 395 sit
694 356 908 405 tenebrae,
942 367 982 397 et
1010 373 1099 398 non
1133 355 1323 412 requirat
1349 373 1438 398 eam
1462 358 1678 400 Dominus

255 436 424 482 denuo,
473 446 613 487 neque
655 431 791 473 veniat
820 433 862 473 in
893 433 980 475 dies
1012 433 1132 483 anni,
1172 449 1250 474 nec
1291 446 1538 476 numeretur
1568 434 1677 476 inter

255 512 341 552 dies
371 510 617 552 mensium.“
679 509 809 564 Quod
841 511 874 551 si
907 510 981 551 tibi
1013 527 1100 551 nou
1133 510 1299 551 videtur
1331 511 1433 552 haec
1466 512 1553 552 Job
1573 526 1678 566 pro-

253 587 423 645 phetico
456 598 494 628 et
526 586 667 628 divino
702 587 866 641 Spiritu
898 588 1040 642 loqui,
1079 604 1126 628 ex
1170 587 1231 629 his
1273 588 1518 638 considera,
1571 603 1680 643 quae

255 677 509 722 sequuntur:
540 649 706 704 ‘addidit
731 662 866 703 enim:
897 664 1049 717 ‚,sed²)
1074 665 1300 705 maledicat
1328 681 1432 713 eam,
1451 665 1521 720 qui
1547 665 1677 704 male-

259 744 359 786 dixit
391 744 509 783 illum
542 740 665 788 diem,
698 739 740 779 in
764 755 849 794 quo
873 755 1071 790 magnum
1092 752 1228 781 cetum
1253 743 1550 783 interemturus
1582 746 1678 784 est.“

257 823 388 864 Vides
420 834 532 871 ergo,
565 817 788 871 quomodo
822 816 864 856 in
897 814 1058 871 Spiritu
1088 828 1234 858 sancto
1266 819 1477 873 praedixit
1508 820 1559 859 de
1589 834 1680 858 ma-

256 916 339 952 gno
372 908 480 945 ceto,
511 909 637 949 quem
667 893 963 934 interfecturus
995 905 1097 935 esset
1126 893 1361 945 Dominus,
1403 893 1520 950 cujus
1557 906 1680 952 typus

256 987 345 1020 erat
372 985 489 1017 cetus
519 972 589 1012 ille
619 969 771 1010 Jonae.
842 968 972 1010 Unde
1004 982 1043 1011 et
1072 970 1300 1022 Dominus,
1334 970 1406 1026 qui
1435 969 1680 1011 interfectu-

254 1073 324 1097 rus
356 1063 445 1094 erat
476 1061 613 1091 cetum
642 1045 766 1087 istum
801 1047 1034 1096 diabolum,
1076 1048 1199 1089 dicit:
1231 1046 1425 1102 „sicut³)
1458 1046 1567 1088 enim
1600 1046 1680 1087 Jo-

252 1149 328 1175 :nas
358 1142 440 1171 tres
473 1126 559 1168 dies
592 1134 632 1166 et
661 1135 743 1165 tres
773 1135 918 1165 noctes
953 1125 1031 1165 fuit
1060 1124 1102 1165 iu
1136 1136 1278 1165 ventre
1311 1124 1412 1173 ceti,
1451 1123 1506 1167 ita
1549 1140 1681 1180 opor-

251 1222 311 1253 tet
340 1220 380 1250 et
409 1206 545 1248 {ilium
576 1199 760 1242 hominis
793 1216 879 1242 esse
909 1200 1040 1243 tribus
1073 1201 1219 1244 diebus
1252 1214 1290 1243 et
1317 1201 1453 1242 tribus
1482 1200 1679 1241 noctibus

252 1287 297 1329 iu
332 1284 462 1327 corde
491 1282 666 1321 terrae.“
726 1277 858 1331 Quod
890 1278 922 1320 si
953 1262 1092 1334 placet
1122 1279 1282 1330 audire,
1317 1277 1421 1334 quid
1452 1278 1576 1319 etiam
1609 1275 1679 1317 alii

253 1362 387 1405 sancti
421 1361 472 1400 de
502 1357 575 1398 ista
607 1353 820 1395 nativitate
849 1355 1077 1405 senserint,
1121 1357 1220 1397 audi
1261 1355 1401 1397 David
1443 1355 1677 1396 dicentem:

254 1439 384 1492 ‚,in⁴¹)
415 1432 718 1490 iniquitatibus,
750 1433 899 1488 inquit,
932 1443 1161 1487 conceptus
1190 1448 1306 1480 sum,
1348 1445 1387 1473 et
1426 1431 1470 1472 in
1498 1433 1680 1486 peccatis

253 1515 419 1574 peperit
457 1528 528 1553 me
569 1521 704 1550 mater
742 1526 835 1550 mea
852 1515 886 1549 :“
932 1510 1180 1558 ostendens,
1229 1500 1345 1563 quod
1376 1524 1681 1574 ‘quaecunque

255 1594 396 1636 :mima
425 1591 470 1633 in
502 1603 628 1630 carne
658 1585 869 1636 nascitur,
905 1586 1137 1642 iniquitatis
1170 1597 1208 1627 et
1237 1586 1555 1641 peccativsorde
1584 1586 1682 1641 pol-

254 1671 405 1713 luitur:
436 1679 477 1709 et
505 1677 732 1723 propterea
764 1665 930 1705 dictum*
960 1649 1044 1704 esse
1074 1662 1199 1712 illud,
1230 1664 1346 1717 quod
1378 1661 1461 1719 jam
1489 1663 1679 1717 superius

254 1744 609 1790 memoravimus:
649 1741 746 1797 quia
787 1741 1003 1795 „nem0⁵)
1044 1740 1229 1780 mundus
1269 1754 1290 1778 a
1332 1739 1483 1787 sorde,
1528 1754 1606 1778 nec
1644 1737 1679 1777 si

256 1825 381 1867 unius
414 1821 497 1863 diei
526 1819 577 1861 sit
607 1819 686 1860 vita
719 1817 846 1874 ejus.“
915 1815 1027 1857 Addi
1070 1817 1131 1857 his
1163 1814 1288 1855 etiam
1319 1814 1426 1855 illud
1456 1825 1604 1870 potest,
1636 1824 1683 1853 ut

256 1902 506 1958 requiratur,
536 1898 638 1952 quid
670 1911 820 1938 causae
850 1895 914 1944 sit,
945 1910 1040 1934 cum
1072 1894 1278 1947 baptisma
1308 1893 1507 1933 ecclesiae
1537 1908 1617 1946 pro
1636 1890 1678 1944 6)

256 1978 504 2022 remissione
532 1985 807 2030 peccatorum
838 1973 985 2020 detur,
1026 1970 1259 2012 secundum
1302 1969 1501 2010 ecclesiae
1533 1968 1678 2008 obser-

255 2055 441 2099 vantiam
473 2052 596 2094 etiam
628 2049 815 2107 parvulis
847 2047 1105 2104 baptismum
1151 2046 1262 2087 dari:
1304 2063 1398 2086 cum
1440 2044 1607 2099 utique,
1645 2042 1679 2084 si

255 2134 364 2176 nihil
395 2142 496 2173 esset
525 2130 570 2171 in
599 2126 806 2185 parvulis,
847 2125 969 2181 quod
1005 2126 1058 2166 ad
1099 2124 1391 2165 remissionem
1439 2123 1612 2163 deberet
1640 2131 1680 2161 et

257 2208 564 2262 indulgentiam
595 2205 830 2262 pertinere,
869 2203 994 2255 gratia
1036 2200 1234 2258 baptismi
1273 2199 1486 2256 superflua
1517 2198 1680 2238 videre-

257 2301 340 2333 tur.
397 2285 557 2328 Mulier
587 2299 685 2335 ergo
717 2296 994 2337 quaecuuque
1024 2279 1267 2334 conceperit
1296 2293 1452 2325 semen,
1481 2288 1521 2317 et
1549 2290 1680 2330 pepe-

258 2365 362 2407 rerit
399 2363 657 2410 masculum,
694 2359 917 2400 immunda
958 2358 1034 2397 erit
1071 2368 1230 2413 septem
1280 2355 1451 2397 diebus:
1494 2353 1599 2395 sicut
1639 2362 1679 2391 et

375 2581 419 2636 ³)
450 2580 537 2621 Cfr.
567 2578 669 2619 Job.
698 2576 771 2627 ΙΙΙ,
800 2576 938 2619 2-6.

376 2649 423 2704 ²)
452 2650 554 2690 Job.
584 2649 656 2697 III,
686 2647 726 2690 8.
843 2646 890 2701 ³)
921 2644 1071 2687 Matth.
1101 2641 1197 2692 XII,
1227 2640 1295 2683 40.

375 2718 422 2774 ¹²)
453 2719 607 2761 Psalm.
639 2717 706 2767 LI,
739 2719 778 2760 5.
808 2715 903 2772 (L.)
1023 2712 1066 2768 ⁵)
1097 2711 1199 2756 Job.
1228 2709 1345 2760 XIV,
1373 2707 1412 2750 4.
1442 2708 1482 2750 5.

376 2789 423 2845 ⁶)
457 2788 565 2830 Cod.
605 2787 821 2839 Sangerm.
873 2796 913 2825 et
961 2782 1030 2825 alii
1071 2781 1210 2823 Codd.
1249 2794 1355 2834 „pro
1394 2773 1680 2818 remissione.“

263 2847 380 2890 Libri
410 2845 507 2887 editi
537 2846 595 2897 (v.
629 2861 661 2885 c.
695 2844 789 2884 edd.
821 2842 926 2897 MA)
956 2840 1025 2891 „in
1057 2837 1386 2881 remissionem.“
1414 2832 1462 2874 R.
