1752 3136
582 91 627 119 m
658 78 914 120 LEvincUM
934 78 1136 122 Homstm
1159 81 1188 121 Ι.
1523 87 1603 129 181

189 202 375 230 caustum
407 205 590 243 namque
621 189 756 229 carnis
788 187 875 243 ejus
914 205 993 242 pet·
1031 189 1189 240 lignum
1222 193 1354 232 crucis
1396 196 1602 243 oblatum,

186 277 352 307 terrena
382 264 642 312 coelestibus,
672 275 711 304 et
740 263 889 304 divinis
920 265 1105 305 humana
1136 266 1322 307 sociavit.
1377 268 1601 314 Interanea

182 359 282 384 sane
316 358 412 383 cum
439 340 619 396 pedibus
650 356 757 395 aqua
789 339 894 381 dilui
932 339 1053 398 jubet
1089 359 1228 384 sermo
1257 345 1501 401 praecepti,
1531 365 1597 388 sa-

182 429 440 460 cramentum
470 415 668 471 baptismi
697 417 775 456 sub
806 416 971 468 figurali
991 419 1310 473 praedicatione
1332 422 1598 465 denuntians.

181 497 290 535 Nam
318 494 534 534 interanea
576 491 724 541 diluit,
771 493 842 548 qui
883 494 1184 536 conscientiam
1223 509 1389 550 purgat.
1463 498 1598 542 Pedes

178 570 328 618 abluit,
368 569 441 625 qui
471 569 879 611 consummationem
910 571 1084 627 suscipit
1115 574 1389 624 sacramenti,
1429 588 1471 617 et
1506 577 1597 628 scit,

177 646 274 702 quia
305 645 378 702 qui
406 647 592 687 mundus
624 657 704 695 est,
747 663 838 687 non
867 646 1027 699 indiget
1046 649 1088 703 ¹)
1126 648 1204 691 nisi
1238 661 1284 690 ut
1314 654 1443 705 pedes
1473 653 1597 703 lavet,

174 736 213 764 et
244 724 341 779 quia
369 735 533 777 partem
575 722 666 778 quis
707 723 865 764 habere
903 741 991 765 non
1034 737 1173 780 potest
1214 743 1311 768 cum
1341 729 1468 781 Jesu,
1514 731 1594 773 nisi

171 801 318 842 laverit
346 802 475 856 pedes
506 799 606 857 ejus.

283 879 322 919 5.
351 877 511 918 Verum
541 877 575 918 si
606 879 707 918 haec
741 878 862 920 etiam
897 879 950 919 ad
979 880 1186 920 moralem
1219 881 1364 922 locum
1386 883 1593 927 inclinare

175 954 286 1003 velis,
318 955 447 995 habes
477 966 515 995 et
545 966 589 994 tu
620 955 812 1004 vitulum,
844 972 969 1010 quem
1003 956 1160 997 offerre
1192 958 1358 1000 debeas.
1427 960 1594 1005 Vitulus

172 1045 241 1081 est,
275 1043 316 1072 et
345 1031 515 1086 quidem
547 1031 668 1071 valde
698 1033 919 1086 superbus,
952 1049 1052 1073 caro
1087 1044 1178 1073 tua:
1213 1050 1342 1088 quam
1364 1037 1396 1077 si
1417 1037 1474 1078 vis
1496 1056 1591 1079 mu-

167 1126 247 1149 nus
276 1108 470 1148 Domino
504 1109 682 1157 offerre,
723 1119 770 1148 ut
819 1124 910 1149 eam
942 1120 1096 1150 castam
1130 1111 1422 1167 pudicamque
1452 1127 1590 1156 custo-

166 1187 267 1236 dias,
299 1187 438 1226 adduc
469 1202 560 1226 eam
594 1187 646 1226 ad
679 1185 832 1226 ostium
863 1185 1148 1235 tabernaculi,
1177 1186 1221 1227 id
1253 1200 1333 1238 est,
1379 1190 1452 1232 ubi
1486 1192 1589 1233 divi-

163 1279 322 1303 norum
361 1263 572 1303 librorum
609 1264 820 1318 suscipere
857 1264 988 1319 possit
1028 1264 1233 1305 auditum.
1302 1266 1585 1310 Masculinum

163 1341 215 1381 sit
243 1357 398 1381 munus
419 1351 554 1389 tuum,
583 1339 784 1381 seminam
802 1339 972 1389 nesciat,
997 1342 1384 1396 concupiscentiam
1407 1357 1589 1400 respuat,

163 1417 432 1470 fragilitatem
463 1416 656 1468 refugiat,
684 1416 790 1457 nihil
822 1418 1070 1459 dissolutum
1102 1418 1310 1474 requirat,
1345 1432 1416 1461 aut
1443 1423 1586 1462 molle.

162 1494 342 1549 Impone
372 1494 496 1535 ctiam
526 1510 700 1533 manum
739 1505 854 1534 tuam
896 1510 1023 1548 super
1055 1493 1235 1535 hostiam
1273 1507 1415 1546 tuam,
1453 1509 1500 1538 ut
1537 1498 1588 1539 sit

164 1583 335 1627 accepta
368 1570 580 1620 Domino,
627 1582 667 1611 et
695 1569 838 1626 jugula
869 1570 986 1611 illam
1019 1582 1166 1611 contra
1200 1571 1461 1623 Dominum,
1501 1575 1586 1616 hoc

161 1660 233 1697 est,
260 1648 436 1703 impone
467 1648 502 1688 ei
536 1647 819 1688 continentiae
848 1649 1030 1697 frenum,
1063 1660 1102 1688 et
1130 1665 1306 1689 manum
1338 1650 1585 1706 disciplinae

155 1742 211 1766 ne
241 1726 404 1766 auferas
434 1726 487 1765 ab
520 1740 590 1773 ea,
629 1724 735 1764 sicut
771 1723 974 1779 imposuit
1011 1741 1188 1765 manum
1229 1726 1344 1767 carni
1373 1743 1473 1768 suae
1498 1727 1583 1777 ille,

158 1802 230 1859 qui
261 1803 447 1844 dicebat:
485 1817 682 1851 „macero
704 1800 749 1856 2)
790 1817 943 1856 corpus
986 1817 1131 1842 meum
1163 1812 1202 1841 et
1231 1804 1419 1844 servituti
1449 1803 1581 1858 subji—

157 1880 236 1929 cio,
266 1896 321 1920 ne
349 1880 474 1928 sorte,
507 1895 604 1919 cum
635 1877 723 1918 aliis
753 1879 1076 1933 praedicavero,
1115 1878 1205 1934 ipse
1250 1882 1458 1934 reprobus
1490 1882 1582 1922 effi-

157 1957 280 1997 ciar.“
335 1956 391 1996 Et
418 1955 562 2011 jugula
593 1972 685 1996 eam
716 1967 864 1996 contra
895 1954 1158 2005 Dominum,
1198 1957 1460 1999 mortificans
1489 1958 1578 1999 sine

156 2034 289 2075 dubio
319 2035 511 2074 membra
541 2045 624 2083 tua,
655 2049 762 2088 quae
789 2044 886 2074 sunt
916 2049 1045 2088 super
1070 2043 1240 2075 terram.
1314 2032 1400 2073 Sed
1434 2045 1473 2074 ct
1503 2035 1580 2075 filii

155 2114 302 2151 Aaron
342 2109 568 2152 sacerdotis
610 2111 793 2150 offerant
830 2109 1077 2162 sanguinem
1119 2109 1220 2165 ejus.
1289 2109 1499 2151 Sacerdos
1532 2111 1577 2152 in

154 2200 195 2229 te
227 2199 296 2237 cst,
330 2199 369 2228 et
400 2186 476 2227 filii
507 2186 616 2244 ejus,
665 2204 784 2228 mens
816 2204 923 2242 quae
960 2187 1005 2228 in
1034 2199 1076 2228 te
1108 2198 1186 2237 est,
1232 2199 1272 2228 et
1301 2204 1443 2229 sensus
1475 2186 1577 2244 ejus,
1614 2194 1619 2203 ⁸

153 2265 226 2321 qui
255 2264 407 2305 merito
445 2265 661 2313 sacerdos,
706 2276 747 2305 et
786 2264 863 2306 filii
898 2263 1128 2305 sacerdotis
1168 2265 1456 2320 appellantur:
1495 2265 1574 2305 soli

151 2342 263 2383 enim
293 2352 402 2390 sunt,
432 2340 505 2396 qui
532 2340 772 2394 intelligunt
799 2342 954 2390 Deum,
986 2353 1026 2382 et
1057 2357 1228 2397 capaces
1253 2353 1350 2383 sunt
1376 2341 1574 2383 scientiae

151 2418 246 2459 Dei.
305 2417 407 2458 Vult
437 2433 534 2469 ergo
563 2434 703 2459 sermo
735 2417 920 2469 divinus,
958 2430 1006 2459 ut
1040 2418 1286 2460 rationabili
1325 2434 1447 2460 sensu
1478 2435 1569 2460 car-

147 2511 248 2536 nem
275 2506 391 2536 tuam
421 2494 467 2535 in
497 2494 680 2536 castitate
708 2496 862 2536 offeras
891 2496 1003 2546 Deo,
1035 2496 1270 2537 secundum
1303 2496 1420 2551 quod
1450 2496 1571 2551 Apo-

150 2573 281 2614 stolus
312 2572 435 2613 dicit:
466 2571 735 2627 „hostiam³)
766 2571 920 2622 vivam,
949 2583 1163 2623 sanctam,
1190 2574 1428 2628 placentem
1456 2573 1568 2622 Deo,

266 2746 310 2800 1)
342 2745 432 2787 Cfr.
465 2762 523 2789 ev,
552 2747 710 2788 Joann.
743 2745 860 2796 Xlll,
890 2747 955 2788 10.
986 2769 1040 2777 —
1069 2747 1108 2790 8.

264 2816 312 2871 ²)
343 2817 361 2857 I
394 2814 492 2859 Cor.
526 2815 602 2868 IX,
630 2817 696 2860 27.
848 2817 896 2872 ³)
928 2816 1049 2859 Rom.
1081 2816 1176 2867 ΧΗ,
1209 2817 1242 2860 1.
