1752 3136
494 112 542 143 m
571 100 770 142 Exonum
800 99 1001 141 HommA
1030 97 1121 140 VII.
1463 99 1518 144 79

100 226 241 265 crant,
269 213 502 256 secundum
541 212 696 267 pascha
726 210 769 251 in
800 210 884 252 hoc
912 220 1107 266 tempore
1134 208 1316 258 faciunt,
1359 226 1446 265 quo
1478 224 1518 253 et

99 309 256 334 manna
278 294 330 333 de
352 292 473 331 coelo
496 288 724 330 descendit.
770 287 820 329 In
851 287 934 338 die,
957 303 1042 342 quo
1062 287 1251 342 primum
1280 288 1435 342 paseha
1456 287 1519 339 fit,

97 387 187 411 non
214 367 427 410 descendit
446 383 604 407 manna
627 366 681 406 de
704 366 839 414 coelo,
863 367 936 406 sed
962 364 1007 405 in
1038 365 1134 415 hoc,
1164 381 1249 420 quo
1279 365 1515 406 secundum

99 446 251 501 pascha
273 447 330 487 fit.
380 443 608 484 Videamus
639 457 737 493 ergo
769 458 896 490 nunc,
928 442 1020 497 quis
1049 447 1100 483 sit
1127 441 1172 482 in
1202 441 1265 483 his
1294 442 1402 483 ordo
1423 459 1517 500 my-

97 523 221 564 sterii.
266 522 458 563 Primum
477 521 630 576 pascha
644 518 771 574 primi
791 518 943 574 populi
961 530 1029 561 est.
1081 519 1328 560 Secundum
1346 520 1516 574 pascha,

97 611 290 641 nostrum
309 610 378 639 est.
423 597 511 638 Nos
538 596 646 637 enim
671 585 827 636 suimu‘s
857 594 1070 636 immundi
1087 596 1130 636 in
1157 596 1311 646 anima,
1343 596 1415 652 qui
1440 614 1515 638 co-

98 671 287 717 lebamus
306 674 466 727 lignum
489 686 527 714 et
549 673 749 729 lapidem,
769 683 808 712 et
829 673 1067 724 ignorantes
1087 673 1230 717 Deum
1246 673 1328 727 Ibis,
1344 673 1416 729 qui
1437 690 1515 714 na-

96 765 189 794 tura
211 770 300 794 non
328 764 444 793 erant
460 751 548 800 Dii,
568 750 863 792 serviebamus.
912 750 1000 791 Nos
1026 749 1149 791 etiam
1169 749 1212 802 ¹)
1236 766 1414 800 eramus,
1441 751 1514 806 qui

95 830 222 883 longe
250 827 650 884 peregrinabamur,
695 829 747 868 de
786 827 939 882 quibus
979 826 1080 867 dicit
1109 828 1373 884 Apostolus:
1415 828 1515 883 quia

94 907 252 948 fuimus
281 905 493 960 „hospites
510 906 554 960 ²)
587 915 627 944 et
654 903 862 960 peregrini
892 915 1243 946 testamentorum
1269 904 1366 954 Dei,
1397 921 1516 961 spem

94 1001 185 1031 non
221 983 436 1031 babentes,
471 993 510 1023 et
537 980 626 1023 sine
649 981 745 1022 Deo
779 981 824 1022 in
854 981 937 1021 hoc
968 982 1132 1021 mundo
1156 987 1380 1022 errantes.“
1430 982 1515 1021 Ve-

96 1072 336 1101 rumtamen
355 1076 445 1099 non
469 1060 594 1099 datur
624 1073 780 1098 manna
803 1058 854 1097 de
876 1058 997 1097 coelo
1028 1057 1074 1097 in
1095 1057 1165 1098 illa
1198 1059 1279 1107 die,
1312 1074 1394 1113 qua
1424 1058 1514 1113 pri-

95 1154 214 1178 mum
253 1136 409 1191 pascha
440 1135 509 1184 fit,
551 1136 625 1175 sed
665 1133 709 1174 in
740 1134 832 1182 illa,
873 1150 955 1188 qua
993 1135 1240 1176 secundum.
1327 1134 1515 1189 Panis³)

95 1213 220 1264 enim,
253 1213 325 1269 qui
357 1214 410 1253 de
440 1213 561 1254 coelo
594 1210 823 1258 descendit,
851 1228 941 1251 non
972 1210 1084 1251 venit
1107 1212 1161 1252 ad
1184 1212 1291 1263 illos,
1324 1211 1397 1268 qui
1426 1210 1514 1267 pri-

95 1307 209 1331 mam
239 1291 548 1332 solemnitatem
582 1288 869 1336 celebrabant,
897 1289 970 1329 sed
1001 1290 1054 1329 ad
1072 1306 1164 1339 nos,
1197 1289 1270 1344 qui
1284 1291 1514 1330 secundam

58 1365 362 1422 'suscepimus
445 1367 673 1416 „Nostrum
700 1365 746 1420 4)
799 1365 910 1406 enirn
957 1367 1113 1421 pascha
1160 1366 1406 1408 immolatus
1455 1377 1517 1407 est

93 1443 324 1492 Christus,“
354 1442 427 1498 qui
455 1460 577 1484 verus
606 1441 731 1483 nobis
762 1442 882 1497 panis
914 1445 966 1484 de
998 1445 1117 1485 coelo
1151 1445 1380 1487 descendit.
1427 1444 1515 1485 Sed

92 1521 260 1562 interim
290 1519 516 1568 videamus,
549 1521 651 1575 quid
683 1531 753 1568 est,
783 1521 902 1574 quod
931 1519 976 1560 in
1005 1522 1082 1561 hac
1109 1521 1177 1562 die
1197 1532 1357 1573 gestum
1386 1536 1513 1560 mon-

92 1608 256 1638 stratur.
316 1595 567 1651 „Quinta⁵)
609 1595 796 1644 decima,
833 1596 993 1652 inquit,
1035 1597 1103 1638 die
1142 1597 1298 1638 mensis
1338 1595 1516 1637 secundi

90 1672 370 1729 murmuravit
398 1674 597 1728 populus,
629 1684 668 1713 et
698 1673 814 1722 dixit,
844 1672 942 1728 quia
960 1673 1111 1716 melius
1132 1676 1270 1716 fuerat
1305 1689 1384 1714 nos
1401 1673 1516 1714 mori

90 1749 135 1791 in
168 1752 373 1806 Aegypto,
406 1750 579 1803 quando
611 1750 861 1792 sedebamus
890 1767 1019 1807 super
1050 1752 1155 1792 ollas
1186 1749 1418 1792 carnium.“
1470 1748 1510 1790 Ο

90 1828 278 1883 populus
308 1827 494 1879 ingratus
526 1825 735 1867 desiderat
775 1827 1038 1885 Aegyptum,
1081 1827 1154 1883 qui
1189 1825 1421 1884 Aegyptios
1451 1825 1513 1867 vi-

90 1904 150 1946 dit
181 1902 422 1945 exstinctos!
484 1902 643 1944 Carnes
674 1905 853 1961 Aegypti
883 1905 1072 1960 requirit,
1103 1904 1176 1960 qui
1204 1904 1511 1962 Aegyptiorum

89 1998 233 2022 carnes
265 1980 367 2021 vidit
395 1980 521 2022 maris
551 1980 748 2036 piscibus,
778 1993 819 2021 et
849 1982 958 2022 coeli
991 1982 1159 2022 alitibus
1193 1983 1319 2023 datas.
1386 1981 1512 2021 'Mur-

89 2075 186 2100 mur
214 2065 314 2110 'ergo
346 2059 567 2099 adversum
600 2058 779 2108 Mosen,
810 2059 898 2100 imo
931 2060 1153 2100 adversum
1183 2058 1326 2099 Deum
1358 2058 1511 2099 levant.

88 2137 175 2178 Sed
205 2136 289 2176 hoc
319 2135 461 2190 primo
493 2135 666 2191 quidem
695 2135 949 2188 ignoscitur,
976 2134 1207 2188 ignoscitur
1238 2146 1278 2176 et
1306 2135 1512 2185 secundo,

87 2214 273 2254 fortassis
304 2223 344 2253 et
374 2212 521 2253 tertio:
552 2224 843 2254 verumtamen
875 2213 908 2254 si
937 2229 1028 2253 non
1061 2211 1271 2262 desinant,
1307 2213 1381 2252 sed
1411 2226 1510 2266 per-

85 2288 262 2349 sistant„
304 2289 405 2330 audi
454 2288 557 2344 quid
606 2291 783 2345 posthac
813 2290 858 2346 6)
908 2301 1247 2331 murmurantem
1295 2288 1510 2344 populum

206 2483 248 2537 ¹)
277 2484 387 2524 Edd.
422 2484 613 2526 Merlini:
651 2487 778 2527 enim.

200 2551 246 2608 ²)
279 2553 368 2594 Cfr.
398 2553 551 2610 Ephes.
582 2555 635 2604 II,
665 2557 730 2598 12.

196 2623 243 2678 ³)
275 2622 362 2664 Cfr.
395 2640 454 2665 ev.
484 2624 640 2667 Joann.
671 2626 746 2678 VI,
773 2627 839 2669 51.

196 2693 242 2747 ⁴²)
272 2694 292 2733 I
323 2691 422 2733 Cor.
453 2694 503 2744 V,
534 2696 570 2738 7.

198 2761 243 2816 ⁵)
279 2761 364 2803 Cfr.
395 2762 532 2823 Exod.
563 2766 679 2815 XVI,
709 2767 745 2808 1.
776 2767 817 2811 2.
846 2767 885 2810 3.
920 2769 1014 2812 coll.
1049 2787 1090 2827 p.
1123 2772 1190 2818 78.
1219 2784 1308 2817 not.
1334 2775 1374 2818 3.

195 2832 240 2885 ⁶)
270 2831 380 2874 Edd.
410 2832 607 2878 Merlini:
639 2847 739 2890 post
771 2836 885 2880 haec.
