1752 3136
162 110 248 154 300
761 106 981 150 Omen-:ms

164 238 295 276 opera
325 232 411 262 tam
439 232 650 273 segregata
681 231 719 261 et
748 231 834 261 tam
871 221 1069 263 sublimia
1110 219 1231 271 fecit,
1275 238 1402 278 quam
1439 226 1581 269 nul-lus

163 302 268 342 alius
301 299 412 341 fecit.
453 304 464 308 ”

273 376 312 417 4.
347 375 431 416 Sed
461 373 546 431 jam
575 374 789 416 videamus
828 373 966 430 aliqua
1012 376 1136 417 ctiam
1179 393 1224 417 cx
1262 377 1347 428 his,
1390 395 1499 434 quae
1529 381 1583 421 (le

160 452 344 501 mundis,
376 464 501 507 atque
530 451 774 501 immundis,
804 454 866 492 vel
898 453 949 492 dc
980 452 1107 502 cibis,
1139 453 1200 494 vel
1232 454 1490 498 animalibus
1521 459 1581 499 le-

161 542 225 571 cta
256 542 373 570 sunt:
415 540 455 570 et
493 528 600 570 sicut
635 528 680 569 in
719 529 1014 583 explanatione
1055 531 1200 586 poculi
1231 533 1283 572 de
1314 515 1467 574 umbri
1501 534 1581 574 ad·-

159 608 400 648 sccndimus
429 607 481 647 ad
513 604 730 646 veritatem
758 604 984 660 spiritualis
1002 608 1160 662 poculi,
1191 608 1248 651 ita
1281 610 1405 650 etiam
1437 611 1490 651 de
1523 612 1580 653 ci-

155 685 236 734 his,
267 684 340 740 qui
369 700 448 739 per
478 684 676 723 umbram
709 680 930 733 dicuntur,
973 684 1278 727 adscendamus
1310 689 1363 728 ad
1395 704 1477 737 eos,
1510 687 1582 743 qui

157 778 238 817 per
277 760 470 817 spiritum
512 757 598 798 veri
628 768 726 798 sunt
758 757 854 799 cibi.
921 759 1007 800 Sed
1049 761 1102 801 ad
1141 761 1244 802 haec
1283 762 1582 817 investiganda,

156 839 390 893 scripturae
423 834 589 878 divinae
618 834 865 876 testimoniis
897 834 1149 887 indigemus,
1178 853 1232 878 ne
1250 839 1341 893 quis
1367 852 1500 894 putet,
1525 865 1580 872 —

158 926 302 956 amant
332 913 442 955 enim
476 911 670 954 homines
701 928 903 954 exacuere
921 912 1079 965 linguas
1103 931 1209 964 suas,
1241 927 1288 955 ut
1310 916 1496 968 gladium
1514 940 1583 966 --,

155 1009 211 1035 ne
243 991 355 1048 quis,
385 992 561 1046 inquam
581 1021 591 1040 ,
628 1001 769 1046 putet,
809 990 927 1045 quod
959 1006 1034 1043 ego
1067 989 1148 1030 vim
1179 992 1331 1034 faciam
1365 993 1583 1049 scripturis

158 1063 332 1120 divinis,
376 1080 414 1110 et
446 1085 516 1118 ea,
563 1083 670 1124 quae
701 1069 755 1109 de
785 1068 1059 1117 animalibus,
1106 1070 1478 1126 quadrupedibus,
1516 1071 1582 1113 vel

159 1150 285 1189 etiam
316 1145 474 1195 avibus,
507 1158 577 1186 aut
605 1144 788 1200 piscibus
818 1144 1002 1193 mundis,
1031 1144 1115 1187 sive
1144 1145 1389 1197 immundis,
1416 1147 1461 1189 in
1491 1150 1582 1202 lege

156 1227 413 1274 referuntur,
444 1225 497 1265 ad
528 1222 724 1264 homines
753 1222 931 1275 traham,
965 1233 1004 1262 et
1034 1222 1088 1263 de
1114 1222 1359 1266 hominibus
1380 1225 1483 1266 haec
1514 1225 1579 1267 di-

158 1314 222 1344 cta
255 1319 341 1345 esse
370 1301 624 1353 confingam.
681 1297 888 1340 Fortassis
919 1297 1030 1339 enim
1055 1299 1164 1340 dicat
1194 1300 1285 1355 quis
1319 1300 1580 1352 auditorum,

159 1398 235 1421 cur
261 1379 345 1420 vim
378 1377 478 1420 facis
522 1374 801 1432 Scripturac?
860 1375 1075 1417 Animalia
1104 1377 1338 1427 «dicuntur,
1381 1378 1580 1420 animalia

155 1456 455 1508 intelligantur.
530 1454 595 1494 Ne
629 1463 743 1505 ‘ergo
784 1451 934 1508 aliquis
977 1452 1082 1493 haee
1123 1454 1346 1508 depravari
1383 1454 1577 1496 humano

157 1535 302 1575 eredat
331 1531 523 1585 ingenio:
553 1529 803 1585 Apostolica
836 1529 880 1570 in
919 1529 969 1570 iis
1001 1529 1229 1573 auctoritas
1259 1531 1476 1573 evocanda
1507 1543 1578 1574 est.

156 1611 274 1652 Audi
306 1627 403 1663 ergo
434 1609 625 1665 primum
657 1607 850 1648 omnium
879 1606 1039 1648 Paulus
1083 1608 1136 1648 de
1164 1606 1213 1650 iis
1244 1608 1427 1664 qualiter
1457 1608 1579 1653 dicat.

155 1687 410 1742 „Omnes¹<)
441 1685 574 1736 enim,
604 1683 763 1740 inquit,
795 1700 873 1739 per
902 1701 1018 1725 mare
1045 1684 1325 1734 transierunt,
1361 1697 1400 1726 et
1430 1703 1579 1728 omnes

155 1765 200 1806 in
232 1766 383 1806 Mosen
414 1762 618 1820 baptizati
654 1772 754 1803 sunt
789 1760 835 1801 in
872 1762 989 1802 nube
1026 1773 1065 1802 et
1103 1761 1147 1801 in
1187 1762 1320 1812 mari,
1359 1773 1399 1802 et
1428 1779 1576 1805 omnes

157 1843 336 1884 eandem
369 1857 506 1883 escam
530 1839 791 1896 spiritualem
809 1840 1189 1890 manducaverunt,
1224 1851 1264 1879 et
1294 1855 1442 1882 omnes
1473 1857 1579 1882 eun-

157 1922 255 1961 dem
291 1930 444 1974 potum
485 1917 745 1973 spiritualem
786 1917 1001 1957 biberunt.
1088 1915 1305 1958 Bihebant
1342 1929 1483 1958 autem
1523 1919 1577 1959 de

156 1996 361 2053 spirituali
391 2005 677 2050 consequente
708 2011 778 2035 eos
807 2005 946 2049 petra:
990 2005 1106 2049 petra
1146 2006 1286 2034 autem
1326 2006 1414 2035 erat
1450 1993 1577 2035 Chri-

155 2077 282 2117 stus.“
340 2073 497 2115 Paulus
529 2072 632 2113 haec
662 2071 782 2113 dicit:
823 2069 1044 2112 Hebraeus
1087 2087 1133 2112 ex
1166 2058 1393 2121 Hebraeis,
1423 2089 1575 2113 secun-

157 2153 261 2192 dum
291 2151 425 2203 legem
456 2150 726 2199 Pharisaeus,
757 2160 796 2190 et
828 2149 978 2190 doctus
1008 2164 1126 2189 secus
1155 2148 1284 2204 pedes
1318 2148 1576 2200 Gamalielis,

156 2229 228 2284 qui
259 2228 405 2284 utique
432 2217 655 2283 nunquam
686 2227 861 2267 auderet
889 2225 1152 2280 spiritualem
1184 2241 1345 2276 escam,
1381 2238 1422 2267 et
1451 2226 1576 2282 spiri-

155 2307 311 2346 tualem
343 2318 495 2361 potum
527 2305 763 2361 appellare,
794 2303 873 2344 nisi
903 2303 1016 2343 hunc
1048 2319 1134 2344 esse
1163 2319 1333 2344 sensum
1362 2303 1575 2356 legislato-

154 2382 211 2424 ris
239 2399 316 2438 per
344 2382 538 2424 traditam
570 2381 650 2424 sibi
680 2381 918 2423 verissimae
957 2379 1178 2421 doctrinae
1216 2379 1433 2421 scientiam
1463 2380 1575 2422 didi-

156 2458 285 2500 cisset.
333 2460 459 2501 Unde
489 2471 530 2500 et
557 2460 664 2503 illud
695 2458 826 2508 addit,
853 2470 1074 2513 tamquam
1104 2457 1336 2509 confidens,
1367 2469 1406 2498 et
1436 2468 1574 2500 certus

156 2537 209 2577 de
239 2537 435 2579 ciborum
466 2538 630 2578 ratione
657 2536 946 2585 mundorum,
977 2536 1041 2577 vel
1074 2534 1424 2584 immundorum,
1453 2535 1573 2590 quod

152 2629 245 2654 non
274 2614 508 2654 secundum
541 2615 733 2663 literam,
767 2614 842 2655 sed
881 2611 1153 2668 spiritualiter
1183 2613 1447 2654 observanda
1476 2610 1572 2660 sint,

155 2701 194 2731 ct
226 2689 352 2731 dicit:
383 2689 522 2745 „ne²)
555 2692 646 2746 quis
679 2707 776 2743 ergo
805 2707 881 2733 vos
909 2689 1069 2748 judicet
1095 2689 1139 2730 in
1157 2689 1269 2738 cibo,
1299 2687 1435 2730 autin
1453 2700 1572 2745 potu,

272 2864 315 2921 1>
344 2864 361 2907 1
395 2864 493 2907 cor.
525 2865 579 2915 X,
609 2869 648 2910 2.
678 2866 717 2910 3.
749 2867 790 2914 4,
909 2865 954 2922 2)
989 2864 1150 2909 coioss.
1181 2863 1233 2916 11,
1266 2864 1330 2910 16.
