1752 3136
492 109 541 140 m
569 96 821 139 anmctm
849 95 1050 137 Homm
1074 94 1169 137 VII.
1464 97 1553 143 303

132 210 307 254 coelitus
337 211 516 253 docetur
541 200 796 265 Apostolus,
834 204 1037 260 quoniam
1078 207 1251 263 quidem
1293 206 1548 250 eminentio-

131 305 222 330 rem
249 305 306 338 se,
337 299 378 329 et
404 283 611 342 majorem
641 299 734 324 non
763 283 948 324 habebat
984 283 1029 325 in
1058 284 1200 334 terris,
1239 283 1341 339 et¹)
1370 286 1550 326 docetur

131 382 223 406 non
250 382 333 406 una
364 379 480 412 voce,
507 378 586 402 nec
615 376 703 401 una
741 359 914 408 visione,
943 361 1018 402 sed
1047 359 1172 401 trina.
1227 360 1322 413 Ego
1352 376 1433 402 nee
1460 361 1549 403 hoe

129 443 283 498 ipsum,
314 441 431 496 quod
459 437 584 480 tertio
616 438 720 478 haec
752 436 964 487 dicuntur,
995 436 1131 478 otiose
1161 436 1322 479 dictum
1341 437 1388 495 ²)
1415 437 1547 480 susci-

130 519 220 571 pio.
278 515 421 557 Tertio
461 514 500 556 ei
541 513 717 563 dicitur,
769 526 810 555 et
862 530 942 569 per
985 514 1109 556 illum
1150 515 1350 556 omnihus
1396 514 1549 556 nobis:

130 593 275 648 „quod
293 591 338 646 3)
367 591 486 633 Deus
514 591 750 640 mundavit,
779 602 826 632 tu
856 606 1085 632 commune
1112 607 1167 632 ne
1188 590 1380 633 dixeris.“
1422 591 1549 646 Quae

130 669 241 710 enim
277 668 519 718 mundavit,
565 684 656 709 non
694 669 773 710 sub
814 684 899 709 una
939 667 1230 724 appellatione
1269 669 1550 719 mundantur,

127 761 267 802 neque
295 746 374 786 sub
404 747 604 794 secunda,
639 746 714 788 sed
742 745 823 786 nisi
853 756 893 786 et
922 743 1045 786 tertia
1085 744 1317 801 appellatio
1346 745 1548 808 nemine-

126 834 208 872 tur,
237 838 366 863 nemo
397 824 641 864 mundatur.
712 821 804 864 Nisi
841 821 955 863 enim
993 823 1038 863 in
1079 833 1223 877 patre,
1264 835 1306 864 et
1344 823 1462 873 filio,
1503 834 1545 864 et

127 899 292 954 Spiritu
319 910 465 941 sancto
497 897 626 941 fueris
655 899 901 948 mundatus,
928 900 1115 940 mundus
1146 915 1231 941 esse
1259 916 1352 942 non
1373 901 1547 956 poteris.

127 975 364 1031 Propterea
411 990 510 1027 ergo
559 991 668 1031 quae
719 991 800 1030 pro
852 975 1157 1016 emundatione
1201 977 1549 1028 ostendebantur,

124 1069 216 1093 non
244 1054 388 1102 semel,
415 1068 556 1108 neque
584 1052 751 1101 iterum,
781 1053 855 1093 sed
885 1040 1012 1093 tertio
1041 1052 1345 1104 ostenduntur,
1385 1065 1425 1094 et
1462 1065 1548 1095 ter-

126 1129 186 1170 tio
217 1129 549 1185 praecipiuntur.
605 1127 740 1169 Erant
781 1144 879 1180 ergo
927 1129 1070 1170 omnia
1099 1127 1145 1170 in
1173 1127 1248 1170 illo
1278 1128 1409 1170 linteo
1441 1146 1547 1185 qua·

127 1205 349 1262 drupedia‚
381 1218 422 1248 et
449 1205 630 1262 reptilia,
661 1217 701 1246 et
729 1205 922 1248 volucres
954 1206 1074 1248 coeli.
1124 1206 1182 1248 Et
1212 1217 1312 1261 post
1340 1206 1443 1248 haec
1473 1223 1548 1248 co-

98 1321 99 1324 ,
124 1284 292 1336 gitabat,
321 1282 472 1339 inquit,
501 1282 613 1324 intra
643 1295 774 1324 semet
801 1282 941 1339 ipsum
973 1283 1145 1333 Petrus,
1177 1283 1281 1339 quid
1310 1283 1396 1324 hoc
1427 1296 1545 1327 esset.

123 1359 178 1400 Et
207 1361 346 1401 adhuc
385 1377 436 1401 eo
468 1360 678 1411 cogitante
716 1372 1072 1415 supervenerunt,
1112 1360 1274 1416 inquit,
1312 1360 1378 1411 hi,
1419 1361 1492 1418 qui
1523 1379 1548 1404 a

127 1437 329 1479 Cornelio
362 1429 612 1479 centurione
639 1436 753 1479 missi
782 1439 950 1478 fuerant
979 1453 1027 1478 ex
1054 1436 1137 1479 hac
1169 1437 1357 1489 civitate,
1395 1439 1441 1481 id
1473 1451 1546 1490 est,

126 1531 150 1555 a
181 1514 386 1556 Caesarea
415 1514 461 1555 in
491 1514 648 1569 Joppe.
707 1513 774 1554 Ibi
803 1530 988 1570 namque
1019 1526 1108 1556 erat
1136 1514 1301 1565 Petrus,
1331 1528 1371 1558 et
1398 1517 1547 1573 hospi-

123 1592 293 1632 tabatur
320 1591 434 1649 apud
465 1590 686 1632 Simonem
719 1592 932 1646 quendam
964 1591 1204 1634 coriarium.
1253 1591 1374 1635 Bene
1403 1605 1548 1636 autem

123 1666 272 1708 Petrus
301 1657 416 1722 apud
447 1668 676 1709 coriarium
703 1679 870 1717 manet,
897 1668 1018 1709 illum
1050 1670 1249 1720 sortasse,
1279 1671 1333 1712 de
1361 1687 1448 1726 quo
1482 1671 1549 1713 di-

124 1745 181 1785 cit
207 1744 309 1794 Job,
340 1745 437 1800 quia
465 1746 604 1800 „pelle
620 1743 666 1801 ⁴²)
703 1761 773 1786 me
803 1756 844 1785 et
875 1762 1002 1787 earne
1030 1746 1250 1789 induisti.“
1322 1748 1409 1790 Sed
1439 1749 1546 1790 haec

123 1821 168 1863 in
200 1837 365 1863 excessu
409 1822 520 1863 dicta
561 1822 653 1863 sint.
728 1822 906 1863 Interim
947 1824 1272 1878 superveniunt,
1320 1824 1393 1880 qui
1432 1825 1547 1868 missi

122 1899 292 1940 fuerant
321 1915 344 1940 a
375 1897 580 1941 Cornelio
617 1901 671 1941 ad
700 1898 897 1941 Petrum:
937 1916 1046 1956 quos
1083 1899 1157 1941 ille
1185 1901 1438 1957 suscipiens,
1468 1920 1545 1944 au-

124 1976 188 2018 dit
215 1977 268 2017 ab
297 1975 360 2025 iis,
390 1993 500 2032 quae
534 1977 614 2018 sibi
655 1975 882 2018 Cornelius
923 1978 1110 2019 mandat.
1185 1979 1241 2019 Et
1281 1980 1544 2022 descendens

126 2055 180 2095 de
208 2052 521 2109 superIoribus,
560 2054 671 2095 venit
709 2057 764 2096 ad
805 2054 1068 2097 Cornelium.
1135 2055 1379 2105 Descendit,
1421 2057 1545 2099 dicit:

124 2130 265 2171 adhuc
308 2129 420 2170 enim
459 2132 660 2172 deorsum
700 2143 789 2173 erat
830 2132 1078 2182 Cornelius,
1115 2131 1230 2174 etin
1271 2132 1545 2177 inferioribus

123 2208 333 2249 manebat.
405 2206 530 2248 Venit
568 2224 666 2262 ergo
712 2208 990 2259 Caesaream,
1033 2209 1190 2251 invenit
1228 2211 1386 2252 multos
1429 2214 1545 2267 apud

125 2283 702 2337 Cornelium-c0ngregatos‚
745 2298 785 2328 et
816 2285 873 2328 ait
911 2287 962 2327 ad
997 2303 1068 2329 eos
1098 2299 1196 2342 post
1225 2288 1380 2328 multa:
1415 2301 1483 2338 „et
1499 2289 1545 2345 ⁵)

122 2362 241 2411 mihi,
270 2361 421 2417 inquit,
452 2363 635 2404 ostendit
666 2363 797 2413 Deus,
826 2362 1041 2405 neminem
1062 2380 1335 2406 communem
1361 2377 1434 2406 aut
1461 2365 1544 2407 im-

123 2440 337 2480 mundum
377 2440 519 2481 dicere
558 2440 829 2483 hominem.“
913 2440 1014 2482 Non
1061 2441 1227 2482 videtur
1276 2441 1354 2482 tibi
1392 2441 1545 2484 Petrus

123 2517 357 2572 Apostolus
389 2518 684 2573 quadrupedia
713 2518 786 2560 illa
817 2518 975 2569 omnia,
1008 2529 1048 2560 et
1076 2518 1258 2575 reptilia,
1289 2530 1329 2560 et
1357 2519 1545 2562 volatilia

241 2697 287 2750 ¹)
314 2696 427 2743 Edd.
456 2699 652 2743 Merlini:
683 2701 897 2744 edocetur.

239 2767 286 2822 ²)
316 2767 427 2810 Edd.
457 2768 653 2812 Merliui:
682 2771 808 2813 dicta.
925 2770 973 2827 ³)
1005 2772 1099 2817 Act.
1127 2770 1184 2824 X,
1215 2774 1279 2819 15.

238 2837 285 2892 ⁴)
314 2838 416 2881 Job.
447 2840 502 2892 X,
533 2842 598 2886 11.
719 2841 764 2897 ⁵)
792 2843 886 2885 Act.
913 2841 972 2894 X,
998 2843 1065 2888 28.
