1752 3136
452 136 496 165 m
528 123 777 165 Lx-:vrrmum
807 120 1005 161 HommA
1038 120 1130 161 VII.
1415 120 1499 162 305

89 252 148 286 ea,
179 251 286 292 quae
315 251 441 290 supra
474 235 581 275 dicta
612 244 719 281 sunt,
747 231 965 273 sumimus.
1024 230 1079 270 Et
1109 242 1352 286 propterea,
1383 244 1503 286 puto,

88 314 324 368 Apostolus
355 311 508 350 Paulus
541 311 592 349 dc
622 309 798 357 talibus,
837 307 959 347 velut.
992 307 1224 347 immundis
1255 307 1505 348 animalibus

90 390 210 430 dicit:
242 405 362 438 „cum
382 386 423 441 ¹)
454 383 699 440 hujusmodi
729 400 808 424 nec
840 384 981 424 cibum
1015 390 1222 425 sumere.“
1278 386 1436 426 Verum
1459 398 1506 426 ut

90 465 318 507 evidentius
347 462 421 503 tibi
452 472 665 516 patescant
694 461 746 501 ad
776 460 1061 508 intellectum,
1093 477 1200 514 quae
1231 460 1418 511 dicimus,
1451 464 1503 503 de

89 540 318 597 majoribus
351 554 565 580 sumamus
598 537 858 592 exemplum,
889 549 935 578 ut
964 537 1064 578 inde
1093 536 1293 591 paulatim
1328 540 1502 580 dvscen-

90 621 231 659 dentes
261 632 392 670 usque
429 615 482 654 ad
512 613 713 655 inferiora
744 616 971 659 veniamus.
1039 614 1255 655 Dominus
1287 626 1327 655 et
1357 615 1500 657 Salva-

87 705 156 735 tor
184 704 327 733 noster
357 691 478 732 dicit:
510 690 676 746 „nisi²)
708 690 1059 731 manducaveritis
1091 707 1261 731 carnem
1283 709 1434 742 meam,
1465 706 1503 733 ct

85 768 271 810 biberitis
301 766 544 819 sanguinem
578 783 743 816 meum,
781 783 871 808 non
902 766 1110 808 habebitis
1148 768 1272 810 vitam
1304 770 1348 811 in
1383 772 1502 812 vobis

84 845 193 901 ipsiS.
254 844 364 885 Caro
398 844 571 898 enim3)
601 861 693 885 mea
724 860 820 884 vere
851 854 911 884 est
941 843 1081 892 cibus,
1123 855 1161 884 et
1191 846 1355 896 sanguis
1385 863 1501 888 meus

84 938 180 963 vere
211 934 269 964 est
298 926 467 977 potuS.“
522 921 642 961 Jesus
672 935 772 971 ergo
814 919 910 975 quia
948 930 1060 960 totus
1101 936 1147 959 ex
1188 932 1278 962 toto
1320 925 1505 966 mundus

51 981 57 999 ε
86 1010 158 1047 est,
188 1010 277 1039 tota
308 997 395 1054 ejus
427 1014 525 1038 caro
559 997 676 1038 cibus
706 1007 787 1046 est,
828 1007 868 1036 et
897 1006 1009 1036 totus
1050 997 1216 1047 sanguis
1257 997 1343 1053 ejus
1373 1014 1501 1055 potus

85 1087 165 1117 est:
197 1075 294 1130 quia
326 1090 453 1115 omne
493 1090 599 1128 opus
638 1071 724 1128 ejus
753 1083 946 1114 sanctum
977 1082 1058 1120 est,
1107 1082 1148 1112 et
1188 1075 1324 1115 omnis
1360 1093 1498 1117 sermo

85 1149 174 1206 ejus
205 1166 325 1191 verus
356 1161 426 1191 est.
483 1135 716 1205 Propterea
749 1164 847 1199 ergo
882 1159 922 1189 et
952 1164 1048 1189 caro
1081 1146 1321 1204 eitls¹x'er113
1354 1165 1412 1193 est
1444 1156 1501 1195 ci-

84 1228 176 1279 bus,
208 1239 247 1267 et
275 1225 440 1279 sanguis
479 1224 566 1282 ejus
604 1242 723 1267 verus
764 1236 825 1266 est
864 1237 1001 1281 potus.
1078 1225 1285 1269 Carnibus
1317 1231 1427 1271 enim
1462 1245 1501 1273 et

84 1303 284 1356 sanguine
313 1302 429 1344 verbi
459 1302 522 1343 sui
551 1314 752 1357 tanquam
784 1303 950 1343 mundo
995 1302 1092 1344 cibo
1134 1319 1182 1344 ac
1212 1316 1341 1359 potu,
1379 1320 1500 1364 potat

86 1392 125 1421 et
154 1381 284 1422 reficit
315 1396 443 1421 omne
472 1379 695 1420 hominum
738 1395 877 1432 genus.
949 1379 1150 1420 Secundo
1190 1380 1235 1421 in
1278 1382 1361 1424 hoc
1400 1360 1497 1427 loco

83 1469 181 1513 post
210 1458 322 1499 illius
353 1473 542 1506 carnem,
582 1458 768 1497 mundus
809 1457 926 1498 cibus
967 1468 1025 1497 cst
1055 1456 1228 1507 Petrus,
1259 1470 1299 1499 et
1329 1459 1499 1513 Paulus,

86 1546 126 1574 et
157 1550 304 1575 omnes
333 1532 542 1589 Apostoli.
599 1532 745 1573 Tertio
786 1534 884 1573 loco
925 1531 1119 1588 discipuli
1153 1551 1327 1578 eorum:
1371 1550 1409 1580 et
1439 1541 1496 1581 sic

86 1609 372 1666 unusquisque
401 1625 481 1666 pro
513 1609 743 1664 quantitate
773 1609 1038 1659 meritorum,
1065 1610 1130 1650 vel
1148 1627 1344 1654 sensuum
1381 1619 1498 1670 puri-

81 1698 179 1736 tate,
207 1686 402 1741 proximo
433 1702 510 1727 suo
542 1686 726 1727 mundus
757 1687 939 1727 efficitur
969 1687 1097 1728 cibus.
1168 1688 1284 1729 Haec
1323 1691 1394 1746 qui
1425 1710 1500 1734 au-

84 1763 176 1804 dire
204 1761 348 1812 nescit,
379 1764 628 1817 detorqueat
656 1764 851 1812 fortassis,
884 1774 923 1803 et
951 1774 1107 1804 avertat
1125 1764 1314 1806 auditum
1347 1784 1510 1810 secun-⁴

87 1841 186 1880 dum
227 1840 342 1886 illos,
383 1838 456 1894 qui
496 1837 714 1880 dicebant:
755 1842 1004 1895 „quomodo
1021 1839 1066 1896 4)
1108 1841 1226 1881 dabit
1266 1845 1391 1886 nobis
1432 1847 1498 1888 hic

84 1932 253 1956 carnem
283 1932 403 1956 suam
433 1915 723 1958 manducare?
781 1916 887 1971 Quis
916 1929 1057 1973 potest
1088 1918 1235 1960 audire
1265 1921 1393 1963 eum?
1442 1925 1498 1965 Et

86 1993 365 2034 discesserunt
395 1992 447 2032 ab
479 1997 570 2033 eo.“
640 1993 725 2035 Sed
765 2010 837 2035 vos
876 1994 909 2035 si
947 1994 1023 2035 filii
1068 1995 1160 2036 estis
1202 1997 1420 2049 ecclesiae,
1464 2001 1497 2042 si

84 2067 344 2120 Evangelicis
373 2067 526 2109 imbuti
555 2068 780 2126 mysteriis,
817 2068 852 2110 si
880 2070 1072 2110 Verbum
1106 2088 1202 2112 caro
1234 2075 1391 2116 factum
1422 2078 1496 2118 ha-

85 2143 190 2185 bitat
219 2143 263 2184 in
293 2145 426 2193 vobis,
458 2146 669 2196 agnoscite
699 2163 807 2202 quae
837 2145 1026 2196 dicimus,
1059 2148 1155 2202 quia
1178 2150 1357 2193 Domini
1386 2166 1495 2205 sunt,

84 2236 140 2261 ne
170 2222 291 2270 forte,
322 2219 394 2276 qui
423 2219 602 2272 ignorat,
630 2221 859 2272 ignoretur.
919 2224 1168 2275 Agnoscite,
1214 2226 1311 2281 quia
1341 2228 1497 2279 figurae

47 2349 49 2354 ἲ
85 2308 193 2347 sunt,
225 2313 331 2352 quae
368 2297 414 2337 in
455 2297 603 2338 divinis
642 2300 928 2341 voluminibus
965 2300 1118 2356 scripta
1157 2314 1278 2353 sunt,
1321 2316 1360 2344 et
1398 2304 1496 2347 ideo

84 2384 283 2428 tanquam
315 2372 569 2429 spirituales,
616 2386 654 2415 et
682 2392 771 2416 non
802 2387 1003 2432 tanquam
1037 2380 1221 2420 carnales
1254 2380 1497 2432 examinato,

88 2461 127 2491 et
153 2448 370 2503 intelligite
402 2466 510 2506 quae
539 2451 750 2495 dicuntur.
821 2452 865 2494 Si
906 2453 1018 2495 enim
1060 2455 1178 2510 quasi
1210 2458 1394 2499 carnales
1425 2458 1496 2503 ista

202 2635 246 2690 1>
278 2635 297 2675 Ι
328 2635 429 2676 Cor.
460 2637 512 2686 V,
548 2638 611 2680 11.

201 2704 246 2760 ²)
280 2705 366 2746 Cfr.
399 2721 458 2747 ev.
487 2706 643 2748 Joann.
677 2706 746 2757 VI,
775 2709 843 2752 53.
872 2709 939 2752 55.

200 2773 248 2826 ³)
278 2773 407 2816 Deest
434 2775 602 2825 „enim“
631 2775 674 2816 in
706 2778 768 2817 ed.
801 2779 851 2821 R.

202 2841 249 2898 ¹²)
284 2842 358 2884 Ev.
389 2844 548 2885 Joann.
570 2844 651 2894 ‘VL
682 2846 749 2887 52.
779 2848 847 2891 60.
877 2850 942 2894 66.

91 2917 312 2963 OmGEms
346 2920 518 2964 OPERA.
550 2920 670 2965 Tom.
702 2923 776 2965 IX.
811 2917 814 2919 ’
1115 2928 1171 2968 20
