1752 3136
257 102 343 146 340
862 98 1085 142 Omemus

260 194 581 268 terioraffi'quod
599 223 657 253 est
673 210 781 253 intra
803 212 940 254 velum
962 223 1057 253 ante
1081 222 1356 267 conspectum
1379 213 1681 269 propitiatorii,

264 292 381 348 quod
414 302 472 334 est
500 306 626 346 supra
658 306 798 331 arcam
829 289 1077 331 testimonii:
1119 301 1158 330 et
1196 306 1285 330 non
1315 290 1561 331 morietur.“
1617 291 1680 330 Ex

264 385 350 425 quo
386 367 634 417 ostenditur,
663 367 805 422 quod,
836 365 868 408 si
900 366 1017 407 omni
1038 367 1079 422 ¹)
1118 367 1224 407 hora
1258 368 1440 408 introeat
1469 367 1513 407 in
1543 379 1683 407 sancta

265 461 357 486 non
387 455 682 500 praeparatus,
725 460 816 485 non
855 444 1028 486 indutus
1067 444 1385 500 pontificalibus
1415 443 1686 494 indumentis,

267 537 407 578 neque
435 520 592 572 hostiis,
624 538 732 576 quae
761 533 936 564 statutae
965 534 1076 573 sunt,
1107 522 1385 578 praeparatis,
1416 537 1555 577 neque
1583 538 1687 576 pro-

267 599 416 656 pitiato
447 598 564 654 prius
593 598 707 647 Deo,
735 597 956 640 morietur.
1023 598 1080 639 Et
1110 597 1215 654 juste
1246 599 1443 653 quidem,
1482 610 1687 653 tanquam

270 676 344 733 qui
372 692 462 718 non
491 675 639 716 fecerit
669 691 730 724 ea,
764 691 870 729 quae
902 675 1099 716 convenit
1128 676 1221 718 fieri
1252 689 1477 732 antequam
1511 677 1686 716 acceda-

269 766 339 796 tur
378 755 432 794 ad
471 753 599 793 altare
628 750 723 792 Dei.
792 751 954 793 Omnes
992 767 1070 792 nos
1111 751 1186 793 iste
1224 769 1363 794 sermo
1408 752 1687 806 contingit‚²)

273 833 327 874 ad
359 845 505 871 omnes
534 826 728 885 pertinet,
759 829 879 882 quod
910 828 978 869 hic
1001 827 1191 883 loquitur
1208 830 1297 880 lex3
1327 830 1542 884 praecepit
1563 829 1690 878 enim,

274 920 321 948 ut
350 907 554 955 sciamus,
593 905 817 960 quomodo
857 906 1059 947 accedere
1089 906 1318 947 debeamus
1349 907 1403 946 ad
1434 906 1564 946 altare
1594 905 1689 945 Dei.

274 984 420 1025 Altare
451 982 563 1023 enim
594 993 664 1031 est,
691 998 818 1037 super
849 984 967 1038 quod
1008 982 1222 1025 orationes
1263 995 1427 1024 nostras
1470 983 1691 1023 offerimus

274 1061 388 1111 Deo,
415 1071 463 1100 ut
490 1058 680 1108 sciamus,
712 1060 935 1113 quomodo
977 1062 1207 1102 debeamus
1241 1062 1420 1110 offerre,
1459 1059 1618 1102 scilicet
1646 1069 1694 1098 ut

279 1140 545 1194 deponamus
576 1135 819 1177 vestimenta
849 1136 1036 1187 sordida,
1069 1154 1176 1193 quae
1207 1150 1266 1179 est
1296 1139 1431 1180 carnis
1460 1136 1693 1178 immundi-

278 1215 349 1265 tia,
376 1229 549 1256 morum
577 1211 695 1264 vitia,
744 1213 1064 1268 inquinamenta
1098 1214 1342 1261 libidinum.
1408 1216 1496 1256 Aut
1524 1215 1693 1266 ignoras

278 1293 357 1334 tibi
380 1307 579 1348 quoque,
623 1289 669 1330 id
702 1301 784 1340 est,
837 1290 956 1332 omni
985 1292 1185 1333 ecclesiae
1214 1292 1320 1343 Dei,
1362 1304 1402 1334 et
1431 1291 1696 1333 credentium

276 1370 446 1425 populo
476 1366 762 1409 sacerdotium
793 1367 972 1410 datum?
1031 1369 1170 1418 Audi,
1200 1370 1421 1425 quomodo
1451 1369 1601 1410 Petrus
1633 1368 1696 1410 di-

280 1447 338 1487 cit
369 1446 421 1485 de
450 1444 669 1486 fidelibus:
700 1445 932 1501 ‚‚genus‚3)
962 1444 1112 1502 inquit,
1143 1446 1347 1496 electum,
1388 1446 1528 1497 regale
1557 1462 1697 1487 sacer-

280 1521 471 1571 dotium,
500 1536 598 1573 gens
627 1533 788 1572 sancta,
817 1524 1004 1578 populus
1042 1523 1088 1563 in
1128 1522 1491 1578 acquisitionem.“
1555 1522 1698 1563 Habes

281 1616 381 1652 ergo
409 1598 709 1649 sacerdotium,
740 1597 836 1654 quia
867 1615 965 1652 gens
995 1599 1266 1659 sacerdotalis
1298 1616 1361 1650 es,
1411 1612 1451 1642 et
1490 1600 1588 1642 ideo
1630 1601 1696 1641 of-

281 1679 392 1718 ferre
423 1676 550 1717 debes
579 1675 677 1716 Deo
709 1676 889 1718 hostiam
922 1677 1070 1727 laudis,
1103 1676 1283 1718 hostiam
1316 1677 1586 1727 orationum,
1615 1677 1698 1717 ho-

279 1753 401 1796 stiam
431 1751 757 1803 misericordiae,
788 1753 969 1795 hostiam
997 1752 1249 1809 pudicitiae,
1295 1754 1475 1795 hostiam
1505 1752 1699 1810 justitiae,

280 1831 464 1872 hostiam
494 1828 730 1871 sanctitatis.
791 1831 877 1873 Sed
907 1842 955 1872 ut
983 1830 1088 1872 haec
1118 1831 1242 1882 digne
1275 1832 1440 1880 offeras,
1468 1830 1699 1871 indumen-

284 1909 333 1950 tis
362 1907 439 1948 tibi
469 1923 576 1962 opus
605 1918 666 1948 est
695 1907 888 1957 mundis,
930 1919 971 1949 et
1006 1909 1225 1961 segregatis
1265 1924 1289 1948 a
1319 1907 1587 1963 reliquorum
1615 1908 1697 1947 ho-

281 1983 447 2025 minum
479 1983 784 2026 communibus
807 1984 1076 2035 indumentis,
1108 1997 1147 2026 et
1174 1985 1315 2037 ignem
1339 1984 1530 2025 divinum
1554 1999 1698 2025 neces·

286 2060 444 2103 sarium
487 2061 638 2110 habes,
676 2078 765 2103 non
809 2063 994 2119 aliquem
1033 2063 1217 2103 alienum
1250 2079 1272 2104 a
1301 2062 1420 2111 Deo,
1461 2062 1533 2102 sed
1562 2060 1698 2109 illum,

286 2138 358 2194 qui
403 2154 426 2178 a
465 2137 562 2179 Deo
608 2138 852 2180 hominibus
892 2140 1036 2190 datur,
1082 2141 1135 2181 de
1176 2156 1261 2196 quo
1302 2139 1412 2199 filius
1451 2138 1535 2178 Dei
1573 2137 1696 2179 dicit:

281 2215 447 2267 „ignem
468 2215 514 2269 4)
551 2216 646 2269 yeni
682 2215 848 2257 mittere
886 2215 930 2257 in
963 2227 1141 2270 terram,
1186 2229 1226 2258 et
1266 2232 1393 2273 quam
1423 2216 1522 2255 volo
1552 2225 1599 2254 ut
1628 2231 1697 2255 ac-

283 2293 525 2333 cendatur.“
585 2291 630 2333 Si
662 2292 774 2334 enim
804 2310 894 2335 non
922 2294 1018 2345 hoc,
1047 2295 1122 2336 sed
1155 2293 1252 2343 alio,
1284 2303 1324 2333 et
1352 2290 1451 2332 huic
1482 2290 1694 2351 contrario

282 2369 367 2422 igni
396 2382 586 2420 utamur,
622 2369 721 2421 illo,
754 2371 825 2426 qui
855 2387 898 2412 se
929 2372 1195 2423 transfigurat
1223 2369 1328 2412 sicut
1357 2369 1552 2420 angelum
1582 2367 1697 2417 lucis,

401 2572 447 2626 ¹)
475 2572 554 2613 Ed.
584 2566 720 2615 Ruaei
749 2574 860 2616 sola:
890 2575 935 2616 in
969 2575 1087 2616 omni
1117 2575 1222 2615 hora
1253 2585 1328 2614 etc.

397 2650 445 2703 ²)
476 2648 636 2690 Omnes
676 2650 775 2692 Mss.
812 2650 1083 2704 ‚,contingit.“
1151 2650 1265 2692 Libri
1308 2649 1408 2690 editi
1442 2648 1501 2703 (v,
1534 2663 1567 2687 c.
1600 2647 1692 2688 edd.

282 2704 389 2759 Μ.);
421 2705 735 2758 „constringit.“
764 2707 818 2752 R.

396 2774 442 2829 ³)
472 2774 490 2815 1
520 2774 631 2816 Petr.
663 2775 717 2824 11,
746 2775 784 2817 9.

393 2843 441 2899 ⁴)
472 2843 571 2886 Luc.
601 2844 699 2894 ΧΠ,
728 2845 797 2887 49.
