<?xml version="1.0" encoding="UTF-8"?>
<!DOCTYPE html PUBLIC "-//W3C//DTD XHTML 1.0 Transitional//EN"
    "http://www.w3.org/TR/xhtml1/DTD/xhtml1-transitional.dtd">
<html xmlns="http://www.w3.org/1999/xhtml" xml:lang="en" lang="en">
 <head>
  <title>
</title>
<meta http-equiv="Content-Type" content="text/html;charset=utf-8" />
  <meta name='ocr-system' content='tesseract 3.04.00' />
  <meta name='ocr-capabilities' content='ocr_page ocr_carea ocr_par ocr_line ocrx_word'/>
</head>
<body>
  <div class='ocr_page' id='page_1' title='image "./operaomniaquaegr09orig_0249.png"; bbox 0 0 1752 3136; ppageno 0'>
   <div class='ocr_carea' id='block_1_1' title="bbox 522 101 1547 151">
    <p class='ocr_par' dir='ltr' id='par_1_1' title="bbox 522 101 1547 151">
     <span class='ocr_line' id='line_1_1' title="bbox 522 101 1547 151; baseline -0.003 -5"><span class='ocrx_word' id='word_1_1' title='bbox 522 115 569 147; x_wconf 77' lang='lat' dir='ltr'><strong>m</strong></span> <span class='ocrx_word' id='word_1_2' title='bbox 597 104 854 147; x_wconf 75' lang='lat' dir='ltr'>LEvmcum</span> <span class='ocrx_word' id='word_1_3' title='bbox 879 101 1078 145; x_wconf 77' lang='lat' dir='ltr'>HomuA</span> <span class='ocrx_word' id='word_1_4' title='bbox 1108 104 1157 144; x_wconf 90' lang='lat' dir='ltr'>V.</span> <span class='ocrx_word' id='word_1_5' title='bbox 1461 106 1547 151; x_wconf 81' lang='lat'>237</span> 
     </span>
    </p>
   </div>
   <div class='ocr_carea' id='block_1_2' title="bbox 129 213 1549 1111">
    <p class='ocr_par' dir='ltr' id='par_1_2' title="bbox 129 213 1549 1111">
     <span class='ocr_line' id='line_1_2' title="bbox 134 213 1548 273; baseline -0.001 -13"><span class='ocrx_word' id='word_1_6' title='bbox 134 218 207 261; x_wconf 75' lang='lat' dir='ltr'>stri</span> <span class='ocrx_word' id='word_1_7' title='bbox 235 232 462 273; x_wconf 84' lang='lat' dir='ltr'>personam</span> <span class='ocrx_word' id='word_1_8' title='bbox 492 216 651 257; x_wconf 80' lang='lat' dir='ltr'>referri.</span> <span class='ocrx_word' id='word_1_9' title='bbox 708 216 779 255; x_wconf 86' lang='lat' dir='ltr'>De</span> <span class='ocrx_word' id='word_1_10' title='bbox 806 214 917 255; x_wconf 84' lang='lat' dir='ltr'>illius</span> <span class='ocrx_word' id='word_1_11' title='bbox 948 213 1061 254; x_wconf 76' lang='lat' dir='ltr'>enim</span> <span class='ocrx_word' id='word_1_12' title='bbox 1090 213 1296 255; x_wconf 72' lang='lat' dir='ltr'>sacrificio</span> <span class='ocrx_word' id='word_1_13' title='bbox 1325 231 1418 257; x_wconf 88' lang='lat' dir='ltr'>non</span> <span class='ocrx_word' id='word_1_14' title='bbox 1449 219 1548 259; x_wconf 82' lang='lat' dir='ltr'>ede-</span> 
     </span>
     <span class='ocr_line' id='line_1_3' title="bbox 131 289 1549 345; baseline -0.001 -10"><span class='ocrx_word' id='word_1_15' title='bbox 131 306 214 344; x_wconf 75' lang='lat' dir='ltr'>tur,</span> <span class='ocrx_word' id='word_1_16' title='bbox 242 295 316 335; x_wconf 84' lang='lat' dir='ltr'>sed</span> <span class='ocrx_word' id='word_1_17' title='bbox 343 293 639 334; x_wconf 75' lang='lat' dir='ltr'>holocaustum</span> <span class='ocrx_word' id='word_1_18' title='bbox 668 291 756 332; x_wconf 85' lang='lat' dir='ltr'>erit.</span> <span class='ocrx_word' id='word_1_19' title='bbox 816 289 914 332; x_wconf 91' lang='lat' dir='ltr'>Hoc</span> <span class='ocrx_word' id='word_1_20' title='bbox 944 289 990 330; x_wconf 83' lang='lat' dir='ltr'>in</span> <span class='ocrx_word' id='word_1_21' title='bbox 1026 291 1128 331; x_wconf 91' lang='lat' dir='ltr'>loco</span> <span class='ocrx_word' id='word_1_22' title='bbox 1157 291 1423 345; x_wconf 85' lang='lat' dir='ltr'>sacrificium,</span> <span class='ocrx_word' id='word_1_23' title='bbox 1453 310 1549 334; x_wconf 84' lang='lat' dir='ltr'>ver-</span> 
     </span>
     <span class='ocr_line' id='line_1_4' title="bbox 132 366 1548 424; baseline 0.001 -15"><span class='ocrx_word' id='word_1_24' title='bbox 132 371 237 411; x_wconf 82' lang='lat' dir='ltr'>bum</span> <span class='ocrx_word' id='word_1_25' title='bbox 268 370 406 424; x_wconf 80' lang='lat' dir='ltr'>ipsum</span> <span class='ocrx_word' id='word_1_26' title='bbox 435 366 726 422; x_wconf 80' lang='lat' dir='ltr'>accipiendum</span> <span class='ocrx_word' id='word_1_27' title='bbox 757 377 841 416; x_wconf 85' lang='lat' dir='ltr'>est,</span> <span class='ocrx_word' id='word_1_28' title='bbox 884 377 923 407; x_wconf 84' lang='lat' dir='ltr'>et</span> <span class='ocrx_word' id='word_1_29' title='bbox 952 367 1171 417; x_wconf 83' lang='lat' dir='ltr'>doctrina,</span> <span class='ocrx_word' id='word_1_30' title='bbox 1210 369 1263 409; x_wconf 87' lang='lat' dir='ltr'>de</span> <span class='ocrx_word' id='word_1_31' title='bbox 1292 385 1375 424; x_wconf 83' lang='lat' dir='ltr'>qua</span> <span class='ocrx_word' id='word_1_32' title='bbox 1404 371 1548 412; x_wconf 87' lang='lat' dir='ltr'>nullus</span> 
     </span>
     <span class='ocr_line' id='line_1_5' title="bbox 134 443 1547 498; baseline -0.001 -11"><span class='ocrx_word' id='word_1_33' title='bbox 134 449 241 496; x_wconf 83' lang='lat' dir='ltr'>edet,</span> <span class='ocrx_word' id='word_1_34' title='bbox 271 447 353 486; x_wconf 87' lang='lat' dir='ltr'>hoc</span> <span class='ocrx_word' id='word_1_35' title='bbox 384 455 453 493; x_wconf 85' lang='lat' dir='ltr'>est,</span> <span class='ocrx_word' id='word_1_36' title='bbox 481 444 624 484; x_wconf 86' lang='lat' dir='ltr'>nullus</span> <span class='ocrx_word' id='word_1_37' title='bbox 656 443 861 498; x_wconf 82' lang='lat' dir='ltr'>disputat,</span> <span class='ocrx_word' id='word_1_38' title='bbox 900 444 1042 485; x_wconf 82' lang='lat' dir='ltr'>nullus</span> <span class='ocrx_word' id='word_1_39' title='bbox 1073 456 1286 493; x_wconf 77' lang='lat' dir='ltr'><strong>retractat,</strong></span> <span class='ocrx_word' id='word_1_40' title='bbox 1316 446 1391 486; x_wconf 81' lang='lat' dir='ltr'>sed</span> <span class='ocrx_word' id='word_1_41' title='bbox 1419 446 1547 486; x_wconf 89' lang='lat' dir='ltr'>holo-</span> 
     </span>
     <span class='ocr_line' id='line_1_6' title="bbox 134 518 1548 580; baseline 0 -17"><span class='ocrx_word' id='word_1_42' title='bbox 134 534 322 563; x_wconf 82' lang='lat' dir='ltr'>caustum</span> <span class='ocrx_word' id='word_1_43' title='bbox 354 532 422 561; x_wconf 88' lang='lat' dir='ltr'>est.</span> <span class='ocrx_word' id='word_1_44' title='bbox 481 518 697 580; x_wconf 74' lang='lat' dir='ltr'>Quicquid</span> <span class='ocrx_word' id='word_1_45' title='bbox 725 520 836 560; x_wconf 81' lang='lat' dir='ltr'>enim</span> <span class='ocrx_word' id='word_1_46' title='bbox 869 519 993 568; x_wconf 74' lang='lat' dir='ltr'>dixit,</span> <span class='ocrx_word' id='word_1_47' title='bbox 1040 520 1242 576; x_wconf 82' lang='lat' dir='ltr'>quicquid</span> <span class='ocrx_word' id='word_1_48' title='bbox 1272 521 1436 572; x_wconf 79' lang='lat' dir='ltr'>statuit,</span> <span class='ocrx_word' id='word_1_49' title='bbox 1477 539 1548 564; x_wconf 84' lang='lat' dir='ltr'>ae-</span> 
     </span>
     <span class='ocr_line' id='line_1_7' title="bbox 136 596 1548 652; baseline 0 -13"><span class='ocrx_word' id='word_1_50' title='bbox 136 611 249 640; x_wconf 76' lang='lat' dir='ltr'>terna</span> <span class='ocrx_word' id='word_1_51' title='bbox 281 596 599 638; x_wconf 80' lang='lat' dir='ltr'>consecratione</span> <span class='ocrx_word' id='word_1_52' title='bbox 629 597 843 651; x_wconf 78' lang='lat' dir='ltr'>perdurat,</span> <span class='ocrx_word' id='word_1_53' title='bbox 872 612 953 637; x_wconf 87' lang='lat' dir='ltr'>nec</span> <span class='ocrx_word' id='word_1_54' title='bbox 984 596 1131 652; x_wconf 79' lang='lat' dir='ltr'>aliquis</span> <span class='ocrx_word' id='word_1_55' title='bbox 1147 596 1202 638; x_wconf 80' lang='lat' dir='ltr'>ita</span> <span class='ocrx_word' id='word_1_56' title='bbox 1221 597 1258 650; x_wconf 92' lang='lat'>¹)</span> <span class='ocrx_word' id='word_1_57' title='bbox 1283 598 1452 640; x_wconf 80' lang='lat' dir='ltr'>insanus</span> <span class='ocrx_word' id='word_1_58' title='bbox 1481 598 1548 639; x_wconf 77' lang='lat' dir='ltr'>in-</span> 
     </span>
     <span class='ocr_line' id='line_1_8' title="bbox 131 672 1547 730; baseline 0.001 -16"><span class='ocrx_word' id='word_1_59' title='bbox 131 675 316 723; x_wconf 77' lang='lat' dir='ltr'>venitur,</span> <span class='ocrx_word' id='word_1_60' title='bbox 356 684 428 714; x_wconf 86' lang='lat' dir='ltr'>aut</span> <span class='ocrx_word' id='word_1_61' title='bbox 456 673 683 728; x_wconf 80' lang='lat' dir='ltr'>profanus,</span> <span class='ocrx_word' id='word_1_62' title='bbox 718 673 790 727; x_wconf 79' lang='lat' dir='ltr'>qui</span> <span class='ocrx_word' id='word_1_63' title='bbox 821 684 1047 714; x_wconf 78' lang='lat' dir='ltr'>retractare</span> <span class='ocrx_word' id='word_1_64' title='bbox 1077 674 1130 714; x_wconf 84' lang='lat' dir='ltr'>de</span> <span class='ocrx_word' id='word_1_65' title='bbox 1161 672 1249 730; x_wconf 80' lang='lat' dir='ltr'>ejus</span> <span class='ocrx_word' id='word_1_66' title='bbox 1279 675 1547 716; x_wconf 85' lang='lat' dir='ltr'>sermonibus</span> 
     </span>
     <span class='ocr_line' id='line_1_9' title="bbox 130 748 1547 805; baseline 0 -15"><span class='ocrx_word' id='word_1_67' title='bbox 130 750 282 804; x_wconf 83' lang='lat' dir='ltr'><strong>possit:</strong></span> <span class='ocrx_word' id='word_1_68' title='bbox 315 766 418 805; x_wconf 89' lang='lat' dir='ltr'>quos</span> <span class='ocrx_word' id='word_1_69' title='bbox 448 761 649 804; x_wconf 85' lang='lat' dir='ltr'>tanquam</span> <span class='ocrx_word' id='word_1_70' title='bbox 682 748 994 798; x_wconf 78' lang='lat' dir='ltr'>holocaustum,</span> <span class='ocrx_word' id='word_1_71' title='bbox 1023 749 1272 791; x_wconf 81' lang='lat' dir='ltr'>sacrificium</span> <span class='ocrx_word' id='word_1_72' title='bbox 1296 750 1393 791; x_wconf 88' lang='lat' dir='ltr'>Deo</span> <span class='ocrx_word' id='word_1_73' title='bbox 1426 751 1547 792; x_wconf 82' lang='lat' dir='ltr'>obla-</span> 
     </span>
     <span class='ocr_line' id='line_1_10' title="bbox 131 825 1546 882; baseline 0.002 -16"><span class='ocrx_word' id='word_1_74' title='bbox 131 838 232 875; x_wconf 75' lang='lat' dir='ltr'>lum,</span> <span class='ocrx_word' id='word_1_75' title='bbox 262 826 307 866; x_wconf 82' lang='lat' dir='ltr'>in</span> <span class='ocrx_word' id='word_1_76' title='bbox 337 825 455 866; x_wconf 87' lang='lat' dir='ltr'>omni</span> <span class='ocrx_word' id='word_1_77' title='bbox 488 827 604 864; x_wconf 80' lang='lat' dir='ltr'>culm</span> <span class='ocrx_word' id='word_1_78' title='bbox 635 836 673 864; x_wconf 84' lang='lat' dir='ltr'>et</span> <span class='ocrx_word' id='word_1_79' title='bbox 702 826 971 866; x_wconf 75' lang='lat' dir='ltr'>veneratione</span> <span class='ocrx_word' id='word_1_80' title='bbox 1002 827 1160 868; x_wconf 82' lang='lat' dir='ltr'>habere</span> <span class='ocrx_word' id='word_1_81' title='bbox 1191 827 1415 868; x_wconf 85' lang='lat' dir='ltr'>debemus:</span> <span class='ocrx_word' id='word_1_82' title='bbox 1447 827 1546 882; x_wconf 76' lang='lat' dir='ltr'>quia</span> 
     </span>
     <span class='ocr_line' id='line_1_11' title="bbox 129 901 1546 960; baseline 0.001 -18"><span class='ocrx_word' id='word_1_83' title='bbox 129 901 386 956; x_wconf 75' lang='lat' dir='ltr'>„coelum²)</span> <span class='ocrx_word' id='word_1_84' title='bbox 431 913 470 942; x_wconf 84' lang='lat' dir='ltr'>et</span> <span class='ocrx_word' id='word_1_85' title='bbox 515 914 626 942; x_wconf 72' lang='lat' dir='ltr'>terra</span> <span class='ocrx_word' id='word_1_86' title='bbox 664 902 921 951; x_wconf 77' lang='lat' dir='ltr'>transibunt,</span> <span class='ocrx_word' id='word_1_87' title='bbox 959 903 1087 943; x_wconf 80' lang='lat' dir='ltr'>verba</span> <span class='ocrx_word' id='word_1_88' title='bbox 1134 915 1274 944; x_wconf 85' lang='lat' dir='ltr'>autem</span> <span class='ocrx_word' id='word_1_89' title='bbox 1323 902 1408 960; x_wconf 79' lang='lat' dir='ltr'>ejus</span> <span class='ocrx_word' id='word_1_90' title='bbox 1454 921 1546 945; x_wconf 86' lang='lat' dir='ltr'>non</span> 
     </span>
     <span class='ocr_line' id='line_1_12' title="bbox 130 977 1545 1036; baseline 0.001 -16"><span class='ocrx_word' id='word_1_91' title='bbox 130 980 408 1029; x_wconf 79' lang='lat' dir='ltr'>transibunt‚“</span> <span class='ocrx_word' id='word_1_92' title='bbox 438 979 512 1019; x_wconf 87' lang='lat' dir='ltr'>sed</span> <span class='ocrx_word' id='word_1_93' title='bbox 541 994 709 1033; x_wconf 79' lang='lat' dir='ltr'>semper</span> <span class='ocrx_word' id='word_1_94' title='bbox 736 989 923 1027; x_wconf 80' lang='lat' dir='ltr'>manent,</span> <span class='ocrx_word' id='word_1_95' title='bbox 954 977 1061 1018; x_wconf 83' lang='lat' dir='ltr'>sicut</span> <span class='ocrx_word' id='word_1_96' title='bbox 1084 991 1123 1019; x_wconf 87' lang='lat' dir='ltr'>et</span> <span class='ocrx_word' id='word_1_97' title='bbox 1151 979 1241 1035; x_wconf 78' lang='lat' dir='ltr'>ipse</span> <span class='ocrx_word' id='word_1_98' title='bbox 1260 997 1425 1036; x_wconf 84' lang='lat' dir='ltr'>semper</span> <span class='ocrx_word' id='word_1_99' title='bbox 1453 998 1545 1023; x_wconf 87' lang='lat' dir='ltr'>ma-</span> 
     </span>
     <span class='ocr_line' id='line_1_13' title="bbox 130 1054 1549 1111; baseline 0.002 -15"><span class='ocrx_word' id='word_1_100' title='bbox 130 1068 212 1098; x_wconf 81' lang='lat' dir='ltr'>net.</span> <span class='ocrx_word' id='word_1_101' title='bbox 271 1056 354 1097; x_wconf 83' lang='lat' dir='ltr'>Per</span> <span class='ocrx_word' id='word_1_102' title='bbox 381 1056 518 1111; x_wconf 79' lang='lat' dir='ltr'>ipsum</span> <span class='ocrx_word' id='word_1_103' title='bbox 550 1055 647 1095; x_wconf 85' lang='lat' dir='ltr'>Deo</span> <span class='ocrx_word' id='word_1_104' title='bbox 677 1054 794 1095; x_wconf 72' lang='lat' dir='ltr'>Patri</span> <span class='ocrx_word' id='word_1_105' title='bbox 839 1070 934 1094; x_wconf 90' lang='lat' dir='ltr'>cum</span> <span class='ocrx_word' id='word_1_106' title='bbox 966 1054 1129 1110; x_wconf 79' lang='lat' dir='ltr'>Spiritu</span> <span class='ocrx_word' id='word_1_107' title='bbox 1170 1069 1314 1099; x_wconf 82' lang='lat' dir='ltr'>sancto</span> <span class='ocrx_word' id='word_1_108' title='bbox 1345 1058 1479 1111; x_wconf 80' lang='lat' dir='ltr'>gloria</span> <span class='ocrx_word' id='word_1_109' title='bbox 1509 1069 1549 1099; x_wconf 87' lang='lat' dir='ltr'>et</span> 
     </span>
    </p>
   </div>
   <div class='ocr_carea' id='block_1_3' title="bbox 130 1131 1157 1189">
    <p class='ocr_par' dir='ltr' id='par_1_3' title="bbox 130 1131 1157 1189">
     <span class='ocr_line' id='line_1_14' title="bbox 130 1131 1157 1189; baseline 0 -16"><span class='ocrx_word' id='word_1_110' title='bbox 130 1133 357 1189; x_wconf 82' lang='lat' dir='ltr'>imperium</span> <span class='ocrx_word' id='word_1_111' title='bbox 387 1131 431 1172; x_wconf 81' lang='lat' dir='ltr'>in</span> <span class='ocrx_word' id='word_1_112' title='bbox 460 1131 626 1175; x_wconf 79' lang='lat' dir='ltr'>saccula</span> <span class='ocrx_word' id='word_1_113' title='bbox 653 1132 935 1173; x_wconf 80' lang='lat' dir='ltr'>saeculorum.</span> <span class='ocrx_word' id='word_1_114' title='bbox 997 1132 1157 1173; x_wconf 85' lang='lat' dir='ltr'>Amen!</span> 
     </span>
    </p>
   </div>
   <div class='ocr_carea' id='block_1_4' title="bbox 485 1542 1192 1596">
    <p class='ocr_par' dir='ltr' id='par_1_4' title="bbox 485 1542 1192 1596">
     <span class='ocr_line' id='line_1_15' title="bbox 485 1542 1192 1596; baseline 0.01 -7"><span class='ocrx_word' id='word_1_115' title='bbox 485 1542 1045 1594; x_wconf 85' lang='lat' dir='ltr'><strong>HOMILIA</strong></span> <span class='ocrx_word' id='word_1_116' title='bbox 1132 1547 1192 1596; x_wconf 79' lang='lat' dir='ltr'>V.</span> 
     </span>
    </p>
   </div>
   <div class='ocr_carea' id='block_1_5' title="bbox 132 1663 1548 1803">
    <p class='ocr_par' dir='ltr' id='par_1_5' title="bbox 132 1663 1548 1803">
     <span class='ocr_line' id='line_1_16' title="bbox 132 1663 1548 1725; baseline 0.004 -19"><span class='ocrx_word' id='word_1_117' title='bbox 132 1667 200 1706; x_wconf 89' lang='lat' dir='ltr'>De</span> <span class='ocrx_word' id='word_1_118' title='bbox 231 1681 295 1714; x_wconf 83' lang='lat' dir='ltr'>eo,</span> <span class='ocrx_word' id='word_1_119' title='bbox 326 1665 443 1719; x_wconf 82' lang='lat' dir='ltr'>quod</span> <span class='ocrx_word' id='word_1_120' title='bbox 474 1663 675 1718; x_wconf 82' lang='lat' dir='ltr'>scriptum</span> <span class='ocrx_word' id='word_1_121' title='bbox 709 1676 789 1705; x_wconf 80' lang='lat' dir='ltr'>est:</span> <span class='ocrx_word' id='word_1_122' title='bbox 819 1668 1010 1722; x_wconf 78' lang='lat' dir='ltr'>,‚haec³)</span> <span class='ocrx_word' id='word_1_123' title='bbox 1040 1670 1105 1709; x_wconf 82' lang='lat' dir='ltr'>lex</span> <span class='ocrx_word' id='word_1_124' title='bbox 1135 1669 1317 1725; x_wconf 79' lang='lat' dir='ltr'>peccati:</span> <span class='ocrx_word' id='word_1_125' title='bbox 1352 1670 1396 1710; x_wconf 82' lang='lat' dir='ltr'>1&#39;n</span> <span class='ocrx_word' id='word_1_126' title='bbox 1431 1672 1548 1723; x_wconf 82' lang='lat' dir='ltr'>loco,</span> 
     </span>
     <span class='ocr_line' id='line_1_17' title="bbox 188 1740 1490 1803; baseline 0.005 -21"><span class='ocrx_word' id='word_1_127' title='bbox 188 1759 272 1798; x_wconf 87' lang='lat' dir='ltr'>quo</span> <span class='ocrx_word' id='word_1_128' title='bbox 302 1740 607 1798; x_wconf 78' lang='lat' dir='ltr'>jugulabuntur</span> <span class='ocrx_word' id='word_1_129' title='bbox 636 1741 907 1793; x_wconf 79' lang='lat' dir='ltr'>holocausta,</span> <span class='ocrx_word' id='word_1_130' title='bbox 951 1745 1146 1786; x_wconf 83' lang='lat' dir='ltr'>occident</span> <span class='ocrx_word' id='word_1_131' title='bbox 1177 1758 1215 1786; x_wconf 84' lang='lat' dir='ltr'>et</span> <span class='ocrx_word' id='word_1_132' title='bbox 1253 1746 1321 1798; x_wconf 80' lang='lat' dir='ltr'>id,</span> <span class='ocrx_word' id='word_1_133' title='bbox 1371 1750 1490 1803; x_wconf 87' lang='lat' dir='ltr'>quod</span> 
     </span>
    </p>
   </div>
   <div class='ocr_carea' id='block_1_6' title="bbox 565 1817 1107 1872">
    <p class='ocr_par' dir='ltr' id='par_1_6' title="bbox 565 1817 1107 1872">
     <span class='ocr_line' id='line_1_18' title="bbox 565 1817 1107 1872; baseline 0.011 -15"><span class='ocrx_word' id='word_1_134' title='bbox 565 1817 730 1872; x_wconf 82' lang='lat' dir='ltr'>peccati</span> <span class='ocrx_word' id='word_1_135' title='bbox 761 1825 856 1870; x_wconf 87' lang='lat' dir='ltr'>est,“</span> <span class='ocrx_word' id='word_1_136' title='bbox 887 1832 926 1860; x_wconf 85' lang='lat' dir='ltr'>et</span> <span class='ocrx_word' id='word_1_137' title='bbox 957 1833 1107 1863; x_wconf 84' lang='lat' dir='ltr'>cetera.</span> 
     </span>
    </p>
   </div>
   <div class='ocr_carea' id='block_1_7' title="bbox 130 1928 1548 2142">
    <p class='ocr_par' dir='ltr' id='par_1_7' title="bbox 130 1928 1548 2142">
     <span class='ocr_line' id='line_1_19' title="bbox 243 1928 1544 1984; baseline 0.007 -14"><span class='ocrx_word' id='word_1_138' title='bbox 243 1933 280 1974; x_wconf 88' lang='lat'>1.</span> <span class='ocrx_word' id='word_1_139' title='bbox 312 1929 392 1980; x_wconf 82' lang='lat' dir='ltr'>„Et</span> <span class='ocrx_word' id='word_1_140' title='bbox 406 1928 451 1984; x_wconf 77' lang='lat'>⁴¹)</span> <span class='ocrx_word' id='word_1_141' title='bbox 481 1930 648 1973; x_wconf 83' lang='lat' dir='ltr'>locutus</span> <span class='ocrx_word' id='word_1_142' title='bbox 680 1943 738 1973; x_wconf 80' lang='lat' dir='ltr'>est</span> <span class='ocrx_word' id='word_1_143' title='bbox 757 1933 973 1975; x_wconf 77' lang='lat' dir='ltr'>Dominus</span> <span class='ocrx_word' id='word_1_144' title='bbox 1005 1935 1057 1976; x_wconf 80' lang='lat' dir='ltr'>ad</span> <span class='ocrx_word' id='word_1_145' title='bbox 1082 1934 1251 1984; x_wconf 59' lang='lat' dir='ltr'>RIosen,</span> <span class='ocrx_word' id='word_1_146' title='bbox 1283 1935 1447 1978; x_wconf 84' lang='lat' dir='ltr'>dicens:</span> <span class='ocrx_word' id='word_1_147' title='bbox 1478 1939 1544 1978; x_wconf 91' lang='lat' dir='ltr'>lo-</span> 
     </span>
     <span class='ocr_line' id='line_1_20' title="bbox 133 2007 1545 2066; baseline 0.006 -20"><span class='ocrx_word' id='word_1_148' title='bbox 133 2023 260 2062; x_wconf 84' lang='lat' dir='ltr'>quere</span> <span class='ocrx_word' id='word_1_149' title='bbox 290 2008 342 2047; x_wconf 79' lang='lat' dir='ltr'>ad</span> <span class='ocrx_word' id='word_1_150' title='bbox 370 2007 540 2056; x_wconf 85' lang='lat' dir='ltr'>Aaron,</span> <span class='ocrx_word' id='word_1_151' title='bbox 587 2020 625 2049; x_wconf 87' lang='lat' dir='ltr'>et</span> <span class='ocrx_word' id='word_1_152' title='bbox 663 2009 718 2050; x_wconf 84' lang='lat' dir='ltr'>ad</span> <span class='ocrx_word' id='word_1_153' title='bbox 756 2011 866 2051; x_wconf 84' lang='lat' dir='ltr'>filios</span> <span class='ocrx_word' id='word_1_154' title='bbox 907 2008 993 2066; x_wconf 80' lang='lat' dir='ltr'>ejus</span> <span class='ocrx_word' id='word_1_155' title='bbox 1034 2011 1200 2053; x_wconf 79' lang='lat' dir='ltr'>dicens:</span> <span class='ocrx_word' id='word_1_156' title='bbox 1244 2012 1348 2052; x_wconf 82' lang='lat' dir='ltr'>haee</span> <span class='ocrx_word' id='word_1_157' title='bbox 1391 2025 1450 2053; x_wconf 87' lang='lat' dir='ltr'>est</span> <span class='ocrx_word' id='word_1_158' title='bbox 1480 2015 1545 2054; x_wconf 82' lang='lat' dir='ltr'>lex</span> 
     </span>
     <span class='ocr_line' id='line_1_21' title="bbox 130 2082 1548 2142; baseline 0.005 -20"><span class='ocrx_word' id='word_1_159' title='bbox 130 2083 314 2139; x_wconf 78' lang='lat' dir='ltr'>peccati:</span> <span class='ocrx_word' id='word_1_160' title='bbox 341 2082 383 2124; x_wconf 81' lang='lat' dir='ltr'>in</span> <span class='ocrx_word' id='word_1_161' title='bbox 415 2084 537 2133; x_wconf 84' lang='lat' dir='ltr'>loco,</span> <span class='ocrx_word' id='word_1_162' title='bbox 577 2101 662 2140; x_wconf 92' lang='lat' dir='ltr'>quo</span> <span class='ocrx_word' id='word_1_163' title='bbox 693 2085 998 2142; x_wconf 70' lang='lat' dir='ltr'>jugulantur-⁵)</span> <span class='ocrx_word' id='word_1_164' title='bbox 1034 2088 1305 2136; x_wconf 78' lang='lat' dir='ltr'>holocausta,</span> <span class='ocrx_word' id='word_1_165' title='bbox 1351 2088 1548 2129; x_wconf 74' lang='lat' dir='ltr'>occident</span> 
     </span>
    </p>
   </div>
   <div class='ocr_carea' id='block_1_8' title="bbox 133 2160 1547 2215">
    <p class='ocr_par' dir='ltr' id='par_1_8' title="bbox 133 2160 1547 2215">
     <span class='ocr_line' id='line_1_22' title="bbox 133 2160 1547 2215; baseline 0.004 -15"><span class='ocrx_word' id='word_1_166' title='bbox 133 2171 173 2200; x_wconf 78' lang='lat' dir='ltr'>et</span> <span class='ocrx_word' id='word_1_167' title='bbox 202 2160 268 2208; x_wconf 86' lang='lat' dir='ltr'>id,</span> <span class='ocrx_word' id='word_1_168' title='bbox 301 2161 417 2214; x_wconf 88' lang='lat' dir='ltr'>quod</span> <span class='ocrx_word' id='word_1_169' title='bbox 447 2161 609 2215; x_wconf 75' lang='lat' dir='ltr'>peccati</span> <span class='ocrx_word' id='word_1_170' title='bbox 641 2174 699 2204; x_wconf 85' lang='lat' dir='ltr'>est</span> <span class='ocrx_word' id='word_1_171' title='bbox 729 2175 875 2204; x_wconf 82' lang='lat' dir='ltr'>contra</span> <span class='ocrx_word' id='word_1_172' title='bbox 905 2164 1166 2206; x_wconf 83' lang='lat' dir='ltr'>Dominum:</span> <span class='ocrx_word' id='word_1_173' title='bbox 1205 2176 1349 2206; x_wconf 69' lang='lat' dir='ltr'>sancta</span> <span class='ocrx_word' id='word_1_174' title='bbox 1378 2176 1547 2207; x_wconf 79' lang='lat' dir='ltr'>sancto-</span> 
     </span>
    </p>
   </div>
   <div class='ocr_carea' id='block_1_9' title="bbox 128 2332 1546 2442">
    <p class='ocr_par' dir='ltr' id='par_1_9' title="bbox 128 2332 1546 2442">
     <span class='ocr_line' id='line_1_23' title="bbox 249 2332 1546 2394; baseline 0.008 -22"><span class='ocrx_word' id='word_1_175' title='bbox 249 2333 292 2387; x_wconf 72' lang='grc' dir='ltr'>Ῑ)</span> <span class='ocrx_word' id='word_1_176' title='bbox 324 2332 433 2375; x_wconf 90' lang='lat' dir='ltr'>Cod.</span> <span class='ocrx_word' id='word_1_177' title='bbox 468 2334 739 2387; x_wconf 77' lang='lat' dir='ltr'>Sangerman.</span> <span class='ocrx_word' id='word_1_178' title='bbox 770 2338 940 2394; x_wconf 82' lang='lat' dir='ltr'>(itemq.</span> <span class='ocrx_word' id='word_1_179' title='bbox 969 2340 1063 2380; x_wconf 83' lang='lat' dir='ltr'>edd.</span> <span class='ocrx_word' id='word_1_180' title='bbox 1089 2338 1200 2394; x_wconf 72' lang='lat' dir='ltr'>M.):</span> <span class='ocrx_word' id='word_1_181' title='bbox 1231 2337 1311 2388; x_wconf 76' lang='lat' dir='ltr'>„ita</span> <span class='ocrx_word' id='word_1_182' title='bbox 1334 2339 1546 2382; x_wconf 83' lang='lat' dir='ltr'>insanus.“</span> 
     </span>
     <span class='ocr_line' id='line_1_24' title="bbox 128 2389 849 2442; baseline 0.01 -13"><span class='ocrx_word' id='word_1_183' title='bbox 128 2389 176 2430; x_wconf 84' lang='lat' dir='ltr'>In</span> <span class='ocrx_word' id='word_1_184' title='bbox 209 2402 329 2430; x_wconf 78' lang='lat' dir='ltr'>antea</span> <span class='ocrx_word' id='word_1_185' title='bbox 362 2390 481 2430; x_wconf 75' lang='lat' dir='ltr'>editis</span> <span class='ocrx_word' id='word_1_186' title='bbox 514 2393 626 2432; x_wconf 72' lang='lat' dir='ltr'>deest</span> <span class='ocrx_word' id='word_1_187' title='bbox 656 2395 780 2442; x_wconf 83' lang='lat' dir='ltr'>‚‚ita.“</span> <span class='ocrx_word' id='word_1_188' title='bbox 810 2396 849 2435; x_wconf 85' lang='lat' dir='ltr'>R</span> 
     </span>
    </p>
   </div>
   <div class='ocr_carea' id='block_1_10' title="bbox 244 2458 1546 2592">
    <p class='ocr_par' dir='ltr' id='par_1_10' title="bbox 244 2458 1546 2592">
     <span class='ocr_line' id='line_1_25' title="bbox 244 2458 759 2514; baseline 0.017 -17"><span class='ocrx_word' id='word_1_189' title='bbox 244 2458 290 2514; x_wconf 80' lang='lat'>²)</span> <span class='ocrx_word' id='word_1_190' title='bbox 321 2459 472 2502; x_wconf 76' lang='lat' dir='ltr'>Matth.</span> <span class='ocrx_word' id='word_1_191' title='bbox 505 2461 664 2512; x_wconf 86' lang='lat' dir='ltr'>XXIV,</span> <span class='ocrx_word' id='word_1_192' title='bbox 692 2461 759 2506; x_wconf 84' lang='lat'>35.</span> 
     </span>
     <span class='ocr_line' id='line_1_26' title="bbox 244 2527 1546 2592; baseline 0.007 -24"><span class='ocrx_word' id='word_1_193' title='bbox 244 2527 291 2583; x_wconf 85' lang='lat'>3)</span> <span class='ocrx_word' id='word_1_194' title='bbox 321 2529 447 2571; x_wconf 81' lang='lat' dir='ltr'>Levit.</span> <span class='ocrx_word' id='word_1_195' title='bbox 489 2531 568 2583; x_wconf 85' lang='lat' dir='ltr'>Vl,</span> <span class='ocrx_word' id='word_1_196' title='bbox 599 2533 665 2574; x_wconf 78' lang='lat'>25.</span> <span class='ocrx_word' id='word_1_197' title='bbox 703 2550 814 2590; x_wconf 84' lang='lat' dir='ltr'>seqq.</span> <span class='ocrx_word' id='word_1_198' title='bbox 857 2557 911 2565; x_wconf 94' lang='lat'>—</span> <span class='ocrx_word' id='word_1_199' title='bbox 950 2535 1060 2577; x_wconf 83' lang='lat' dir='ltr'><strong>Edd.</strong></span> <span class='ocrx_word' id='word_1_200' title='bbox 1091 2535 1153 2575; x_wconf 82' lang='lat' dir='ltr'>M.</span> <span class='ocrx_word' id='word_1_201' title='bbox 1186 2546 1226 2575; x_wconf 82' lang='lat' dir='ltr'>et</span> <span class='ocrx_word' id='word_1_202' title='bbox 1254 2535 1325 2577; x_wconf 86' lang='lat' dir='ltr'>R.:</span> <span class='ocrx_word' id='word_1_203' title='bbox 1356 2535 1546 2592; x_wconf 83' lang='lat' dir='ltr'>„jugula-</span> 
     </span>
    </p>
   </div>
   <div class='ocr_carea' id='block_1_11' title="bbox 129 2584 328 2625">
    <p class='ocr_par' dir='ltr' id='par_1_11' title="bbox 129 2584 328 2625">
     <span class='ocr_line' id='line_1_27' title="bbox 129 2584 328 2625; baseline 0.015 -3"><span class='ocrx_word' id='word_1_204' title='bbox 129 2584 328 2625; x_wconf 80' lang='lat' dir='ltr'>buntur.“</span> 
     </span>
    </p>
   </div>
   <div class='ocr_carea' id='block_1_12' title="bbox 248 2653 1547 2708">
    <p class='ocr_par' dir='ltr' id='par_1_12' title="bbox 248 2653 1547 2708">
     <span class='ocr_line' id='line_1_28' title="bbox 248 2653 1547 2708; baseline 0.006 -13"><span class='ocrx_word' id='word_1_205' title='bbox 248 2653 294 2707; x_wconf 76' lang='lat'>⁴²)</span> <span class='ocrx_word' id='word_1_206' title='bbox 327 2653 412 2697; x_wconf 78' lang='lat' dir='ltr'>Cfr.</span> <span class='ocrx_word' id='word_1_207' title='bbox 443 2657 569 2701; x_wconf 72' lang='lat' dir='ltr'>[evit.</span> <span class='ocrx_word' id='word_1_208' title='bbox 602 2660 686 2708; x_wconf 87' lang='lat' dir='ltr'>VI,</span> <span class='ocrx_word' id='word_1_209' title='bbox 715 2660 912 2703; x_wconf 76' lang='grc'>24-30,</span> <span class='ocrx_word' id='word_1_210' title='bbox 942 2662 1037 2702; x_wconf 87' lang='lat' dir='ltr'>coll.</span> <span class='ocrx_word' id='word_1_211' title='bbox 1071 2660 1205 2703; x_wconf 87' lang='lat' dir='ltr'><strong>LXX.</strong></span> <span class='ocrx_word' id='word_1_212' title='bbox 1237 2660 1425 2703; x_wconf 82' lang='lat' dir='ltr'>virorum</span> <span class='ocrx_word' id='word_1_213' title='bbox 1455 2678 1547 2703; x_wconf 84' lang='lat' dir='ltr'>ver-</span> 
     </span>
    </p>
   </div>
   <div class='ocr_carea' id='block_1_13' title="bbox 127 2708 261 2750">
    <p class='ocr_par' dir='ltr' id='par_1_13' title="bbox 127 2708 261 2750">
     <span class='ocr_line' id='line_1_29' title="bbox 127 2708 261 2750; baseline 0 0"><span class='ocrx_word' id='word_1_214' title='bbox 127 2708 261 2750; x_wconf 68' lang='lat' dir='ltr'>sfone.</span> 
     </span>
    </p>
   </div>
   <div class='ocr_carea' id='block_1_14' title="bbox 246 2777 1547 2843">
    <p class='ocr_par' dir='ltr' id='par_1_14' title="bbox 246 2777 1547 2843">
     <span class='ocr_line' id='line_1_30' title="bbox 246 2777 1547 2843; baseline 0.008 -24"><span class='ocrx_word' id='word_1_215' title='bbox 246 2777 291 2833; x_wconf 83' lang='lat'>⁵)</span> <span class='ocrx_word' id='word_1_216' title='bbox 323 2779 431 2822; x_wconf 90' lang='lat' dir='ltr'>Cod.</span> <span class='ocrx_word' id='word_1_217' title='bbox 468 2782 761 2835; x_wconf 61' lang='lat' dir='ltr'>Sangcrman.:</span> <span class='ocrx_word' id='word_1_218' title='bbox 793 2784 1101 2841; x_wconf 82' lang='lat' dir='ltr'>‚,jugulantur.“</span> <span class='ocrx_word' id='word_1_219' title='bbox 1146 2788 1263 2830; x_wconf 82' lang='lat' dir='ltr'>Libri</span> <span class='ocrx_word' id='word_1_220' title='bbox 1294 2789 1392 2830; x_wconf 78' lang='lat' dir='ltr'>editi</span> <span class='ocrx_word' id='word_1_221' title='bbox 1425 2790 1478 2843; x_wconf 90' lang='lat' dir='ltr'>(v.</span> <span class='ocrx_word' id='word_1_222' title='bbox 1512 2805 1547 2830; x_wconf 74' lang='lat' dir='ltr'>c,</span> 
     </span>
    </p>
   </div>
   <div class='ocr_carea' id='block_1_15' title="bbox 131 2835 1479 2903">
    <p class='ocr_par' dir='ltr' id='par_1_15' title="bbox 131 2835 1479 2903">
     <span class='ocr_line' id='line_1_31' title="bbox 131 2835 1479 2903; baseline 0.007 -28"><span class='ocrx_word' id='word_1_223' title='bbox 131 2835 225 2876; x_wconf 81' lang='lat' dir='ltr'>edd.</span> <span class='ocrx_word' id='word_1_224' title='bbox 256 2835 362 2892; x_wconf 83' lang='lat' dir='ltr'><strong>M.):</strong></span> <span class='ocrx_word' id='word_1_225' title='bbox 393 2836 763 2894; x_wconf 77' lang='lat' dir='ltr'>‚‚jugulabun1ur.“</span> <span class='ocrx_word' id='word_1_226' title='bbox 794 2843 842 2885; x_wconf 82' lang='lat' dir='ltr'>R.</span> <span class='ocrx_word' id='word_1_227' title='bbox 875 2867 926 2877; x_wconf 91' lang='lat'>—-</span> <span class='ocrx_word' id='word_1_228' title='bbox 959 2842 1048 2890; x_wconf 80' lang='lat' dir='ltr'><strong>Cfr.</strong></span> <span class='ocrx_word' id='word_1_229' title='bbox 1079 2859 1171 2899; x_wconf 83' lang='lat' dir='ltr'>pag.</span> <span class='ocrx_word' id='word_1_230' title='bbox 1203 2845 1290 2903; x_wconf 78' lang='lat' dir='ltr'>huj.</span> <span class='ocrx_word' id='word_1_231' title='bbox 1321 2857 1408 2888; x_wconf 88' lang='lat' dir='ltr'>not.</span> <span class='ocrx_word' id='word_1_232' title='bbox 1438 2847 1479 2888; x_wconf 88' lang='grc'>3.</span> 
     </span>
    </p>
   </div>
  </div>
 </body>
</html>
