1752 3136
487 119 534 150 m
564 105 774 150 Exontm
803 103 1003 146 H'ommA
1028 104 1124 145 ΧΙῘ.
1433 103 1514 148 141

104 238 210 265 num
229 222 274 278 ι)
315 233 375 265 est
405 217 570 261 homini
596 216 818 258 mulierem
847 230 937 255 non
966 226 1138 267 tangere
1150 216 1189 256 :“
1228 216 1342 258 salvo
1372 228 1518 262 tamen

103 299 294 342 remedio
325 298 400 349 his,
430 295 502 352 qui
529 310 610 349 pro
642 291 885 333 infirmitate
908 308 982 333 sua
1004 292 1195 333 remedio
1213 293 1405 346 indigent
1434 312 1518 336 nu-

105 377 238 433 ptiali.
294 376 453 415 Verum
486 382 625 411 tamen
657 367 882 409 consilium
914 367 1134 410 audiamus
1158 369 1519 425 Apostolidicen-

107 453 179 495 tis:
210 450 391 508 ‚‚quia²)
424 461 588 502 tempus
618 447 746 486 breve
778 456 848 495 est,
879 458 1081 502 superest,
1111 457 1158 486 ut
1190 457 1228 486 et
1259 447 1330 502 qui
1360 448 1522 488 habent

112 545 276 578 uxores,
305 538 509 581 tanquam
538 540 628 564 non
658 522 860 564 habentes
889 522 986 572 sint,
1038 534 1078 563 et
1117 522 1190 578 qui
1221 535 1389 574 emunt,
1426 536 1520 566 tan-

113 621 241 660 quam
270 619 360 644 non
389 600 671 658 possidentes,
714 610 753 640 et
785 599 856 655 qui
886 610 1062 640 utuntur
1087 599 1170 639 hoc
1200 601 1388 650 mundo,
1427 612 1522 642 tan-

109 697 235 736 quam
266 696 354 720 non
384 690 568 720 utantur.
612 675 815 718 Praeterit
840 677 952 718 enim
977 675 1144 717 habitus
1174 675 1300 734 hujus
1330 678 1526 730 mundi‚“

106 755 308 814 praeterit
335 755 572 812 temporale
602 770 801 806 reg-um,
848 764 894 793 ut
930 765 1186 808 perpetuum
1214 754 1354 795 veniat
1385 766 1424 795 et
1454 771 1525 795 ae-

110 846 300 875 ternum:
329 833 436 875 sicut
467 844 506 873 et
533 831 577 872 in
604 831 799 872 oratione
832 829 969 871 dicere
992 828 1215 886 jubemur:
1245 830 1465 880 „adveniat
1479 830 1526 887 ³)

110 927 288 963 regnum
317 915 483 951 tuum:“
522 908 567 948 in
599 907 764 949 Christo
806 910 906 949 Jesu
937 906 1127 949 Domino
1159 919 1332 957 nostro,
1372 907 1439 949 cui
1470 918 1530 949 est

117 988 250 1041 gloria
283 998 323 1030 et
350 986 577 1043 imperium
606 985 650 1026 in
681 983 850 1027 saecula
881 984 1164 1026 saeculorum.
1203 982 1362 1025 Amen!

448 1371 1006 1423 HOMILIA
1086 1374 1203 1423 XII.

151 1498 220 1539 De
249 1497 366 1539 vultu
394 1494 528 1537 Mosis
559 1496 819 1549 glorificam,
852 1508 891 1537 et
920 1496 1140 1547 velamine,
1178 1497 1295 1552 quod
1325 1497 1514 1552 ponebat

678 1574 724 1614 in
755 1574 861 1615 facie
896 1591 985 1617 sua.

237 1685 381 1726 Lectio
411 1685 537 1726 nobis
564 1685 705 1727 Exodi
734 1685 904 1728 recitata
936 1698 1016 1737 est,
1046 1703 1157 1742 quae
1185 1703 1264 1729 nos
1296 1688 1350 1729 ad
1386 1685 1555 1729 intelli-⁴

126 1761 288 1816 gentiae
326 1761 667 1818 inquisitionem,
712 1763 777 1803 vel
817 1763 982 1812 incitet,
1020 1763 1084 1804 vel
1121 1765 1310 1818 repellat.
1396 1764 1548 1806 Incitat

127 1850 287 1880 mentes
316 1838 520 1881 studiosas
552 1851 590 1880 et
618 1839 797 1895 liberas3
837 1840 998 1882 desides
1040 1851 1079 1881 et
1110 1852 1337 1896 occupatas
1367 1842 1548 1897 repellit.

131 1916 346 1972 Scriptum
379 1928 438 1958 est
467 1917 606 1958 enim:
638 1917 761 1973 „quia
780 1916 824 1974 4)
866 1918 970 1959 vidit
999 1919 1167 1966 Aaron,
1213 1928 1252 1957 et
1292 1934 1440 1958 omnes
1469 1917 1550 1959 filii

129 1993 258 2035 Israel
288 1993 455 2043 Mosen,
484 2005 525 2034 et
557 2006 644 2037 erat
673 1994 906 2046 glorificata
935 1995 1061 2036 facies
1092 1994 1200 2051 ejus,
1237 2004 1275 2034 et
1307 1994 1430 2035 color
1458 1995 1551 2035 vul-

131 2080 195 2111 tus
230 2069 335 2126 ejus:
370 2082 407 2111 et
437 2071 669 2112 timuerunt
700 2074 900 2114 accedere
925 2073 977 2112 acl
995 2072 1159 2112 illum.“
1205 2072 1374 2126 Etpost
1391 2087 1552 2126 pauca:

134 2148 431 2203 „ponebat,⁵)
471 2147 630 2204 inquit,
669 2149 810 2191 Moses
850 2150 1042 2190 velamen
1078 2165 1206 2204 super
1234 2147 1385 2188 faciem
1417 2164 1553 2193 suam.

137 2223 244 2264 Cum
279 2234 417 2264 autem
448 2223 702 2282 introiretss)
740 2225 847 2282 in⁷>
879 2237 1154 2282 conspectum
1184 2224 1382 2274 Domini,
1412 2235 1458 2265 ut
1486 2225 1554 2265 lo-

136 2312 336 2356 queretur
363 2299 446 2351 illi,
478 2302 720 2356 deponebat
749 2303 981 2345 velamen.“
1048 2304 1165 2344 Haec
1195 2313 1336 2343 autem
1369 2302 1556 2356 Aposto-

136 2378 202 2419 lus
234 2377 438 2419 disserens
469 2379 693 2430 magnifico
724 2380 800 2422 illo
831 2398 977 2432 sensu,
1021 2396 1106 2436 quo
1149 2379 1194 2420 in
1233 2377 1381 2420 ceteris
1410 2376 1558 2427 utitur,

259 2504 300 2558 ¹)
333 2505 353 2544 Ι
379 2503 480 2545 Cor.
509 2504 602 2553 VH,
632 2506 669 2546 1.
790 2505 836 2561 ²)
871 2506 959 2547 Cfr.
990 2505 1008 2544 Ῑ
1042 2504 1141 2545 Cor.
1173 2504 1265 2553 VII,
1295 2503 1363 2546 29.
1392 2504 1461 2547 30.
1491 2503 1560 2546 31.

255 2573 302 2628 ³)
331 2573 484 2615 Matth.
513 2574 585 2625 VI,
618 2577 683 2617 10.
801 2576 847 2631 ⁴²)
875 2576 1011 2617 Exod.
1042 2573 1245 2624 XXXIV,
1275 2573 1343 2616 30.

258 2643 304 2698 ⁵)
336 2643 426 2687 Cfr.
458 2644 595 2686 Exod.
625 2645 827 2696 XXXIV,
856 2648 923 2690 33.
953 2645 1021 2689 34.

258 2713 304 2768 6)
333 2714 457 2756 ΒῙεεα
488 2715 747 2765 „introiret-‘⁴
782 2715 898 2757 Euiti
928 2715 1025 2757 libri
1056 2714 1113 2769 (e.
1147 2731 1179 2755 c.
1211 2714 1305 2756 edd.
1330 2714 1435 2769 M.):
1468 2711 1560 2767 „fn-

143 2769 346 2812 troierit.“
374 2771 426 2812 R.

263 2839 308 2893 ⁷)
339 2839 453 2891 Edd,
485 2840 679 2884 Mer-lini:
713 2842 755 2884 in
789 2854 1020 2899 conspectu
1053 2840 1231 2885 domini.
