1752 3136
420 155 468 184 m
496 108 695 184 Exonmvi
725 138 924 182 HommA
944 138 1061 180 ΧΙΙΙ,
1373 141 1455 187 161

38 255 214 297 niuntur
242 253 351 308 ligna
379 251 668 310 imputribilia.
727 240 796 290 De
828 266 932 291 auro
963 267 1051 291 non
1084 247 1200 301 dixit,
1228 265 1369 306 neque
1399 252 1453 293 de

38 344 237 386 argento,
274 332 388 387 apud
427 345 553 385 quem
591 328 809 368 inventum
851 338 921 368 est.
996 327 1143 368 Potest
1182 325 1295 367 enim
1337 329 1454 382 apud

39 425 186 449 omnes
216 405 393 449 inveniri
421 421 562 448 sensus
594 415 633 445 et
659 419 813 445 sermo.
869 403 955 445 Sed
984 420 1062 444 nec
1094 404 1146 444 de
1164 414 1347 460 quatuor
1377 420 1452 444 co-

36 484 198 526 loribus
229 485 310 524 hoc
343 481 452 523 dixit.
512 480 718 521 Omnium
749 496 934 535 namque
965 491 1023 520 est
1054 496 1102 520 ex
1134 492 1318 535 quatuor
1349 496 1454 521 con-

36 573 144 603 stare
171 561 401 601 secundum
435 573 589 611 corpus
621 557 850 597 elementis.
916 556 1045 608 Ligna
1084 568 1223 597 autern
1254 556 1454 612 imputri-

35 637 148 686 bilia,
180 637 223 677 id
255 646 326 683 est,
354 632 686 688 incorruptionis
719 645 757 674 et
786 632 1028 684 virginitatis
1058 632 1210 685 gratia,
1241 635 1356 688 apud
1386 651 1455 675 ra-

33 730 130 753 rum
171 727 382 766 quemque
429 709 609 750 inveniri
647 721 807 765 potest,
851 710 958 751 sicut
1005 721 1043 750 et
1080 710 1293 751 Dominus
1336 710 1451 752 dicit:

33 788 207 842 „non¹)
259 804 405 829 omnes
452 786 626 843 capiunt
667 788 843 827 verbum
881 786 1016 836 istud,
1068 788 1141 827 sed
1185 787 1338 843 quibus
1382 789 1458 830 da-

31 877 122 907 tum
154 868 254 905 est.“

144 943 180 984 7.
211 941 295 982 Sed
332 952 373 982 et
403 939 698 995 principe3‚²)
740 940 901 996 inquit,
948 942 1197 982 obtulerunt
1226 943 1339 984 dona
1369 961 1457 986 sua.

37 1017 160 1073 Quae
174 1029 269 1060 sunt
287 1018 362 1058 ista
388 1019 515 1065 dona,
539 1032 646 1071 quae
669 1015 883 1071 principes
907 1017 1126 1058 offerunt?
1150 1017 1396 1069 ‚,Gemmas,
1413 1020 1458 1076 3)

36 1095 188 1150 inquit,
222 1095 481 1142 obtulerunt,
512 1104 550 1133 et
581 1091 741 1147 lapides
771 1096 1026 1147 smaragdos,
1060 1107 1098 1135 et
1127 1094 1287 1150 lapides
1319 1097 1458 1152 reple-

35 1172 175 1220 tionis,
206 1183 244 1211 et
270 1171 432 1225 lapides
454 1169 789 1211 adhumerales.“
827 1170 1008 1226 Lapides
1041 1171 1286 1226 repletionis
1310 1173 1462 1215 dicun-

36 1259 118 1297 tur,
149 1249 220 1303 qui
251 1259 472 1303 ponuntur
500 1245 543 1286 in
575 1246 714 1297 logio,
746 1247 830 1287 hoc
862 1260 938 1296 est,
970 1248 1041 1304 qui
1071 1248 1115 1289 in
1145 1259 1320 1303 pectore
1349 1267 1463 1306 pon-

37 1325 156 1366 tificis
196 1324 492 1372 collocantur,
532 1322 720 1378 inscripti
739 1324 782 1377 4)
819 1324 995 1366 nomine
1040 1326 1231 1367 tribuum
1271 1326 1462 1369 filiorum

37 1401 174 1443 lsrael.
233 1400 328 1441 Hoc
362 1400 479 1455 quod
514 1398 666 1439 dicitur
694 1400 863 1451 logion,
906 1400 951 1441 id
992 1413 1073 1452 est,
1118 1405 1344 1453 rationale,
1387 1405 1462 1461 qui

40 1489 98 1519 est
128 1494 295 1533 pannus
337 1476 505 1528 exiguus
537 1493 585 1516 ex
615 1493 720 1517 auro
755 1488 794 1517 et.
822 1478 1017 1529 gemmis,
1059 1479 1363 1536 coloribusque
1394 1499 1465 1523 va-

39 1555 123 1605 riis,
155 1565 195 1594 et
227 1552 568 1608 superhumerali
600 1564 745 1594 contra
788 1565 934 1608 pectus
965 1556 1179 1609 pontificis
1211 1560 1466 1600 annecteba-

39 1643 122 1680 tur,
151 1631 332 1670 sormam
365 1629 492 1669 habet
520 1645 661 1670 sensus
692 1629 976 1679 rationabilis,
1031 1631 1103 1686 qui
1150 1632 1195 1673 in
1237 1634 1363 1676 nobis
1396 1647 1465 1678 est.

41 1706 90 1746 In
125 1707 207 1746 hoc
237 1705 362 1760 positi
393 1705 592 1746 dicuntur
622 1705 781 1760 lapides
812 1705 1079 1760 repletionis,
1115 1708 1185 1763 qui
1216 1721 1360 1751 tamen
1392 1728 1465 1752 co-

40 1783 226 1832 haerent,
257 1793 298 1822 et
327 1780 505 1822 connexi
537 1793 634 1822 sunt
678 1782 730 1821 ad
762 1780 922 1836 lapides
952 1782 1210 1835 humerales,
1253 1798 1378 1842 atque
1421 1804 1467 1829 ex

40 1859 105 1901 his
135 1858 408 1900 continentur
438 1858 636 1899 adstricti.
697 1857 938 1900 Humeralis
972 1871 1144 1901 ornatus
1174 1861 1378 1904 indicium
1411 1877 1471 1907 est

42 1949 212 1979 actuum
242 1938 473 1977 bonorum.
533 1938 666 1977 Actus
697 1950 796 1986 ergo
833 1952 930 1976 cum
961 1936 1140 1989 ratione,
1171 1950 1210 1980 et
1229 1939 1337 1981 ratio
1371 1958 1469 1984 cum

44 2015 204 2056 actibus
235 2013 442 2061 sociatur,
495 2024 543 2053 ut
583 2013 635 2053 sit
674 2011 952 2054 consonantia
982 2012 1026 2053 in
1055 2024 1261 2071 utroque:
1307 2018 1468 2074 „qui⁵)

44 2091 155 2133 enirn
186 2089 334 2131 fecerit
365 2101 405 2131 et
436 2089 650 2139 docuerit,
697 2089 766 2130 hic
807 2104 982 2140 magnus
1013 2092 1235 2134 vocabitur
1262 2094 1307 2134 in
1337 2111 1469 2148 regno

45 2168 307 2208 coelorum.“
368 2166 432 2208 Sit
463 2183 559 2219 ergo
595 2166 638 2207 in
669 2165 794 2208 nohis
824 2183 964 2208 sermo
1009 2169 1063 2209 de
1093 2170 1252 2211 actibus
1268 2173 1473 2226 pendens,

46 2255 87 2284 et
115 2259 354 2285 sermonem
385 2255 498 2284 actus
530 2255 745 2285 exornent.
814 2243 896 2285 Hic
947 2243 1059 2286 enirn
1088 2245 1301 2301 pontificis
1338 2249 1469 2289 refer-

46 2331 115 2362 tur
146 2331 334 2361 ornatus.
404 2320 491 2361 Sed
529 2322 583 2362 ad
622 2321 723 2363 haec
763 2322 971 2377 explenda
1001 2320 1215 2378 principes
1244 2324 1470 2380 requirun-

162 2536 209 2591 1)
240 2537 394 2578 Matth.
423 2537 542 2586 XIX,
573 2537 638 2579 11.

161 2605 208 2662 ²>
238 2606 376 2647 Exod.
409 2606 592 2656 XXXV,
620 2608 687 2650 27.

162 2674 210 2729 3)
239 2675 373 2716 Exod.
404 2675 586 2726 XXXV,
616 2676 684 2720 27

163 2742 207 2798 ⁴)
238 2745 366 2785 Mssa
397 2744 611 2801 „inscripti
640 2762 828 2790 nomme
831 2752 855 2773 “
923 2747 1039 2792 Libri
1081 2748 1182 2793 editi
1218 2749 1278 2807 (v.
1311 2767 1346 2794 c.
1376 2751 1472 2793 edd.

19 2835 21 2840 ,
50 2799 156 2853 Ma)
189 2800 358 2856 ,,5οι]”Ρῐί
388 2817 465 2856 per
493 2803 681 2844 nomina
685 2808 709 2827 ‘⁴
739 2802 790 2845 R.

170 2870 214 2925 ⁵>
245 2870 332 2911 cfr
364 2871 518 2912 Matth.
550 2871 599 2921 v,
630 2872 698 2915 19.

21 2939 24 2963 ¹
55 2943 277 2990 Omenms
312 2947 484 2991 OPERA.
519 2947 639 2992 Tom.
670 2948 745 2993 IX.
1089 2952 1141 2998 11
