1752 3136
263 110 349 157 132
866 109 1089 153 Omossms

268 235 374 275 trae,
401 223 475 266 sed
505 233 546 264 et
575 219 761 264 seniores
800 221 954 278 populi
993 238 1089 263 cum
1129 220 1235 277 ipso·
1307 221 1408 262 Non
1446 220 1557 263 enim
1598 223 1689 266 sola
1750 250 1752 258 ·

267 302 336 343 lex
366 300 591 342 annuntiat
623 297 864 350 Christum,
893 299 966 341 sed
998 310 1037 340 et
1065 298 1317 355 prophetae,
1349 309 1388 339 et
1415 299 1693 355 patriarchae,
1747 321 1752 339 ε

272 390 314 419 et
345 394 494 420 omnes
524 374 707 433 majores
744 388 857 419 natu.

384 455 423 497 3.
456 454 557 494 Post
590 455 693 494 hacc
721 453 882 494 bellum
915 454 1168 495 describitur
1198 464 1358 505 gestum
1392 470 1490 494 cum
1523 453 1694 494 Amale-
1746 469 1752 496 ε

273 531 407 580 chitis,
433 547 639 587 pugnasse
667 533 847 572 refertur
878 530 1063 585 populus
1096 542 1135 571 et
1156 531 1197 586 Ι)
1230 530 1384 572 vicisse.
1455 532 1696 586 Antequam
1744 547 1752 576 ς

272 609 553 649 manducaret
581 623 736 662 panem
770 607 823 647 de
854 608 999 656 coelo,
1030 619 1069 648 et
1102 607 1267 649 biberet
1296 624 1449 663 aquam
1483 608 1535 648 de
1564 619 1697 663 petra,
1747 606 1752 649 ἑ

273 702 365 727 non
395 687 576 726 refertur
605 684 792 738 populns
823 698 1045 738 pugnasse,
1073 685 1147 725 sed
1180 684 1333 726 dicitur
1351 687 1402 726 ad
1426 700 1542 725 eum:
1574 683 1698 735 „Do-
1748 711 1749 717 κ

273 762 476 817 minus2)
502 759 713 816 pugnabit
743 775 823 814 pro
857 760 996 809 vobis,
1036 771 1076 801 et
1105 776 1177 801 vos
1206 762 1434 803 tacebitisf‘
1492 762 1567 802 Est
1598 775 1697 811 ergo

272 850 453 893 tempus,
484 837 658 892 quando
690 834 906 877 Dominus
936 848 1097 892 pugnat
1126 853 1206 892 pro
1235 839 1385 887 nobis,
1412 854 1492 879 ncc
1522 835 1702 893 permit·
1746 853 1749 866 ⁴

275 915 326 956 tit
353 931 432 956 nos
462 914 615 954 tentari
643 929 772 968 supra
802 913 861 962 id,
892 916 1009 969 quod
1040 930 1289 969 possumus,
1318 930 1397 955 nec
1427 914 1608 969 impares
1638 912 1700 954 vi-
1746 934 1752 955 ·.

275 991 393 1034 ribus
425 990 525 1032 sinit
556 991 610 1032 ad
639 990 761 1032 fortis
794 989 937 1032 venire
968 1007 1253 1043 congressum.
1312 991 1514 1046 Denique
1544 1002 1584 1031 et
1614 991 1701 1033 Job
1749 1015 1752 1029 ι

279 1083 408 1110 omne
435 1067 542 1108 illud
572 1066 818 1108 tentationis
860 1083 960 1108 suae
990 1066 1316 1109 famosissimum
1360 1078 1572 1109 certamen
1616 1065 1703 1124 jam

275 1146 490 1202 perfectus
520 1143 720 1198 implevit.
786 1143 840 1184 Et
876 1155 921 1184 tu
962 1159 1061 1194 ergo
1095 1161 1191 1185 cum
1223 1143 1414 1201 coeperis
1443 1145 1705 1185 manducare

279 1237 452 1271 manna,
483 1236 640 1276 panem
673 1221 898 1261 coelestem
930 1221 1048 1262 verbi
1078 1221 1183 1274 Dei,
1216 1234 1255 1263 et
1284 1222 1433 1262 bibere
1465 1237 1619 1279 aquam
1651 1222 1705 1262 de

1745 1056 1752 1131 13

1743 1155 1752 1215 l

1744 1219 1752 1264 Ι

277 1311 411 1356 petra,
441 1313 626 1353 cumque
655 1297 710 1338 ad
739 1296 943 1338 interiora
974 1298 1194 1340 doctrinae
1223 1298 1449 1355 spiritualis
1472 1298 1705 1348 accesseris,
1740 1297 1752 1364 j

278 1386 450 1433 sperato
480 1389 693 1430 pugnam,
732 1385 771 1414 et
799 1389 1008 1430 praepara
1038 1385 1080 1414 te
1111 1375 1163 1415 ad
1192 1376 1366 1418 bellum.
1424 1374 1549 1416 Bello
1580 1374 1708 1426 igitur
1742 1375 1752 1425 ι’

279 1452 544 1500 imminente,
573 1449 791 1490 videamus
823 1449 927 1505 quid
945 1450 1180 1506 praecipiat
1207 1450 1372 1492 Moses:
1403 1450 1608 1506 „dixit‚³)
1638 1450 1706 1490 in·
1743 1466 1752 1495 ι

282 1529 386 1586 quit,
418 1529 472 1569 ad
500 1528 668 1569 Jesum:
712 1528 818 1579 elige
855 1526 934 1567 tibi
971 1526 1052 1583 ipsi
1092 1526 1226 1577 viros,
1270 1538 1309 1568 et
1341 1528 1426 1577 exi,
1459 1539 1496 1569 et
1528 1509 1752 1585 confligej

283 1623 383 1648 cum
426 1604 629 1646 Amalech
671 1604 896 1645 crastino.“
973 1603 1122 1660 Usque
1163 1605 1216 1645 ad
1256 1605 1371 1645 hunc
1412 1606 1558 1646 locum
1595 1603 1752 1647 beatis

282 1681 468 1725 nominis
509 1682 612 1724 Jesu
651 1697 863 1736 nusquam
903 1681 1013 1720 facta
1052 1693 1112 1722 est
1150 1680 1325 1723 mentio.
1400 1680 1483 1721 Hic
1520 1680 1710 1736 primum
1739 1677 1752 1718 ’π

283 1760 485 1802 vocabuli
531 1758 656 1814 hujus
693 1757 901 1812 splendor
942 1757 1112 1798 effulsit.
1192 1756 1273 1799 Hic
1311 1757 1500 1813 primum
1548 1756 1752 1805 vocavit:

282 1838 428 1879 Moses
456 1837 616 1884 Jesum,
647 1846 687 1876 et
721 1834 824 1875 dixit
853 1833 910 1874 ei:
953 1833 1083 1885 „elige
1099 1833 1144 1887 ⁴)
1184 1832 1261 1874 tibi
1291 1834 1373 1889 ipsi
1402 1834 1552 1875 viros.“
1608 1834 1712 1875 Mo-
1744 1830 1752 1873 ἶ

284 1931 348 1957 ses
376 1925 500 1954 vocat
530 1913 699 1962 Jesum,
738 1913 802 1952 lex
835 1922 955 1951 vocat
986 1909 1224 1959 Christum,
1268 1921 1315 1950 ut
1355 1911 1479 1963 eligat
1520 1910 1600 1953 sibi
1629 1910 1711 1967 ipsi
1743 1927 1752 1973 ε

285 1991 397 2034 viros
425 2001 619 2047 potentes
661 1990 714 2030 de
753 1987 935 2043 populo.
1006 1988 1108 2028 Non
1150 1998 1318 2042 poterat
1356 1987 1498 2029 Moses
1543 1986 1709 2040 eligere,

288 2144 411 2186 dixit:
442 2143 621 2197 „non⁵)
652 2158 723 2183 vos
753 2157 822 2182 me
854 2139 1048 2193 elegistis,
1088 2142 1161 2182 sed
1204 2157 1278 2193 ego
1311 2158 1385 2182 vos
1416 2141 1559 2194 elegi.“
1616 2141 1713 2196 Ipse

288 2221 400 2263 enim
434 2220 552 2274 estf’)
585 2221 818 2260 electorum
849 2219 945 2267 dux,
976 2210 1065 2272 ipse
1096 2217 1337 2286 pobtentium
1367 2218 1580 2275 princeps,
1610 2217 1713 2274 ipse,

289 2297 363 2354 qui
392 2296 584 2348 confligit
615 2313 713 2337 cum
744 2295 963 2336 Amalech.
1023 2294 1118 2349 Ipse
1151 2306 1210 2335 est
1240 2295 1378 2345 enim,
1407 2295 1480 2350 qui
1509 2294 1638 2336 intrat
1667 2295 1712 2335 in

289 2377 468 2418 domum
499 2375 633 2424 fortis,
665 2384 705 2414 et
736 2373 876 2425 alligat
904 2373 1074 2422 fortem,
1105 2383 1145 2413 et
1176 2387 1270 2413 vasa
1301 2370 1389 2429 ejus
1422 2370 1577 2426 diripit.

1744 1977 1752 1996 Ι

1743 2002 1752 2057 l

284 2069 359 2111 sed
388 2068 510 2108 Jesus
540 2068 652 2108 solus
685 2076 766 2114 est,
798 2065 869 2120 qui
900 2064 1033 2119 possit
1061 2076 1253 2120 potentes
1282 2063 1392 2106 viros
1425 2065 1598 2118 eligere,
1640 2058 1752 2496 quii

399 2453 439 2495 4.
473 2452 560 2494 Sed
588 2450 759 2492 interim
789 2448 1026 2499 videamus,
1072 2447 1176 2504 quid
1216 2464 1334 2489 nunc
1375 2447 1549 2490 historia
1589 2463 1714 2504 prae-

406 2640 450 2697 ¹)
482 2641 594 2683 Edd.
623 2639 822 2682 Merlini:
855 2651 896 2681 et
926 2639 1106 2683 evicisse.

404 2710 452 2765 ²)
482 2710 621 2751 Exod.
653 2711 770 2760 XIV,
802 2710 867 2753 14.
987 2710 1034 2765 ³)
1062 2710 1199 2751 Exod.
1228 2708 1364 2759 XVII,
1393 2710 1432 2753 9.

403 2779 451 2834 ⁴)
480 2778 616 2821 Exod.
645 2779 784 2831 XVII,
813 2780 852 2823 9.
971 2779 1015 2834 ⁵)
1047 2779 1118 2822 Ev.
1155 2779 1316 2821 Joann.
1345 2779 1441 2830 XV,
1471 2777 1537 2822 16.

404 2851 450 2904 ⁶)
482 2849 760 2890 Desideratur
791 2853 910 2903 ‚9est“
939 2849 983 2891 in
1015 2850 1079 2891 ed.
1116 2847 1263 2890 Ruaei.
1746 2877 1752 2895 .
