1752 3136
441 160 487 191 11<
516 148 718 190 Exonum
748 147 948 190 HommA
964 147 1078 190 VIII.
1247 154 1253 160 ‘
1413 149 1497 194 105

85 246 199 316 dicit,
233 262 596 320 quemadmodum
625 259 919 300 vestimentum
939 258 982 313 ¹)
1011 258 1054 300 in
1084 259 1287 311 sanguine
1318 275 1498 300 concrc-

35 340 42 347 χ
85 353 190 392 tum,
219 357 309 382 non
343 339 420 380 erit
447 339 678 386 mundum,
721 335 777 377 ita
820 347 860 377 et
889 335 978 392 ipse
1009 353 1098 377 non
1131 337 1209 379 erit
1235 338 1421 378 mundus
1453 336 1497 377 in

89 420 173 460 hoc
203 418 382 464 saeculo,
411 430 551 469 neque
581 412 810 468 corripitur
839 430 920 469 pro
952 425 1155 469 peccato,
1184 430 1324 470 neque
1353 413 1498 464 fiagel-

87 496 220 537 latur:
252 492 394 535 omnia
421 506 605 546 namque
636 490 672 531 ei
700 501 861 531 servata
889 502 985 532 sunt
1020 490 1065 532 in
1096 492 1301 536 futurum.
1370 490 1502 531 Unde

91 571 245 626 etipse
273 569 405 612 sciens
442 567 520 609 sibi
559 567 672 609 istud
688 567 734 622 ²)
773 578 975 609 statutum
1013 579 1182 623 tempus
1219 585 1305 610 esse
1340 584 1504 624 poena-

89 665 208 697 rum,
252 645 420 688 dicebat
463 645 515 686 ad
547 645 832 686 salvatorem:
873 644 1003 700 „quid
1020 644 1066 700 3)
1096 643 1242 686 venisti
1271 657 1368 686 ante
1397 656 1504 684 tem-

89 740 168 779 pus
197 734 396 778 torquere
424 738 502 764 nos
516 720 558 762 ?“
615 722 734 763 Dum
766 737 864 774 ergo
895 733 974 763 stat
1004 721 1072 763 hic
1102 722 1301 772 mundus,
1331 733 1506 778 peccata

90 816 162 842 sua
193 817 283 840 non
312 798 463 855 recipit
497 799 705 849 diabolus,
737 799 809 855 qui
841 810 898 840 est
919 800 1188 854 peccantium
1212 810 1343 855 pater.
1390 798 1507 839 Red-

93 877 252 918 duntur
280 887 419 917 autem
451 877 496 918 in
527 875 660 927 filios,
703 875 748 918 id
780 888 859 926 est,
899 877 945 917 in
987 892 1081 926 eos,
1122 893 1229 932 quos
1260 875 1402 929 genuit
1431 892 1510 931 per

93 965 328 1009 peccatum.
394 953 566 995 Etenim
603 953 798 995 homines
828 953 872 994 in
904 970 1030 995 carne
1060 953 1186 1009 positi
1219 953 1511 1008 corripiuntur

96 1047 118 1071 a
150 1030 368 1080 Domino,
408 1030 704 1079 verberantur,
743 1030 1020 1082 flagellantur.
1085 1031 1186 1071 Non
1218 1029 1331 1070 enim
1363 1028 1511 1080 vult4)

96 1106 313 1148 Dominus
341 1118 522 1147 mortem
565 1102 819 1162 peccatoris,
861 1107 934 1149 sed
965 1118 1011 1147 ut
1039 1117 1294 1155 revertatur,
1326 1117 1380 1146 et]
1394 1105 1513 1148 vivat.

95 1183 151 1224 Et
180 1194 404 1240 propterea
435 1183 640 1235 benignus
670 1194 710 1224 et
737 1182 976 1226 misericors
999 1183 1214 1225 Dominus
1244 1182 1384 1224 reddit
1412 1199 1516 1238 pec-

99 1273 188 1302 cata
219 1271 388 1317 patrum
417 1259 461 1301 in
491 1259 614 1309 filios,
644 1271 703 1309 ut,
735 1259 938 1316 quoniam
957 1272 1109 1316 patres,
1139 1260 1185 1301 id
1214 1270 1285 1309 est,
1318 1259 1514 1301 diabolus

101 1349 141 1379 et
166 1338 302 1390 angeli
332 1336 439 1394 ejus,
483 1336 695 1392 ceterique
723 1336 936 1394 principes
966 1337 1118 1378 mundi
1146 1334 1272 1394 hujus
1304 1336 1404 1392 et⁵)
1449 1354 1516 1378 re-

101 1425 237 1456 ctores
264 1415 538 1456 tenebrarum
570 1414 733 1463 harum,
765 1438 818 1446 —
851 1426 892 1455 et
921 1413 1000 1472 ipsi
1031 1415 1144 1455 enim
1169 1414 1412 1454 efficiuntur
1441 1430 1518 1469 pa-

63 1491 70 1492 *
99 1503 181 1533 tres
211 1491 384 1547 peccati,
409 1490 515 1532 sicut
546 1503 584 1531 et
615 1490 812 1532 diabolus
842 1515 920 1541 —,
955 1490 1183 1546 quoniam,
1211 1489 1411 1546 inquam,
1440 1507 1518 1546 pa-

101 1579 183 1609 tres
212 1567 278 1624 isti
306 1567 468 1619 indigni
492 1579 610 1617 sunt,
650 1567 722 1624 qui
761 1567 803 1608 in
835 1569 1046 1624 praesenti
1075 1567 1248 1609 saeculo
1282 1567 1523 1623 corripian-

104 1655 187 1694 tur,
216 1646 288 1686 sed
318 1643 362 1684 in
393 1646 537 1686 futuro
568 1644 795 1700 recipient,
826 1661 935 1700 quae
964 1656 1202 1694 merentur,
1240 1643 1316 1686 filii
1357 1658 1522 1694 eorum,

102 1720 148 1762 id
179 1733 249 1770 est,
280 1738 385 1778 quos
414 1728 590 1777 peccare
619 1719 925 1776 persuaserint,
965 1731 1006 1761 et
1036 1719 1108 1774 qui
1139 1720 1417 1761 nihilominus
1446 1737 1526 1776 per

105 1797 218 1854 ipsos
249 1799 394 1840 adsciti
423 1798 581 1840 fuerint
612 1799 664 1839 ad
694 1795 957 1839 consortium
988 1796 1320 1851 societatemque
1348 1796 1526 1851 peccati,

107 1874 176 1935 hdie
208 1875 473 1931 recipiantss)
506 1891 614 1932 quae
645 1886 878 1927 gesserunt:
921 1884 970 1914 ut
1007 1875 1274 1929 purgatiores
1313 1875 1366 1916 ad
1408 1874 1525 1915 futu-

106 1969 204 1994 rum
233 1954 450 1995 saeculum
479 1963 678 2009 pergant,
715 1964 754 1993 et
792 1952 902 1992 ultra
942 1950 1117 1991 diabolo
1153 1950 1258 1991 socii
1298 1967 1389 1991 non
1433 1952 1526 1992 effi-

111 2029 274 2072 ciantn
302 2030 345 2071 in
379 2046 533 2086 poena.
593 2028 706 2084 Quia
738 2044 835 2081 ergo
866 2027 1108 2068 misericors
1140 2039 1201 2068 est
1230 2027 1460 2078 Dominus,
1490 2041 1531 2071 et

111 2106 345 2163 „omnes⁷)
376 2107 568 2149 homines
599 2107 685 2147 vuit
714 2107 851 2147 salvos
881 2105 1012 2155 fieri,“
1043 2117 1269 2162 propterea
1290 2104 1411 2146 dicit:
1444 2107 1530 2156 „vi-

112 2184 310 2240 sitabog)
347 2185 391 2226 in
431 2183 544 2236 virga
584 2185 718 2224 ferrea
759 2183 952 2225 facinora
982 2198 1155 2231 eorum,
1203 2192 1243 2221 et
1283 2181 1327 2222 in
1357 2182 1531 2233 flagellis

113 2275 284 2320 peccata
318 2278 478 2303 eorum.
552 2260 893 2302 Misericordiam
933 2270 1071 2298 autem
1112 2274 1249 2298 meam
1291 2274 1382 2299 non
1412 2261 1530 2300 aufe-

418 2343 428 2362 t

119 2358 211 2383 ram
243 2342 296 2382 ab
328 2339 412 2386 iis,‘
494 2337 659 2380 Visitat-
672 2353 768 2390 ergo
800 2335 1017 2377 Dominus
1048 2338 1230 2386 animas,
1273 2346 1313 2376 et
1341 2336 1532 2392 requirit,

240 2531 284 2587 ¹)
317 2530 403 2571 Cfr.
434 2528 560 2570 Jcsai.
591 2527 667 2576 IX,
693 2528 736 2570 ὃ.
858 2525 905 2582 ²)
936 2525 1046 2567 Edd.
1077 2524 1275 2567 Merlini:
1303 2525 1423 2568 illud.

238 2601 284 2656 3)
317 2600 403 2640 Cfr.
432 2600 584 2641 Matth.
614 2598 728 2646 Vlll,
757 2597 825 2639 29.

240 2670 285 2726 ⁴)
315 2670 404 2712 Cfr.
435 2670 588 2711 Ezech.
617 2667 822 2716 XXXIII,
854 2667 920 2710 11.

241 2740 285 2795 ⁵)
317 2740 428 2781 Edd.
457 2738 651 2780 Mei-linit
684 2754 732 2778 ac
763 2748 959 2778 rectores.

239 2810 287 2865 ὃ)
313 2810 425 2851 Edd.
456 2808 646 2850 Martini:
680 2807 900 2863 recipiunt.
1021 2805 1066 2861 ⁷)
1099 2806 1116 2847 1
1147 2805 1257 2848 Tim.
1288 2805 1341 2858 ῙῙ,
1369 2807 1409 2850 4.

243 2878 288 2937 ⁸)
323 2879 408 2922 Cfr.
441 2879 591 2922 Psalm-
622 2876 867 2928 LXXXIX,
897 2877 964 2920 32.
993 2877 1061 2921 33.
