1752 3136
229 118 284 162 72
675 122 681 129 “
827 118 1052 164 Omessms

231 237 348 281 aliud
377 237 596 279 saeculum
628 232 817 282 dicatur,
856 233 1008 289 aliquis
1049 233 1140 276 sine
1178 233 1312 276 dubio
1355 235 1525 289 longior
1563 239 1658 295 qui-

230 317 342 368 dem,
372 327 514 357 tamen
544 311 722 371 ponitur
753 309 870 363 finis3
910 323 950 352 et
993 309 1161 366 quoties
1191 312 1359 353 saecula
1388 314 1659 358 saeculorum

225 394 528 444 nominantur,
568 392 744 432 sortasse
782 387 880 429 licet
916 387 1084 440 ignotus
1122 388 1269 438 nobis,
1318 402 1463 432 tamen
1503 410 1525 434 a
1558 394 1656 435 Deo

225 480 403 512 statutus
433 468 583 524 aliquis
612 465 819 508 terminus
859 465 1082 507 indicatur.
1155 465 1289 521 Quod
1328 485 1428 510 vero
1469 470 1587 511 addit
1615 471 1659 526 in

228 547 313 589 hoc
344 548 474 588 loco:
506 544 632 601 „et¹)
664 543 852 583 adhue:“
883 544 1050 583 nullum
1080 559 1249 584 sensum
1270 545 1439 586 termini
1472 546 1661 605 ancujus,

229 636 301 666 aut
330 624 426 666 finis
463 622 645 678 reliquit.
707 619 1015 675 Quodcunque
1048 619 1159 660 enim
1191 620 1300 661 illud
1331 622 1586 675 cogitaveris,
1617 625 1663 666 in

228 718 316 758 quo
361 700 552 754 finem2)
592 709 716 754 putes
759 713 883 751 posse
931 696 1179 745 consistere,
1231 713 1400 752 semper
1439 700 1517 741 tibi
1563 701 1663 742 dicit

225 794 366 820 sermo
397 774 700 834 propheticus:
743 784 812 822 „et
861 772 1052 813 adhuc:“
1085 774 1199 813 velut
1227 772 1260 814 si
1290 775 1492 830 loquatur
1523 779 1577 818 ad
1607 789 1663 828 te,

229 867 270 896 et
299 854 433 895 dicat:
481 864 604 909 putas
645 851 690 892 in
731 851 946 892 saeculum
986 848 1139 891 saeculi
1179 850 1419 893 Dominum
1465 866 1664 907 regnatu-

228 931 354 973 rum?
383 931 465 982 „Et
494 931 678 979 adhuc,“
717 939 839 984 putas
855 925 901 984 ³)
947 926 990 968 in
1032 927 1198 970 saecula
1241 929 1540 973 saeculorum?
1582 932 1664 982 „Et

228 1009 410 1050 adhuc.“
476 1007 532 1048 Et
547 1005 594 1063 4)
631 1006 1035 1063 quomodocunque
1076 1003 1227 1045 dixeris
1282 1004 1391 1046 illud
1443 1008 1496 1049 de
1543 1010 1662 1063 regni

229 1084 318 1143 ejus
347 1084 503 1142 spatiis,
533 1100 704 1140 semper
734 1083 815 1124 tihi
845 1083 946 1125 dicit
975 1082 1205 1138 propheta:
1237 1093 1302 1131 „et
1319 1080 1363 1138 ⁵)
1394 1085 1573 1126 adhuc.“

344 1163 408 1207 14.
450 1160 768 1216 ‚,Quoniam⁵)
817 1160 987 1202 intravit
1035 1158 1241 1214 equitatus
1278 1158 1513 1205 Pharaonis
1564 1181 1662 1206 cum

229 1239 468 1298 quadrigis,
512 1249 554 1280 et
584 1237 906 1280 adscensoribus
944 1236 988 1277 in
1018 1235 1208 1278 medium
1238 1252 1377 1287 mare,
1425 1250 1464 1280 et
1499 1239 1664 1283 induxit

226 1334 356 1374 super
387 1333 458 1358 eos
488 1314 706 1357 Dominus
739 1331 868 1370 aquas
899 1312 1051 1354 maris:
1083 1313 1159 1354 filii
1192 1324 1331 1354 autem
1354 1314 1479 1357 Israel
1509 1319 1662 1359 ambu-

225 1394 419 1436 laverunt
447 1409 527 1449 per
556 1392 718 1433 siccum
749 1391 793 1433 in
824 1391 968 1432 medio
1000 1390 1150 1431 mari.“
1195 1390 1250 1432 Et
1273 1402 1320 1431 tu
1350 1392 1383 1433 si
1402 1392 1512 1436 filius
1534 1396 1662 1437 Israel

227 1488 284 1522 es,
314 1483 437 1528 potes
468 1470 689 1512 ambulare
717 1484 796 1525 per
824 1467 984 1509 siccum
1014 1467 1060 1508 in
1090 1467 1233 1508 medio
1265 1467 1384 1509 mari.
1455 1471 1500 1512 Si
1529 1474 1683 1518 fueris,

227 1548 274 1590 in
303 1548 448 1590 medio
480 1545 665 1588 nationis
694 1561 863 1601 pravae,
895 1557 934 1586 et
963 1560 1210 1600 perversae,
1255 1543 1362 1587 sicut
1385 1547 1532 1590 lumen
1562 1549 1662 1592 solis

226 1626 407 1668 verbum
437 1624 546 1665 vitae
577 1623 799 1665 continens
832 1622 885 1663 ad
917 1621 1109 1673 gloriam,
1141 1633 1282 1678 potest
1304 1622 1409 1673 fieri,
1440 1625 1549 1667 utin
1571 1644 1663 1669 me-

228 1704 301 1746 dio
332 1714 612 1759 peccatorum
641 1700 910 1741 incedentem
941 1711 982 1740 te
1012 1715 1102 1740 non
1146 1700 1344 1740 infundat
1374 1701 1533 1744 humor
1560 1720 1661 1760 pec-

230 1781 386 1836 cati,⁷)
414 1791 553 1835 potest
582 1776 688 1826 fieri,
717 1787 766 1816 ut
795 1788 1082 1817 transeuntem
1123 1788 1162 1816 te
1193 1792 1270 1831 per
1301 1776 1415 1818 hunc
1449 1782 1662 1824 mundum

226 1858 347 1899 nulla
376 1855 564 1897 lihidinis
595 1854 713 1894 unda
743 1851 970 1909 respergat,
1000 1853 1142 1894 nullus
1182 1852 1424 1908 cupiditatis
1463 1859 1661 1914 aestusss)

229 1935 438 1975 verberet.
509 1931 597 1986 Qui
636 1943 775 1972 autem
809 1929 1041 1985 Aegyptius
1074 1940 1144 1978 est,
1176 1940 1216 1970 et
1245 1931 1437 1985 sequitur
1465 1931 1661 1977 Pharao-

220 2016 345 2062 hem,
378 2009 453 2050 ille
482 2008 685 2051 vitiorum
716 2007 914 2049 {luctibus
946 2005 1160 2058 mergitur.
1223 2005 1311 2060 Qui
1340 2024 1440 2050 vero
1471 2011 1662 2066 sequitur

231 2087 471 2138 Christum,
511 2097 551 2127 et
589 2086 698 2128 sicut
736 2086 826 2142 ipse
856 2082 1111 2133 ambulavit,
1157 2083 1212 2124 ita
1257 2095 1296 2124 et
1336 2085 1428 2140 ipse
1459 2089 1661 2140 ambulat,

230 2181 365 2221 aquae
398 2164 434 2206 ei
465 2181 612 2205 murus
641 2164 750 2204 fiunt
781 2164 923 2204 dextra
954 2163 1177 2216 laevaque,
1222 2161 1312 2217 ipse
1346 2174 1487 2206 autem
1519 2167 1661 2209 media

346 2341 391 2395 ι)
421 2340 558 2380 Exod.
591 2338 687 2388 xv,
717 2338 783 2382 18.
901 2336 948 2392 2>
978 2336 1089 2378 Edd.
1122 2337 1319 2380 Moruni:
1353 2339 1450 2380 fine.

281 2411 285 2415 ’
345 2410 393 2466 3)
426 2410 591 2451 Verba:
623 2420 772 2464 „putas
801 2408 846 2448 in
877 2409 1043 2449 saecula
1075 2408 1374 2450 saeculorum?
1404 2409 1459 2450 Et
1477 2411 1660 2461 adhuc,“

227 2466 274 2508 in
306 2478 425 2507 antea
459 2466 578 2507 editis
609 2465 667 2521 (e.
700 2482 733 2506 c.
766 2466 861 2506 edd.
892 2464 980 2519 M.)
1013 2466 1292 2516 omittuntur,
1331 2466 1405 2507 sed
1447 2467 1661 2510 habentur

233 2523 275 2563 ’n
335 2524 355 2563 I
379 2541 407 2563 s.
441 2522 489 2564 R.

230 2539 245 2564 ¹
304 2523 392 2645 B¹²¹⁵)
423 2591 532 2634 Edd.
562 2589 759 2632 Merlini:
789 2590 846 2632 Et
876 2591 1168 2646 quodcunque
1200 2589 1350 2632 dixeris
1383 2603 1459 2634 etc.

348 2661 394 2715 ⁵)
424 2660 560 2703 Exod.
590 2661 685 2710 XV,
717 2661 783 2705 18.
904 2660 950 2715 6)
978 2660 1117 2703 Exod.
1147 2660 1241 2710 XV,
1272 2660 1338 2704 19.

345 2732 390 2786 ⁷)
421 2731 532 2771 Edd.
562 2730 759 2771 Merlini:
789 2730 984 2787 pcccatI?
1016 2730 1160 2772 Potest
1191 2741 1269 2771 etc.

343 2801 392 2857 ⁸)
421 2800 531 2865 Edd.
573 2799 773 2843 Merlini:
821 2814 956 2845 aestus
996 2799 1241 2843 everberct?
1302 2799 1392 2857 Qui
1433 2802 1663 2862 Aegyptius

231 2871 302 2912 est,
331 2869 372 2901 et
399 2868 589 2913 sequitur
619 2866 695 2897 etc.
