1752 3136
239 75 324 119 218
839 75 1060 118 Omossms

240 186 556 242 „Dominus,¹)
586 186 745 243 inquit,
789 187 957 229 locutus
998 194 1097 231 est.“
1165 185 1283 243 Quid
1326 200 1384 230 cst
1420 188 1661 231 Dominus?

239 265 472 321 Apostolus
501 263 578 304 tibi
608 264 886 320 respondeat,
930 277 970 306 ct
999 266 1052 305 ab
1083 266 1174 322 ipso
1207 267 1344 316 disce,
1385 266 1504 321 quod
1539 266 1658 316 „Do-

240 341 442 397 minus2)
470 340 638 396 spiritus
670 346 769 382 est.“
837 341 971 396 Quod
1004 343 1037 385 si
1067 343 1142 384 tibi
1174 343 1371 398 Apostoli
1400 359 1538 385 sermo
1570 360 1662 385 non

240 418 418 466 sufficit,
455 416 555 459 audi
594 417 732 474 ipsum
763 417 1004 461 Dominum
1044 420 1088 461 in
1130 420 1365 473 Evangeliis
1402 421 1663 475 loquentem,

241 495 340 551 quia
369 494 578 550 „Dcus³)
612 493 780 550 spiritus
811 501 908 538 cst.“
967 497 1013 538 Si
1045 514 1142 550 crgo
1169 510 1209 539 et
1226 498 1454 548 Dominus,
1486 508 1525 538 ct
1545 497 1662 537 Deus

239 571 406 628 spiritus
438 583 517 621 cst,
555 587 665 627 quae
703 571 872 627 spiritus
902 574 1113 629 loquitur,
1149 575 1422 631 spiritualiter
1461 575 1665 616 debemus

241 647 399 690 audire.
457 648 550 701 Ego
591 649 731 691 adhuc
771 660 812 688 et
849 651 1031 705 amplius
1071 651 1232 706 aliquid
1263 652 1383 702 dico,
1428 653 1524 708 quia
1557 666 1666 707 quae

241 725 456 767 Dominus
485 724 699 779 loquitur,
726 741 816 765 non
847 725 1079 780 spiritualia
1109 738 1297 778 tantum,
1326 731 1399 771 sed
1430 741 1470 770 et
1497 728 1666 784 spiritus

241 819 327 844 esse
358 801 571 842 credenda
599 810 710 841 sunt.
769 799 871 841 Non
900 817 998 842 meo
1029 820 1153 844 sensu
1183 804 1311 853 haec,
1338 807 1413 847 sed
1443 806 1497 846 de
1526 806 1667 846 Evan-

240 879 355 931 geliis
385 877 654 934 approbabo.
712 877 826 920 Audi
850 877 1090 920 Dominum
1121 891 1162 920 et
1181 880 1444 922 Salvatorem
1472 894 1663 922 nostrum

242 958 297 998 ad
329 955 559 1011 discipulos
586 970 685 996 suos
716 955 949 997 dicentem:
979 958 1134 1006 „verba
1153 954 1199 1011 ⁴)
1240 974 1347 1013 quae
1375 959 1544 999 locutus
1571 974 1662 999 sum

241 1033 386 1083 vobis,
431 1032 598 1088 spiritus
643 1043 684 1072 ct
725 1030 806 1073 vita
835 1039 973 1074 sunt.·‘
1044 1032 1089 1075 Si
1130 1049 1229 1086 ergo
1270 1023 1400 1091 ipsius
1438 1033 1666 1076 salvatoris

240 1127 347 1153 voce
376 1109 622 1160 didicimus,
663 1110 760 1165 quia
798 1110 947 1160 verba,
988 1127 1098 1165 quae
1133 1112 1302 1154 locutus
1341 1123 1401 1153 est
1434 1109 1668 1166 Apostolis,

238 1187 407 1245 spiritus
440 1198 480 1228 et
499 1185 578 1227 vita
607 1198 720 1237 sunt,
738 1186 782 1242 ⁵)
804 1203 1075 1243 nequaquam
1100 1183 1294 1230 dubitare
1311 1190 1528 1238 debemus,
1548 1189 1667 1244 quod

241 1265 368 1307 etiam
399 1280 507 1320 quae
540 1280 619 1328 [ζει-
647 1265 804 1306 Mosen
842 1264 1010 1306 locutus
1049 1266 1336 1322 est,ssspiritus
1374 1277 1414 1307 et
1454 1266 1536 1307 vita
1577 1283 1667 1307 cre-

240 1345 381 1386 denda
409 1342 503 1383 sint.
659 1323 670 1334 ⁶

351 1424 392 1464 2.
426 1420 512 1460 Sed
541 1418 757 1459 videamus
788 1434 896 1473 quae
924 1417 1027 1468 sint,
1074 1420 1128 1460 de
1168 1419 1322 1474 quibus}
1363 1435 1498 1468 nunc,
1537 1432 1668 1473 prout

239 1514 479 1554 possumus,
510 1495 651 1550 aliqua
682 1494 825 1535 dicere
865 1495 1145 1550 debem11s.⁶)
1216 1495 1299 1547 „Et
1315 1494 1358 1552 7)
1398 1496 1564 1536 locutus
1596 1508 1668 1544 est,

240 1574 399 1630 inquit,
441 1572 658 1613 Dominus
696 1572 750 1612 ad
780 1572 959 1622 BIosen,
998 1573 1164 1614 dicens:
1209 1572 1350 1614 anima
1388 1588 1668 1628 quaecunque

239 1649 499 1707 peccaverit,
544 1661 584 1690 et
622 1648 881 1704 praeteriens
920 1649 1183 1704 praeterierit
1219 1662 1444 1704 praecepta
1474 1649 1667 1700 Domini,

241 1740 283 1769 et
311 1726 539 1768 mentietur
567 1727 769 1781 proximo
799 1743 927 1782 super
958 1726 1180 1781 deposito,
1226 1737 1298 1767 aut
1334 1727 1556 1776 societate,
1596 1740 1667 1767 aut

240 1805 410 1860 rapina:
443 1815 515 1845 aut
543 1803 692 1844 nocuit
723 1802 883 1858 aliquid
913 1802 1136 1858 proximo,
1166 1814 1237 1843 aut
1264 1802 1423 1844 invenit
1460 1803 1668 1859 perditio-

241 1897 356 1930 nem,
389 1892 429 1920 et
457 1879 686 1921 mentietur
716 1881 770 1920 de
802 1896 862 1930 ea,
895 1891 968 1921 aut
1007 1878 1207 1936 juraverit
1234 1878 1380 1935 inique
1410 1882 1463 1922 de
1492 1898 1581 1921 uno
1613 1883 1666 1922 ab

244 1957 458 2007 omnibus,
489 1973 768 2012 quaecunque
798 1957 942 1998 fecerit
971 1958 1127 2006 homo,
1168 1968 1215 1997 ut
1251 1969 1400 2012 peccet
1428 1957 1472 1998 in
1503 1957 1586 1999 his:
1629 1972 1669 2000 et

244 2036 322 2077 crit
352 2051 448 2075 cum
469 2035 720 2090 peccaverit,
751 2046 790 2075 et
813 2034 1050 2090 deliquerit,
1081 2046 1121 2075 et
1137 2035 1287 2075 reddet
1302 2036 1510 2090 rapinam,
1540 2053 1667 2092 quam

244 2112 407 2168 rapuit,
435 2109 759 2169 autvinjuriam,
804 2129 886 2168 qua
916 2111 1087 2163 nocuit,
1130 2123 1202 2153 aut
1240 2112 1505 2169 depositum,
1549 2118 1666 2170 quod

363 2336 407 2392 ¹)
437 2336 565 2380 Levit.
594 2336 665 2386 VI,
698 2337 736 2378 1.

362 2405 408 2460 ²)
438 2405 479 2458 II
512 2405 613 2447 Cor.
641 2405 715 2456 III,
746 2407 811 2448 17.

362 2476 408 2532 3)
438 2476 512 2517 Ev.
551 2478 708 2520 Joann.
750 2477 833 2526 IV,
873 2477 940 2519 24.
984 2500 1036 2507 ——-
1081 2476 1193 2518 Edd.
1230 2475 1427 2517 Merlini;
1467 2477 1667 2518 dominus

245 2532 413 2589 spiritus
444 2546 513 2575 est.

365 2601 409 2657 ⁴)
439 2603 516 2643 Ev.
546 2603 705 2646 Joann.
735 2604 809 2653 VI,
838 2605 904 2647 63.

364 2674 408 2728 ⁵)
439 2673 520 2715 Ed.
549 2674 685 2715 Ruaei
714 2676 823 2717 sola:
855 2686 928 2718 est.

364 2743 411 2797 ⁶)
440 2742 551 2785 Edd.
581 2744 776 2786 Merlini:
809 2747 1050 2787 debeamus.

367 2811 414 2866 7)
444 2812 529 2857 Csr.
563 2814 690 2857 Levit.
723 2815 795 2867 VI,
827 2817 864 2859 1.
892 2815 931 2858 2.
962 2816 1002 2859 3.
1033 2817 1072 2860 4.
1100 2815 1139 2856 5.
