1752 3136
450 141 496 172 m
526 130 781 172 LEvmch
810 97 1112 170 Homnm‘XI.
1410 127 1493 171 377

75 242 160 284 voti
190 241 410 298 professio.
471 243 558 284 Sed
591 254 629 282 et
653 237 842 299 alimu')
876 238 966 295 quis
998 239 1051 280 ita
1083 248 1206 279 vovet
1235 237 1357 287 Deo,
1385 238 1493 280 sicut

79 321 198 361 Anna
228 319 327 360 fecit
357 319 619 360 Samuelem:
652 328 747 358 ante
778 315 890 356 enim
922 332 1048 371 quam
1077 327 1332 365 nasceretur,
1364 316 1492 356 obtu-

71 396 120 437 lit
148 412 243 436 eum
275 395 437 437 dicens:
482 406 549 446 „et
564 393 609 449 ²)
651 394 765 435 dabo
810 410 905 434 eum
936 389 1130 434 Domino
1172 394 1316 436 datum
1347 393 1491 461 ’om‘ni-

70 475 149 514 bus
179 472 328 515 diebus
358 472 466 513 vitae
493 475 631 512 suae.“
698 470 761 510 Ex
801 471 955 526 quibus
996 471 1195 512 omnibus
1225 472 1386 513 clarum
1420 482 1493 524 est,

72 551 294 604 quomodo
336 547 627 604 unusquisque
666 559 881 597 nostrum,
927 547 998 603 qui
1043 549 1133 589 vult
1174 564 1259 590 esse
1309 562 1490 602 sanctus,

70 628 308 669 consecrari
335 628 486 668 debeat
514 626 634 676 Deo,
684 637 723 666 et
761 624 888 666 nullis
927 636 1143 680 praeterea
1179 627 1379 680 negotiis,
1426 630 1491 670 vel

68 704 240 754 actibus,
272 705 344 759 qui
374 705 428 744 ad
459 704 600 744 Deum
632 702 809 743 minime
839 701 1063 757 pertinent,
1096 705 1311 759 occupari.

178 765 227 826 2,-
249 781 353 822 Post
382 782 485 821 haec
515 780 717 834 scriptum
752 791 831 821 est:
879 779 1138 835 „ser-:ate,³)
1176 781 1338 838 inquit,
1366 800 1492 839 prae-

67 870 188 914 cepta
225 875 342 908 mea,
394 870 434 898 et
471 856 593 898 facite
634 872 701 896 ea:
755 872 830 908 ego
871 856 1134 898 Dominus2⁴‘
1181 870 1221 899 et
1259 860 1309 901 iis
1351 862 1487 903 addit:

65 936 225 986 „homo
241 934 287 989 4)
319 935 450 975 homo
483 933 517 974 si
547 932 808 974 maledixerit
837 945 1015 989 patrem,
1045 945 1117 975 aut
1146 948 1328 978 matrem
1357 954 1490 990 suam,

65 1013 320 1054 moriatur:“
353 1023 391 1053 et
420 1022 517 1066 post
543 1012 691 1058 multa,
722 1026 830 1065 quae
875 1012 1112 1066 praecepit,
1168 1014 1322 1067 quibus
1362 1016 1490 1058 etiam

65 1106 227 1145 poenas
258 1087 628 1144 praevaricationis
648 1086 882 1143 adscripsit,
913 1088 1032 1140 addit
1046 1087 1089 1129 in
1115 1090 1325 1132 clausula:
1356 1106 1425 1143 „et
1442 1094 1487 1150 ⁵.)

65 1177 225 1207 servate
256 1164 398 1206 omnIa
428 1176 660 1220 praecepta
684 1181 801 1213 mea,
844 1176 882 1204 et
919 1163 1235 1220 justificationes
1274 1184 1410 1220 meas,
1450 1185 1490 1214 et

63 1241 220 1299 judicia
252 1244 389 1287 mea.“
453 1241 583 1282 Unde
622 1253 662 1282 et
700 1257 964 1296 consequens
1005 1241 1110 1283 mihi
1140 1243 1307 1286 videtur
1343 1249 1488 1304 requi-

63 1336 169 1369 rere,
200 1319 302 1375 quid
333 1319 376 1360 in
408 1316 470 1360 his
499 1316 669 1369 sing‘ulis
708 1317 928 1359 indicetur.
999 1319 1212 1374 Equidem
1251 1326 1488 1367 secundum

65 1397 184 1452 quod
215 1398 439 1437 observare
469 1395 606 1451 potui,
635 1407 910 1451 praeceptum
944 1408 1012 1445 cst,
1042 1397 1127 1437 sive
1156 1400 1402 1442 mandatum
1434 1404 1486 1445 il-

62 1474 152 1524 lud,
184 1474 315 1528 quod,
343 1471 460 1513 verbi
493 1470 634 1523 gratia,
663 1472 706 1513 in
739 1473 944 1523 decalogo
978 1472 1172 1515 dicitur:.
1192 1492 1309 1525 „non
1326 1478 1371 1532 6)
1413 1497 1487 1522 ος-

64 1552 190 1601 cides,
218 1567 310 1591 non
341 1548 598 1593 adulterabis
619 1554 653 1589 :“
696 1549 780 1589 hoc
814 1550 925 1590 enim
965 1551 1103 1591 solum
1135 1553 1421 1610 praecipitur,
1447 1570 1487 1598 et

63 1645 155 1669 non
184 1627 437 1670 adscribitur
466 1642 608 1682 poena
641 1625 863 1668 commissi.
934 1628 1059 1668 Nunc
1099 1642 1238 1671 autem
1279 1632 1487 1676 iterantur

63 1705 236 1760 quidem
268 1705 429 1753 eadem,
460 1701 613 1743 additis
632 1702 676 1757 ⁷)
703 1704 765 1744 his
797 1704 970 1759 poenis:
1003 1704 1158 1746 dicitur
1187 1707 1312 1750 enim.
1365 1712 1486 1761 „Ho-

60 1798 133 1823 mo
150 1780 195 1838 εἶ)
225 1781 636 1836 homoquicunque
666 1781 962 1822 adulteraverit
983 1797 1159 1823 uxorem
1189 1784 1279 1835 viri,
1310 1799 1350 1828 et
1378 1805 1486 1830 uxo-

61 1875 152 1900 rem
181 1856 365 1915 proximi
393 1856 471 1905 sui,
500 1866 642 1895 morte
657 1854 867 1897 moriatur
894 1856 941 1908 is,
973 1858 1045 1913 qui
1062 1860 1283 1913 adulterat,
1315 1876 1355 1905 et
1375 1882 1485 1921 quae

62 1936 336 1977 adulteratur.
394 1932 449 1974 Et
493 1931 526 1974 si
565 1931 656 1987 quis
696 1927 919 1976 dormierit
960 1953 1056 1977 cum
1086 1954 1219 1980 uxore
1246 1942 1376 1996 patris
1405 1944 1482 1994 sui,

59 2012 366 2068 turpitudinem
395 2009 525 2067 patris
555 2011 618 2051 sui
658 2011 831 2059 detexit,
877 2025 1015 2054 morte
1058 2014 1299 2057 moriantur
1339 2022 1483 2072 ambo,

59 2089 121 2130 rei
153 2088 266 2130 enim
293 2092 430 2135 sunt,“
486 2086 556 2128 De
586 2085 648 2128 his
681 2098 820 2128 autem
849 2088 892 2129 in
912 2090 1127 2144 prioribus
1144 2090 1229 2148 jam
1262 2096 1358 2136 data
1388 2099 1481 2139 fue-

59 2175 155 2207 rant
182 2177 420 2222 praecepta,
452 2165 525 2206 sed
554 2181 645 2205 non
676 2165 968 2208 observantem
986 2176 1096 2222 quae
1110 2183 1301 2212 maneret
1326 2189 1482 2228 poena,

59 2258 150 2282 non
179 2242 319 2283 suerat
347 2240 621 2296 adscriptum.
679 2241 805 2282 Nunc
837 2258 933 2294 ergo
967 2245 1114 2286 eadem
1146 2259 1408 2302 repetuntur,
1440 2263 1481 2293 et

61 2316 392 2375 uniuscujusque
421 2332 563 2373 poena
594 2316 755 2372 peccati
786 2318 1048 2361 decernitur:
1080 2331 1120 2361 et
1149 2321 1246 2366 ideo
1276 2326 1380 2373 haec
1410 2345 1478 2373 re-.

177 2463 221 2518 ¹)
251 2464 364 2505 Edd.
392 2464 588 2507 Merlini:
620 2466 723 2507 alius
755 2465 846 2521 quis
876 2477 949 2507 etc.

173 2531 220 2589 ²)
251 2533 269 2572 Ῑ
301 2534 416 2576 Sam.
446 2536 479 2585 I,
509 2539 575 2580 11.
605 2535 648 2590 (I
679 2536 802 2588 Regg.

174 2602 222 2655 ³)
252 2603 379 2646 Levit.
411 2605 510 2657 XX,
540 2605 580 2648 8.
698 2606 743 2662 ⁴²)
775 2605 901 2647 Levit.
933 2606 1031 2657 XX,
1060 2609 1098 2651 9.

176 2671 220 2726 ⁵)
255 2671 341 2715 Cfr.
373 2676 502 2717 Levit.
532 2676 631 2726 XX,
660 2677 725 2721 22.
845 2677 891 2730 6)
923 2678 1050 2720 Deut.
1082 2679 1134 2730 V,
1158 2680 1228 2724 17.
1260 2683 1325 2726 18.

174 2741 221 2795 ⁷)
251 2742 363 2784 Edd.
393 2744 586 2786 Merlini:
619 2748 717 2796 „sed
749 2748 865 2789 addit
894 2748 956 2789 his
987 2756 1197 2804 poenas;⁴‘
1238 2753 1303 2794 ed.
1342 2754 1477 2797 Ruaei

60 2813 306 2854 perperam:
337 2802 515 2849 „additis
545 2802 608 2843 his
639 2810 838 2858 poenas.“
867 2805 917 2847 R.

174 2867 218 2921 ⁸)
249 2868 377 2911 Levit.
407 2870 505 2922 XX,
535 2872 601 2917 10.
633 2875 701 2918 11.
