1752 3136
453 119 500 149 m
529 104 785 150 Lem-rmum
813 104 1015 148 HommA
1040 104 1112 147 IV.
1412 107 1497 153 227

76 230 165 261 tuo.
224 218 322 260 Hoc
353 230 434 269 est,
466 217 583 273 quod
615 228 654 257 et
681 214 896 258 Dominus
933 213 980 256 in
1008 213 1245 268 Evangeliis
1272 218 1495 274 praecipit,

73 307 120 337 ut
148 295 290 351 sint¹)
329 294 464 337 lumbi
502 291 624 334 vestri
659 291 978 348 praecincti,²)
1024 303 1066 333 et
1107 291 1308 334 lucernae
1335 306 1496 336 vestrae

71 388 237 428 semper
252 372 296 427 ³)
327 373 556 412 ardentes.“
613 368 794 425 Semper
824 385 922 422 ergo
953 367 1032 411 tibi
1058 369 1165 422 ignis
1193 369 1316 422 fidei,
1356 382 1397 412 et
1424 371 1493 413 lu·

72 465 197 490 cerna
226 446 421 490 scientiae
449 462 623 488 accensa
653 445 717 488 sit.
777 446 864 489 Sed
895 457 935 488 et
965 447 1084 502 quod
1115 445 1237 488 dixit:
1266 448 1430 498 „lumbi
1446 447 1492 504 ²)

68 524 191 566 vestri
219 523 499 580 praecincti:“
538 521 753 565 Dominus
781 523 826 564 in
854 522 1108 576 Evangelio:
1148 524 1233 565 hoc
1269 524 1385 566 idem
1420 537 1493 577 est,

71 602 188 656 quod
219 613 258 641 et
285 617 400 641 nunc
429 599 641 652 legislator
669 599 900 656 praecepit,
931 611 979 640 ut
995 600 1219 656 campestri
1235 600 1349 643 lineo
1367 618 1493 659 prae-

68 678 257 729 cingatur
284 677 505 726 sacerdos,
546 687 586 717 et
623 677 680 718 ita
718 677 848 718 veteri
877 676 1018 719 cinere
1057 677 1280 734 deposito,
1317 678 1493 720 innovet

63 769 202 795 sacros
231 753 359 805 ignes.
431 753 616 809 Oportet
657 752 769 794 enim
810 753 936 795 etiam
972 771 1052 796 nos
1093 754 1256 796 dicere:
1293 754 1490 810 „ecce‚⁵)

62 841 201 871 vetera
231 830 508 880 transierunt,
540 841 580 872 et
608 832 717 872 facta
745 841 844 870 sunt
873 829 1016 871 omnia
1040 835 1192 872 nova.“
1253 829 1491 888 Campestri

64 905 178 948 enim
207 906 321 947 linco
354 905 552 959 cingitur,
591 907 681 956 vel,
720 905 827 948 sicut
856 907 957 948 alibi
996 906 1173 957 dicitur,
1212 908 1490 952 femoralibus

62 982 216 1034 utitur,
256 983 329 1038 qui
359 983 567 1024 luxuriam
599 983 735 1023 fluxae
773 981 983 1033 libidinis,
1020 982 1191 1037 cingulo
1234 984 1491 1028 restrinxerit

63 1058 274 1100 castitatis.
331 1060 444 1100 Ante
475 1059 620 1100 omnia
652 1059 763 1100 enim
792 1059 1011 1111 sacerdos,
1051 1058 1123 1115 qui
1163 1059 1312 1102 divinis
1341 1062 1490 1105 assistit

63 1137 276 1186 altaribus,
309 1135 492 1177 castitate
523 1136 649 1177 debet
678 1134 852 1187 accingi,
881 1151 962 1176 nec
991 1135 1110 1177 aliter
1123 1153 1307 1192 purgare
1336 1151 1488 1190 vetera,

62 1224 101 1253 et
130 1213 363 1254 instaurare
393 1212 552 1269 poterit
581 1228 715 1262 nova,
745 1210 825 1253 nisi
854 1211 974 1255 lineis
1001 1212 1280 1270 induatur.⁶)
1337 1216 1407 1257 De
1434 1216 1488 1258 li-

59 1287 148 1329 ncis
177 1304 303 1344 saepe
330 1287 417 1347 jam
449 1289 610 1331 dictum
642 1301 722 1339 est,
757 1300 797 1331 et
824 1300 927 1330 tunc
957 1290 1165 1341 maxime,
1212 1308 1309 1333 cum
1341 1293 1394 1334 de
1421 1292 1490 1336 in-

60 1364 272 1407 dumentis
304 1367 637 1408 'sacerdotalibus
669 1366 926 1416 dicebamus,
958 1367 1077 1422 quod
1106 1366 1264 1423 species
1292 1367 1368 1411 ista
1397 1371 1488 1412 for-

59 1458 175 1482 mam
207 1455 346 1483 teneat
377 1442 596 1484 castitatis:
638 1443 736 1499 quia
767 1442 887 1495 origo
918 1442 995 1484 lini
1023 1444 1081 1485 ita
1113 1460 1136 1485 e
1164 1455 1278 1486 terra
1307 1446 1488 1498 ducitur,

60 1529 99 1558 et
131 1519 184 1558 de
212 1529 321 1558 terra
354 1518 514 1570 editur,
558 1530 606 1560 ut
645 1535 692 1560 ex
730 1519 849 1560 nulla
890 1519 1152 1562 admixtione
1190 1535 1396 1579 concepta
1424 1524 1488 1567 sit.

61 1593 388 1635 Observandum
418 1605 560 1635 tamen
591 1606 669 1644 est,
716 1595 835 1650 quod
874 1595 963 1637 aliis
1001 1596 1260 1641 indumentis
1288 1601 1488 1643 sacerdos

57 1671 200 1719 utitur,
232 1673 335 1712 dum
366 1682 424 1712 est
452 1670 496 1711 in
531 1670 839 1711 sacrificiorum
870 1670 1126 1722 ministerio,
1173 1687 1212 1716 et
1243 1674 1356 1726 aliis,
1386 1694 1486 1720 cum

57 1746 255 1803 procedit
286 1747 340 1787 ad
371 1747 598 1803 populum.
667 1748 764 1788 Hoc
802 1747 984 1789 faciebat
1014 1761 1053 1790 et
1080 1748 1239 1794 Paulus
1266 1753 1489 1796 scientissi-

57 1841 150 1865 mus
180 1823 450 1879 pontificum,
483 1835 523 1864 ct
551 1823 827 1880 peritissimus
856 1827 1140 1870 sacerdotum.
1189 1828 1394 1884 Quicum
1426 1848 1490 1874 es-

57 1912 119 1943 set
147 1900 191 1942 in
225 1913 351 1942 coetu
380 1902 684 1958 perfectorum,
712 1913 916 1958 tanquam
938 1903 1046 1945 intra
1066 1916 1210 1947 sancta
1239 1919 1487 1950 sanctorum

57 1977 242 2034 positus,
290 1990 331 2018 et
368 1978 474 2019 stola
518 1978 790 2033 perfectionis
818 1978 1016 2030 indutus,
1061 1981 1250 2024 dicebat:
1295 1985 1489 2040 „sapien-

57 2052 220 2110 tiam7)
249 2055 469 2110 loquimur
497 2054 608 2095 inter
649 2057 883 2111 perfectos,
929 2055 1177 2114 sapientiam
1220 2071 1359 2101 autem
1398 2077 1490 2104 non

180 2199 223 2254 ¹)
254 2200 355 2240 Luc.
384 2199 482 2250 XII,
511 2201 580 2244 35.

173 2270 220 2323 2)
250 2269 362 2311 Edd.
384 2269 558 2311 Merlini
589 2271 801 2323 hocloco,
832 2274 906 2314 cfr.
937 2289 1029 2330 pag.
1058 2272 1147 2331 huj.
1178 2286 1270 2321 not.
1299 2277 1362 2318 4.:
1389 2293 1487 2328 „ac-

61 2325 228 2368 cincti.“

176 2394 222 2450 ³)
255 2396 517 2438 Adverbium
553 2402 769 2452 „semper“
809 2398 923 2440 deest
959 2398 1004 2440 in
1044 2409 1166 2441 antea
1207 2400 1326 2443 editis
1363 2401 1422 2458 (v.
1453 2418 1486 2446 c.

61 2454 156 2495 edd.
186 2452 287 2508 M),
318 2454 391 2496 sed
422 2453 632 2508 reperitur
662 2454 705 2493 in
735 2454 838 2500 B'Iss.
867 2455 918 2495 R.

175 2522 221 2576 ⁴²)
245 2523 344 2564 Luc.
374 2522 480 2572 XII,
522 2524 590 2565 35.
632 2546 684 2553 —
723 2522 832 2564 Edd.
871 2525 934 2567 M.
975 2538 1014 2569 et
1044 2527 1095 2569 R.
1135 2528 1368 2580 hocloco,
1412 2529 1487 2572 cfr.

59 2595 153 2634 pag.
184 2577 271 2634 huj.
304 2590 393 2619 not.
423 2581 487 2624 2,:
517 2578 813 2635 „praecincti.“

179 2647 224 2703 ⁵)
254 2647 295 2686 II
326 2647 425 2689 Cor.
455 2648 508 2699 V,
540 2650 605 2693 17.

178 2717 223 2770 6)
257 2715 364 2757 Cod.
406 2717 700 2771 Sangerman.:
738 2718 1003 2771 ‚,induatur.“
1061 2722 1177 2765 Libri
1218 2723 1316 2767 editi
1356 2724 1416 2781 (e.
1454 2740 1488 2765 c.

65 2775 160 2816 cdd.
189 2772 298 2827 M.):
328 2773 568 2823 ,‚indutus‚“
597 2777 646 2816 R.

182 2843 227 2898 ⁷)
258 2843 277 2882 Ι
310 2842 410 2886 Cor.
439 2842 493 2895 II,
523 2845 562 2888 6.
595 2844 630 2888 7.
661 2845 701 2889 8.

1135 2952 1227 2995 15*
