<?xml version="1.0" encoding="UTF-8"?>
<!DOCTYPE html PUBLIC "-//W3C//DTD XHTML 1.0 Transitional//EN"
    "http://www.w3.org/TR/xhtml1/DTD/xhtml1-transitional.dtd">
<html xmlns="http://www.w3.org/1999/xhtml" xml:lang="en" lang="en">
 <head>
  <title>
</title>
<meta http-equiv="Content-Type" content="text/html;charset=utf-8" />
  <meta name='ocr-system' content='tesseract 3.04.00' />
  <meta name='ocr-capabilities' content='ocr_page ocr_carea ocr_par ocr_line ocrx_word'/>
</head>
<body>
  <div class='ocr_page' id='page_1' title='image "./operaomniaquaegr09orig_0354.png"; bbox 0 0 1752 3136; ppageno 0'>
   <div class='ocr_carea' id='block_1_1' title="bbox 258 100 1085 144">
    <p class='ocr_par' dir='ltr' id='par_1_1' title="bbox 258 100 1085 144">
     <span class='ocr_line' id='line_1_1' title="bbox 258 100 1085 144; baseline -0.002 0"><span class='ocrx_word' id='word_1_1' title='bbox 258 101 343 144; x_wconf 80' lang='lat'>342</span> <span class='ocrx_word' id='word_1_2' title='bbox 861 100 1085 142; x_wconf 69' lang='lat' dir='ltr'>Omenms</span> 
     </span>
    </p>
   </div>
   <div class='ocr_carea' id='block_1_2' title="bbox 251 211 1690 2272">
    <p class='ocr_par' dir='ltr' id='par_1_2' title="bbox 251 211 1690 2272">
     <span class='ocr_line' id='line_1_2' title="bbox 261 211 1687 271; baseline 0.003 -17"><span class='ocrx_word' id='word_1_3' title='bbox 261 227 353 254; x_wconf 86' lang='lat' dir='ltr'>mas</span> <span class='ocrx_word' id='word_1_4' title='bbox 386 211 567 254; x_wconf 77' lang='lat' dir='ltr'>ostendit</span> <span class='ocrx_word' id='word_1_5' title='bbox 597 226 682 253; x_wconf 86' lang='lat' dir='ltr'>esse</span> <span class='ocrx_word' id='word_1_6' title='bbox 711 226 854 253; x_wconf 87' lang='lat' dir='ltr'>rerum</span> <span class='ocrx_word' id='word_1_7' title='bbox 886 213 1073 255; x_wconf 83' lang='lat' dir='ltr'>vivarum</span> <span class='ocrx_word' id='word_1_8' title='bbox 1107 226 1145 255; x_wconf 90' lang='lat' dir='ltr'>et</span> <span class='ocrx_word' id='word_1_9' title='bbox 1172 230 1366 256; x_wconf 75' lang='lat' dir='ltr'>verarum</span> <span class='ocrx_word' id='word_1_10' title='bbox 1390 216 1475 265; x_wconf 85' lang='lat' dir='ltr'>illa,</span> <span class='ocrx_word' id='word_1_11' title='bbox 1507 232 1614 271; x_wconf 84' lang='lat' dir='ltr'>quae</span> <span class='ocrx_word' id='word_1_12' title='bbox 1644 219 1687 259; x_wconf 86' lang='lat' dir='ltr'>in</span> 
     </span>
     <span class='ocr_line' id='line_1_3' title="bbox 261 289 1688 349; baseline 0.004 -19"><span class='ocrx_word' id='word_1_13' title='bbox 261 290 352 343; x_wconf 81' lang='lat' dir='ltr'>lege</span> <span class='ocrx_word' id='word_1_14' title='bbox 381 289 536 345; x_wconf 85' lang='lat' dir='ltr'>scripta</span> <span class='ocrx_word' id='word_1_15' title='bbox 569 300 679 330; x_wconf 89' lang='lat' dir='ltr'>sunt.</span> <span class='ocrx_word' id='word_1_16' title='bbox 740 289 930 346; x_wconf 84' lang='lat' dir='ltr'><strong>Oportet</strong></span> <span class='ocrx_word' id='word_1_17' title='bbox 962 307 1059 344; x_wconf 81' lang='lat' dir='ltr'>ergo</span> <span class='ocrx_word' id='word_1_18' title='bbox 1092 309 1169 334; x_wconf 89' lang='lat' dir='ltr'>nos</span> <span class='ocrx_word' id='word_1_19' title='bbox 1195 309 1397 348; x_wconf 81' lang='lat' dir='ltr'>quaerere</span> <span class='ocrx_word' id='word_1_20' title='bbox 1425 294 1688 349; x_wconf 75' lang='lat' dir='ltr'>pontificem,</span> 
     </span>
     <span class='ocr_line' id='line_1_4' title="bbox 264 365 1690 425; baseline 0.004 -19"><span class='ocrx_word' id='word_1_21' title='bbox 264 365 338 421; x_wconf 88' lang='lat' dir='ltr'>qui</span> <span class='ocrx_word' id='word_1_22' title='bbox 367 367 495 408; x_wconf 90' lang='lat' dir='ltr'>semel</span> <span class='ocrx_word' id='word_1_23' title='bbox 523 366 567 407; x_wconf 88' lang='lat' dir='ltr'>in</span> <span class='ocrx_word' id='word_1_24' title='bbox 592 382 731 416; x_wconf 88' lang='lat' dir='ltr'>anno,</span> <span class='ocrx_word' id='word_1_25' title='bbox 759 367 802 408; x_wconf 89' lang='lat' dir='ltr'>id</span> <span class='ocrx_word' id='word_1_26' title='bbox 835 379 904 418; x_wconf 85' lang='lat' dir='ltr'>est,</span> <span class='ocrx_word' id='word_1_27' title='bbox 935 383 1012 424; x_wconf 90' lang='lat' dir='ltr'>per</span> <span class='ocrx_word' id='word_1_28' title='bbox 1045 386 1175 411; x_wconf 91' lang='lat' dir='ltr'>omne</span> <span class='ocrx_word' id='word_1_29' title='bbox 1205 370 1288 411; x_wconf 89' lang='lat' dir='ltr'>hoc</span> <span class='ocrx_word' id='word_1_30' title='bbox 1318 387 1515 425; x_wconf 78' lang='lat' dir='ltr'>praesens</span> <span class='ocrx_word' id='word_1_31' title='bbox 1546 387 1690 413; x_wconf 88' lang='lat' dir='ltr'>saecu-</span> 
     </span>
     <span class='ocr_line' id='line_1_5' title="bbox 260 443 1688 505; baseline 0.003 -21"><span class='ocrx_word' id='word_1_32' title='bbox 260 444 367 494; x_wconf 86' lang='lat' dir='ltr'>lum,</span> <span class='ocrx_word' id='word_1_33' title='bbox 395 443 649 485; x_wconf 78' lang='lat' dir='ltr'>sacrificium</span> <span class='ocrx_word' id='word_1_34' title='bbox 683 444 837 486; x_wconf 89' lang='lat' dir='ltr'>obtulit</span> <span class='ocrx_word' id='word_1_35' title='bbox 867 445 987 496; x_wconf 89' lang='lat' dir='ltr'>Deo,</span> <span class='ocrx_word' id='word_1_36' title='bbox 1029 445 1200 489; x_wconf 88' lang='lat' dir='ltr'>indutus</span> <span class='ocrx_word' id='word_1_37' title='bbox 1230 459 1363 496; x_wconf 84' lang='lat' dir='ltr'>veste,</span> <span class='ocrx_word' id='word_1_38' title='bbox 1411 447 1552 505; x_wconf 85' lang='lat' dir='ltr'>cujus,</span> <span class='ocrx_word' id='word_1_39' title='bbox 1593 448 1688 495; x_wconf 81' lang='lat' dir='ltr'>Do-</span> 
     </span>
     <span class='ocr_line' id='line_1_6' title="bbox 261 509 1687 580; baseline 0.004 -20"><span class='ocrx_word' id='word_1_40' title='bbox 261 520 380 561; x_wconf 87' lang='lat' dir='ltr'>mino</span> <span class='ocrx_word' id='word_1_41' title='bbox 414 519 597 578; x_wconf 85' lang='lat' dir='ltr'>juvante,</span> <span class='ocrx_word' id='word_1_42' title='bbox 628 509 736 578; x_wconf 67' lang='lat' dir='ltr'>qliae</span> <span class='ocrx_word' id='word_1_43' title='bbox 766 523 816 564; x_wconf 89' lang='lat' dir='ltr'>sit</span> <span class='ocrx_word' id='word_1_44' title='bbox 849 522 1037 578; x_wconf 77' lang='lat' dir='ltr'>qualitas,</span> <span class='ocrx_word' id='word_1_45' title='bbox 1071 526 1352 566; x_wconf 85' lang='lat' dir='ltr'>ostendemus.</span> <span class='ocrx_word' id='word_1_46' title='bbox 1416 524 1687 580; x_wconf 77' lang='lat' dir='ltr'>‚‚Tunica,¹)</span> 
     </span>
     <span class='ocr_line' id='line_1_7' title="bbox 260 595 1689 652; baseline 0.006 -16"><span class='ocrx_word' id='word_1_47' title='bbox 260 595 410 652; x_wconf 87' lang='lat' dir='ltr'>inquit,</span> <span class='ocrx_word' id='word_1_48' title='bbox 442 597 554 640; x_wconf 88' lang='lat' dir='ltr'>linea</span> <span class='ocrx_word' id='word_1_49' title='bbox 583 599 838 641; x_wconf 80' lang='lat' dir='ltr'>sanctificata</span> <span class='ocrx_word' id='word_1_50' title='bbox 870 599 1114 642; x_wconf 85' lang='lat' dir='ltr'>induetur.“</span> <span class='ocrx_word' id='word_1_51' title='bbox 1187 602 1341 643; x_wconf 81' lang='lat' dir='ltr'>Linum</span> <span class='ocrx_word' id='word_1_52' title='bbox 1376 603 1428 643; x_wconf 84' lang='lat' dir='ltr'>de</span> <span class='ocrx_word' id='word_1_53' title='bbox 1459 614 1569 644; x_wconf 86' lang='lat' dir='ltr'>terra</span> <span class='ocrx_word' id='word_1_54' title='bbox 1602 603 1689 645; x_wconf 86' lang='lat' dir='ltr'>ori-</span> 
     </span>
     <span class='ocr_line' id='line_1_8' title="bbox 260 675 1688 735; baseline 0.006 -22"><span class='ocrx_word' id='word_1_55' title='bbox 260 684 342 723; x_wconf 85' lang='lat' dir='ltr'><strong>tur,</strong></span> <span class='ocrx_word' id='word_1_56' title='bbox 372 675 515 716; x_wconf 81' lang='lat' dir='ltr'>tunica</span> <span class='ocrx_word' id='word_1_57' title='bbox 546 691 643 728; x_wconf 84' lang='lat' dir='ltr'>ergo</span> <span class='ocrx_word' id='word_1_58' title='bbox 676 676 932 717; x_wconf 78' lang='lat' dir='ltr'>sanctificata</span> <span class='ocrx_word' id='word_1_59' title='bbox 962 676 1073 718; x_wconf 83' lang='lat' dir='ltr'>linea</span> <span class='ocrx_word' id='word_1_60' title='bbox 1114 678 1306 720; x_wconf 80' lang='lat' dir='ltr'>induitur</span> <span class='ocrx_word' id='word_1_61' title='bbox 1347 696 1467 721; x_wconf 91' lang='lat' dir='ltr'>verus</span> <span class='ocrx_word' id='word_1_62' title='bbox 1497 679 1688 735; x_wconf 85' lang='lat' dir='ltr'>pontifex</span> 
     </span>
     <span class='ocr_line' id='line_1_9' title="bbox 263 748 1687 809; baseline 0.005 -19"><span class='ocrx_word' id='word_1_63' title='bbox 263 748 467 800; x_wconf 83' lang='lat' dir='ltr'>Christus,</span> <span class='ocrx_word' id='word_1_64' title='bbox 499 768 595 793; x_wconf 89' lang='lat' dir='ltr'>cum</span> <span class='ocrx_word' id='word_1_65' title='bbox 626 764 822 792; x_wconf 87' lang='lat' dir='ltr'>naturam</span> <span class='ocrx_word' id='word_1_66' title='bbox 853 752 1012 793; x_wconf 87' lang='lat' dir='ltr'>terreni</span> <span class='ocrx_word' id='word_1_67' title='bbox 1056 755 1252 809; x_wconf 85' lang='lat' dir='ltr'>corporis</span> <span class='ocrx_word' id='word_1_68' title='bbox 1293 756 1432 800; x_wconf 87' lang='lat' dir='ltr'>sumit.</span> <span class='ocrx_word' id='word_1_69' title='bbox 1492 757 1562 798; x_wconf 87' lang='lat' dir='ltr'>De</span> <span class='ocrx_word' id='word_1_70' title='bbox 1591 773 1687 798; x_wconf 87' lang='lat' dir='ltr'>cor-</span> 
     </span>
     <span class='ocr_line' id='line_1_10' title="bbox 259 827 1686 884; baseline 0.005 -17"><span class='ocrx_word' id='word_1_71' title='bbox 259 842 368 882; x_wconf 88' lang='lat' dir='ltr'>pore</span> <span class='ocrx_word' id='word_1_72' title='bbox 399 827 511 869; x_wconf 80' lang='lat' dir='ltr'>enim</span> <span class='ocrx_word' id='word_1_73' title='bbox 554 827 783 884; x_wconf 82' lang='lat' dir='ltr'>dicitur,²)</span> <span class='ocrx_word' id='word_1_74' title='bbox 834 830 931 884; x_wconf 89' lang='lat' dir='ltr'>quia</span> <span class='ocrx_word' id='word_1_75' title='bbox 959 841 1074 870; x_wconf 85' lang='lat' dir='ltr'>terra</span> <span class='ocrx_word' id='word_1_76' title='bbox 1104 829 1180 879; x_wconf 90' lang='lat' dir='ltr'>sit,</span> <span class='ocrx_word' id='word_1_77' title='bbox 1233 842 1273 871; x_wconf 85' lang='lat' dir='ltr'>et</span> <span class='ocrx_word' id='word_1_78' title='bbox 1320 833 1364 874; x_wconf 85' lang='lat' dir='ltr'>in</span> <span class='ocrx_word' id='word_1_79' title='bbox 1405 845 1560 874; x_wconf 84' lang='lat' dir='ltr'>terram</span> <span class='ocrx_word' id='word_1_80' title='bbox 1600 833 1686 875; x_wconf 84' lang='lat' dir='ltr'>ibit.</span> 
     </span>
     <span class='ocr_line' id='line_1_11' title="bbox 261 902 1687 964; baseline 0.006 -22"><span class='ocrx_word' id='word_1_81' title='bbox 261 902 422 945; x_wconf 87' lang='lat' dir='ltr'>Volens</span> <span class='ocrx_word' id='word_1_82' title='bbox 455 920 553 957; x_wconf 82' lang='lat' dir='ltr'>ergo</span> <span class='ocrx_word' id='word_1_83' title='bbox 595 905 811 948; x_wconf 76' lang='lat' dir='ltr'>Dominus</span> <span class='ocrx_word' id='word_1_84' title='bbox 852 917 893 947; x_wconf 92' lang='lat' dir='ltr'>et</span> <span class='ocrx_word' id='word_1_85' title='bbox 933 906 1129 947; x_wconf 83' lang='lat' dir='ltr'><strong>Salvator</strong></span> <span class='ocrx_word' id='word_1_86' title='bbox 1169 924 1286 949; x_wconf 88' lang='lat' dir='ltr'>meus</span> <span class='ocrx_word' id='word_1_87' title='bbox 1326 909 1433 959; x_wconf 90' lang='lat' dir='ltr'>hoc,</span> <span class='ocrx_word' id='word_1_88' title='bbox 1484 911 1602 964; x_wconf 90' lang='lat' dir='ltr'>quod</span> <span class='ocrx_word' id='word_1_89' title='bbox 1640 911 1687 952; x_wconf 88' lang='lat' dir='ltr'>in</span> 
     </span>
     <span class='ocr_line' id='line_1_12' title="bbox 258 981 1688 1042; baseline 0.005 -20"><span class='ocrx_word' id='word_1_90' title='bbox 258 992 418 1022; x_wconf 84' lang='lat' dir='ltr'>terram</span> <span class='ocrx_word' id='word_1_91' title='bbox 451 981 569 1032; x_wconf 86' lang='lat' dir='ltr'>ierat,</span> <span class='ocrx_word' id='word_1_92' title='bbox 600 983 858 1033; x_wconf 89' lang='lat' dir='ltr'>resuscitare,</span> <span class='ocrx_word' id='word_1_93' title='bbox 881 983 926 1038; x_wconf 82' lang='lat'>³)</span> <span class='ocrx_word' id='word_1_94' title='bbox 972 995 1187 1024; x_wconf 87' lang='lat' dir='ltr'>terrenum</span> <span class='ocrx_word' id='word_1_95' title='bbox 1219 986 1404 1042; x_wconf 80' lang='lat' dir='ltr'>suscepit</span> <span class='ocrx_word' id='word_1_96' title='bbox 1436 1003 1613 1042; x_wconf 88' lang='lat' dir='ltr'>corpus,</span> <span class='ocrx_word' id='word_1_97' title='bbox 1643 1000 1688 1028; x_wconf 90' lang='lat' dir='ltr'>ut</span> 
     </span>
     <span class='ocr_line' id='line_1_13' title="bbox 258 1056 1687 1122; baseline 0.005 -25"><span class='ocrx_word' id='word_1_98' title='bbox 258 1056 304 1098; x_wconf 86' lang='lat' dir='ltr'>id</span> <span class='ocrx_word' id='word_1_99' title='bbox 337 1058 544 1100; x_wconf 84' lang='lat' dir='ltr'>elevatum</span> <span class='ocrx_word' id='word_1_100' title='bbox 577 1060 629 1101; x_wconf 84' lang='lat' dir='ltr'>de</span> <span class='ocrx_word' id='word_1_101' title='bbox 661 1072 784 1109; x_wconf 86' lang='lat' dir='ltr'>terra,</span> <span class='ocrx_word' id='word_1_102' title='bbox 813 1072 1005 1116; x_wconf 79' lang='lat' dir='ltr'>portaret</span> <span class='ocrx_word' id='word_1_103' title='bbox 1035 1061 1088 1101; x_wconf 86' lang='lat' dir='ltr'>ad</span> <span class='ocrx_word' id='word_1_104' title='bbox 1121 1061 1303 1103; x_wconf 87' lang='lat' dir='ltr'>coelum.</span> <span class='ocrx_word' id='word_1_105' title='bbox 1356 1063 1410 1105; x_wconf 86' lang='lat' dir='ltr'>Et</span> <span class='ocrx_word' id='word_1_106' title='bbox 1440 1062 1565 1120; x_wconf 82' lang='lat' dir='ltr'>hujus</span> <span class='ocrx_word' id='word_1_107' title='bbox 1594 1081 1687 1122; x_wconf 73' lang='lat' dir='ltr'>my-</span> 
     </span>
     <span class='ocr_line' id='line_1_14' title="bbox 259 1135 1686 1194; baseline 0.004 -17"><span class='ocrx_word' id='word_1_108' title='bbox 259 1135 373 1177; x_wconf 86' lang='lat' dir='ltr'>sterii</span> <span class='ocrx_word' id='word_1_109' title='bbox 403 1147 518 1177; x_wconf 87' lang='lat' dir='ltr'>tenet</span> <span class='ocrx_word' id='word_1_110' title='bbox 546 1137 726 1189; x_wconf 85' lang='lat' dir='ltr'>figuram</span> <span class='ocrx_word' id='word_1_111' title='bbox 757 1138 864 1187; x_wconf 89' lang='lat' dir='ltr'>hoc,</span> <span class='ocrx_word' id='word_1_112' title='bbox 897 1139 1013 1194; x_wconf 89' lang='lat' dir='ltr'>quod</span> <span class='ocrx_word' id='word_1_113' title='bbox 1045 1138 1090 1179; x_wconf 90' lang='lat' dir='ltr'>in</span> <span class='ocrx_word' id='word_1_114' title='bbox 1121 1139 1211 1190; x_wconf 86' lang='lat' dir='ltr'>lege</span> <span class='ocrx_word' id='word_1_115' title='bbox 1241 1139 1460 1192; x_wconf 79' lang='lat' dir='ltr'>scribitur,</span> <span class='ocrx_word' id='word_1_116' title='bbox 1499 1153 1545 1181; x_wconf 92' lang='lat' dir='ltr'>ut</span> <span class='ocrx_word' id='word_1_117' title='bbox 1574 1141 1686 1184; x_wconf 84' lang='lat' dir='ltr'>linea</span> 
     </span>
     <span class='ocr_line' id='line_1_15' title="bbox 259 1212 1684 1271; baseline 0.004 -18"><span class='ocrx_word' id='word_1_118' title='bbox 259 1212 402 1254; x_wconf 89' lang='lat' dir='ltr'>tunica</span> <span class='ocrx_word' id='word_1_119' title='bbox 442 1213 631 1270; x_wconf 82' lang='lat' dir='ltr'>pontifex</span> <span class='ocrx_word' id='word_1_120' title='bbox 671 1215 885 1256; x_wconf 82' lang='lat' dir='ltr'>induatur.</span> <span class='ocrx_word' id='word_1_121' title='bbox 962 1215 1048 1257; x_wconf 86' lang='lat' dir='ltr'>Sed</span> <span class='ocrx_word' id='word_1_122' title='bbox 1101 1217 1220 1271; x_wconf 87' lang='lat' dir='ltr'>quod</span> <span class='ocrx_word' id='word_1_123' title='bbox 1259 1217 1423 1258; x_wconf 81' lang='lat' dir='ltr'>addidit</span> <span class='ocrx_word' id='word_1_124' title='bbox 1472 1218 1684 1268; x_wconf 77' lang='lat' dir='ltr'>„sanctifi-</span> 
     </span>
     <span class='ocr_line' id='line_1_16' title="bbox 261 1289 1687 1351; baseline 0.004 -20"><span class='ocrx_word' id='word_1_125' title='bbox 261 1289 452 1344; x_wconf 67' lang='lat' dir='ltr'>cata,“⁴)</span> <span class='ocrx_word' id='word_1_126' title='bbox 483 1308 574 1332; x_wconf 90' lang='lat' dir='ltr'>non</span> <span class='ocrx_word' id='word_1_127' title='bbox 606 1290 740 1333; x_wconf 87' lang='lat' dir='ltr'>otiose</span> <span class='ocrx_word' id='word_1_128' title='bbox 772 1292 1035 1334; x_wconf 84' lang='lat' dir='ltr'>audiendum</span> <span class='ocrx_word' id='word_1_129' title='bbox 1068 1304 1136 1334; x_wconf 90' lang='lat' dir='ltr'>est.</span> <span class='ocrx_word' id='word_1_130' title='bbox 1195 1293 1467 1336; x_wconf 78' lang='lat' dir='ltr'>sanctificata</span> <span class='ocrx_word' id='word_1_131' title='bbox 1496 1312 1687 1351; x_wconf 87' lang='lat' dir='ltr'>namque</span> 
     </span>
     <span class='ocr_line' id='line_1_17' title="bbox 258 1367 1684 1414; baseline 0.004 -7"><span class='ocrx_word' id='word_1_132' title='bbox 258 1367 338 1409; x_wconf 84' lang='lat' dir='ltr'>suit</span> <span class='ocrx_word' id='word_1_133' title='bbox 365 1367 508 1409; x_wconf 88' lang='lat' dir='ltr'>tunica</span> <span class='ocrx_word' id='word_1_134' title='bbox 540 1369 676 1409; x_wconf 87' lang='lat' dir='ltr'>carnis</span> <span class='ocrx_word' id='word_1_135' title='bbox 710 1367 887 1410; x_wconf 86' lang='lat' dir='ltr'>Christi:</span> <span class='ocrx_word' id='word_1_136' title='bbox 933 1386 1025 1410; x_wconf 89' lang='lat' dir='ltr'>non</span> <span class='ocrx_word' id='word_1_137' title='bbox 1068 1371 1182 1411; x_wconf 88' lang='lat' dir='ltr'>enim</span> <span class='ocrx_word' id='word_1_138' title='bbox 1225 1383 1311 1412; x_wconf 88' lang='lat' dir='ltr'>erat</span> <span class='ocrx_word' id='word_1_139' title='bbox 1342 1387 1390 1411; x_wconf 82' lang='lat' dir='ltr'>ex</span> <span class='ocrx_word' id='word_1_140' title='bbox 1419 1372 1578 1414; x_wconf 86' lang='lat' dir='ltr'>semine</span> <span class='ocrx_word' id='word_1_141' title='bbox 1609 1373 1684 1414; x_wconf 82' lang='lat' dir='ltr'>viri</span> 
     </span>
     <span class='ocr_line' id='line_1_18' title="bbox 258 1445 1684 1504; baseline 0.004 -20"><span class='ocrx_word' id='word_1_142' title='bbox 258 1455 482 1500; x_wconf 83' lang='lat' dir='ltr'>concepta,</span> <span class='ocrx_word' id='word_1_143' title='bbox 509 1445 584 1486; x_wconf 88' lang='lat' dir='ltr'>sed</span> <span class='ocrx_word' id='word_1_144' title='bbox 615 1462 662 1487; x_wconf 82' lang='lat' dir='ltr'>ex</span> <span class='ocrx_word' id='word_1_145' title='bbox 692 1457 838 1488; x_wconf 86' lang='lat' dir='ltr'>sancto</span> <span class='ocrx_word' id='word_1_146' title='bbox 872 1445 1036 1501; x_wconf 82' lang='lat' dir='ltr'>Spiritu</span> <span class='ocrx_word' id='word_1_147' title='bbox 1075 1459 1283 1498; x_wconf 83' lang='lat' dir='ltr'>generata.</span> <span class='ocrx_word' id='word_1_148' title='bbox 1357 1448 1441 1497; x_wconf 84' lang='lat' dir='ltr'>„Et</span> <span class='ocrx_word' id='word_1_149' title='bbox 1460 1448 1503 1504; x_wconf 83' lang='lat'>⁵)</span> <span class='ocrx_word' id='word_1_150' title='bbox 1545 1450 1684 1490; x_wconf 88' lang='lat' dir='ltr'>femo-</span> 
     </span>
     <span class='ocr_line' id='line_1_19' title="bbox 258 1519 1685 1581; baseline 0.004 -21"><span class='ocrx_word' id='word_1_151' title='bbox 258 1519 384 1569; x_wconf 83' lang='lat' dir='ltr'>ralia,</span> <span class='ocrx_word' id='word_1_152' title='bbox 424 1520 584 1577; x_wconf 88' lang='lat' dir='ltr'>inquit,</span> <span class='ocrx_word' id='word_1_153' title='bbox 620 1524 732 1566; x_wconf 87' lang='lat' dir='ltr'>linea</span> <span class='ocrx_word' id='word_1_154' title='bbox 774 1524 859 1566; x_wconf 87' lang='lat' dir='ltr'>sint</span> <span class='ocrx_word' id='word_1_155' title='bbox 896 1531 1037 1579; x_wconf 87' lang='lat' dir='ltr'>super&#39;</span> <span class='ocrx_word' id='word_1_156' title='bbox 1066 1540 1222 1579; x_wconf 90' lang='lat' dir='ltr'>corpus</span> <span class='ocrx_word' id='word_1_157' title='bbox 1253 1523 1381 1581; x_wconf 87' lang='lat' dir='ltr'>ejus.“</span> <span class='ocrx_word' id='word_1_158' title='bbox 1456 1523 1685 1567; x_wconf 82' lang='lat' dir='ltr'>Femorale</span> 
     </span>
     <span class='ocr_line' id='line_1_20' title="bbox 256 1596 1681 1657; baseline 0.004 -18"><span class='ocrx_word' id='word_1_159' title='bbox 256 1596 558 1640; x_wconf 85' lang='lat' dir='ltr'>indumentum</span> <span class='ocrx_word' id='word_1_160' title='bbox 589 1612 661 1651; x_wconf 88' lang='lat' dir='ltr'>est,</span> <span class='ocrx_word' id='word_1_161' title='bbox 692 1617 777 1657; x_wconf 91' lang='lat' dir='ltr'>quo</span> <span class='ocrx_word' id='word_1_162' title='bbox 808 1601 1014 1656; x_wconf 88' lang='lat' dir='ltr'>pudenda</span> <span class='ocrx_word' id='word_1_163' title='bbox 1048 1600 1241 1656; x_wconf 87' lang='lat' dir='ltr'>corporis</span> <span class='ocrx_word' id='word_1_164' title='bbox 1283 1602 1448 1655; x_wconf 84' lang='lat' dir='ltr'>contegi</span> <span class='ocrx_word' id='word_1_165' title='bbox 1493 1615 1531 1643; x_wconf 88' lang='lat' dir='ltr'>et</span> <span class='ocrx_word' id='word_1_166' title='bbox 1574 1619 1681 1644; x_wconf 88' lang='lat' dir='ltr'>con-</span> 
     </span>
     <span class='ocr_line' id='line_1_21' title="bbox 255 1673 1678 1733; baseline 0.004 -18"><span class='ocrx_word' id='word_1_167' title='bbox 255 1673 400 1729; x_wconf 82' lang='lat' dir='ltr'>stringi</span> <span class='ocrx_word' id='word_1_168' title='bbox 419 1677 571 1718; x_wconf 89' lang='lat' dir='ltr'>solent.</span> <span class='ocrx_word' id='word_1_169' title='bbox 609 1677 656 1719; x_wconf 89' lang='lat' dir='ltr'>Si</span> <span class='ocrx_word' id='word_1_170' title='bbox 687 1693 785 1730; x_wconf 86' lang='lat' dir='ltr'>ergo</span> <span class='ocrx_word' id='word_1_171' title='bbox 817 1676 1025 1733; x_wconf 80' lang='lat' dir='ltr'>adspicias</span> <span class='ocrx_word' id='word_1_172' title='bbox 1051 1678 1316 1720; x_wconf 80' lang='lat' dir='ltr'>salvatorem</span> <span class='ocrx_word' id='word_1_173' title='bbox 1348 1676 1558 1733; x_wconf 70' lang='lat' dir='ltr'>rneum5)</span> <span class='ocrx_word' id='word_1_174' title='bbox 1589 1696 1678 1722; x_wconf 90' lang='lat' dir='ltr'>sus-</span> 
     </span>
     <span class='ocr_line' id='line_1_22' title="bbox 258 1753 1680 1811; baseline 0.004 -18"><span class='ocrx_word' id='word_1_175' title='bbox 258 1753 413 1808; x_wconf 86' lang='lat' dir='ltr'>cepisse</span> <span class='ocrx_word' id='word_1_176' title='bbox 442 1753 615 1809; x_wconf 88' lang='lat' dir='ltr'>quidem</span> <span class='ocrx_word' id='word_1_177' title='bbox 647 1770 823 1810; x_wconf 88' lang='lat' dir='ltr'>corpus,</span> <span class='ocrx_word' id='word_1_178' title='bbox 854 1766 892 1794; x_wconf 89' lang='lat' dir='ltr'>et</span> <span class='ocrx_word' id='word_1_179' title='bbox 921 1753 966 1793; x_wconf 88' lang='lat' dir='ltr'>in</span> <span class='ocrx_word' id='word_1_180' title='bbox 999 1770 1184 1809; x_wconf 90' lang='lat' dir='ltr'>corpore</span> <span class='ocrx_word' id='word_1_181' title='bbox 1213 1755 1413 1811; x_wconf 87' lang='lat' dir='ltr'>positum,</span> <span class='ocrx_word' id='word_1_182' title='bbox 1444 1756 1571 1809; x_wconf 81' lang='lat' dir='ltr'>egisse</span> <span class='ocrx_word' id='word_1_183' title='bbox 1599 1757 1680 1798; x_wconf 90' lang='lat' dir='ltr'>hu-</span> 
     </span>
     <span class='ocr_line' id='line_1_23' title="bbox 258 1831 1681 1882; baseline 0.002 -12"><span class='ocrx_word' id='word_1_184' title='bbox 258 1845 411 1872; x_wconf 87' lang='lat' dir='ltr'>manos</span> <span class='ocrx_word' id='word_1_185' title='bbox 442 1841 568 1880; x_wconf 85' lang='lat' dir='ltr'>actus,</span> <span class='ocrx_word' id='word_1_186' title='bbox 597 1831 642 1872; x_wconf 87' lang='lat' dir='ltr'>id</span> <span class='ocrx_word' id='word_1_187' title='bbox 672 1842 755 1880; x_wconf 91' lang='lat' dir='ltr'>est,</span> <span class='ocrx_word' id='word_1_188' title='bbox 785 1831 1005 1881; x_wconf 87' lang='lat' dir='ltr'>vescendi,</span> <span class='ocrx_word' id='word_1_189' title='bbox 1036 1843 1076 1873; x_wconf 84' lang='lat' dir='ltr'>ct</span> <span class='ocrx_word' id='word_1_190' title='bbox 1104 1831 1296 1882; x_wconf 84' lang='lat' dir='ltr'>bibendi,</span> <span class='ocrx_word' id='word_1_191' title='bbox 1327 1844 1366 1873; x_wconf 93' lang='lat' dir='ltr'>et</span> <span class='ocrx_word' id='word_1_192' title='bbox 1396 1845 1534 1874; x_wconf 85' lang='lat' dir='ltr'>cetera</span> <span class='ocrx_word' id='word_1_193' title='bbox 1563 1832 1681 1874; x_wconf 86' lang='lat' dir='ltr'>simi-</span> 
     </span>
     <span class='ocr_line' id='line_1_24' title="bbox 255 1906 1679 1966; baseline 0.002 -19"><span class='ocrx_word' id='word_1_194' title='bbox 255 1906 333 1948; x_wconf 88' lang='lat' dir='ltr'>lia:</span> <span class='ocrx_word' id='word_1_195' title='bbox 365 1908 450 1948; x_wconf 86' lang='lat' dir='ltr'>hoc</span> <span class='ocrx_word' id='word_1_196' title='bbox 480 1919 623 1949; x_wconf 89' lang='lat' dir='ltr'>autem</span> <span class='ocrx_word' id='word_1_197' title='bbox 653 1908 793 1950; x_wconf 87' lang='lat' dir='ltr'>solum</span> <span class='ocrx_word' id='word_1_198' title='bbox 825 1925 932 1964; x_wconf 91' lang='lat' dir='ltr'>opus</span> <span class='ocrx_word' id='word_1_199' title='bbox 962 1925 1053 1950; x_wconf 92' lang='lat' dir='ltr'>non</span> <span class='ocrx_word' id='word_1_200' title='bbox 1085 1909 1224 1963; x_wconf 83' lang='lat' dir='ltr'>egisse,</span> <span class='ocrx_word' id='word_1_201' title='bbox 1256 1912 1374 1966; x_wconf 85' lang='lat' dir='ltr'>quod</span> <span class='ocrx_word' id='word_1_202' title='bbox 1398 1911 1451 1951; x_wconf 86' lang='lat' dir='ltr'>ad</span> <span class='ocrx_word' id='word_1_203' title='bbox 1476 1911 1679 1965; x_wconf 87' lang='lat' dir='ltr'>pudenda</span> 
     </span>
     <span class='ocr_line' id='line_1_25' title="bbox 255 1984 1679 2043; baseline 0.002 -18"><span class='ocrx_word' id='word_1_204' title='bbox 255 1984 449 2040; x_wconf 90' lang='lat' dir='ltr'>corporis</span> <span class='ocrx_word' id='word_1_205' title='bbox 478 1987 684 2041; x_wconf 86' lang='lat' dir='ltr'>pertinet,</span> <span class='ocrx_word' id='word_1_206' title='bbox 723 2002 979 2041; x_wconf 82' lang='lat' dir='ltr'>carnemque</span> <span class='ocrx_word' id='word_1_207' title='bbox 1023 1984 1112 2043; x_wconf 79' lang='lat' dir='ltr'>ejus</span> <span class='ocrx_word' id='word_1_208' title='bbox 1150 2003 1292 2042; x_wconf 83' lang='lat' dir='ltr'>neque</span> <span class='ocrx_word' id='word_1_209' title='bbox 1321 1986 1501 2042; x_wconf 87' lang='lat' dir='ltr'>nuptiis,</span> <span class='ocrx_word' id='word_1_210' title='bbox 1538 2003 1679 2043; x_wconf 88' lang='lat' dir='ltr'>neque</span> 
     </span>
     <span class='ocr_line' id='line_1_26' title="bbox 252 2061 1676 2119; baseline 0.001 -17"><span class='ocrx_word' id='word_1_211' title='bbox 252 2061 441 2103; x_wconf 82' lang='lat' dir='ltr'>filiorum</span> <span class='ocrx_word' id='word_1_212' title='bbox 472 2061 764 2118; x_wconf 82' lang='lat' dir='ltr'>procreationi</span> <span class='ocrx_word' id='word_1_213' title='bbox 793 2062 998 2118; x_wconf 86' lang='lat' dir='ltr'>patuisse,</span> <span class='ocrx_word' id='word_1_214' title='bbox 1027 2063 1238 2113; x_wconf 83' lang='lat' dir='ltr'>invenies,</span> <span class='ocrx_word' id='word_1_215' title='bbox 1280 2064 1460 2119; x_wconf 79' lang='lat' dir='ltr'>qualiter</span> <span class='ocrx_word' id='word_1_216' title='bbox 1489 2064 1676 2105; x_wconf 86' lang='lat' dir='ltr'>femora-</span> 
     </span>
     <span class='ocr_line' id='line_1_27' title="bbox 252 2137 1675 2197; baseline 0.002 -18"><span class='ocrx_word' id='word_1_217' title='bbox 252 2137 310 2180; x_wconf 83' lang='lat' dir='ltr'>lia</span> <span class='ocrx_word' id='word_1_218' title='bbox 342 2138 454 2181; x_wconf 84' lang='lat' dir='ltr'>linea</span> <span class='ocrx_word' id='word_1_219' title='bbox 483 2139 985 2192; x_wconf 59' lang='lat' dir='ltr'>sanctificata‚habuerit,</span> <span class='ocrx_word' id='word_1_220' title='bbox 1030 2153 1075 2181; x_wconf 92' lang='lat' dir='ltr'>ut</span> <span class='ocrx_word' id='word_1_221' title='bbox 1114 2157 1210 2182; x_wconf 83' lang='lat' dir='ltr'>vere</span> <span class='ocrx_word' id='word_1_222' title='bbox 1256 2142 1309 2182; x_wconf 90' lang='lat' dir='ltr'>de</span> <span class='ocrx_word' id='word_1_223' title='bbox 1349 2142 1441 2197; x_wconf 87' lang='lat' dir='ltr'>ipso</span> <span class='ocrx_word' id='word_1_224' title='bbox 1487 2141 1572 2183; x_wconf 88' lang='lat' dir='ltr'>dici</span> <span class='ocrx_word' id='word_1_225' title='bbox 1601 2142 1675 2182; x_wconf 86' lang='lat' dir='ltr'>de-</span> 
     </span>
     <span class='ocr_line' id='line_1_28' title="bbox 251 2215 1678 2272; baseline 0.001 -14"><span class='ocrx_word' id='word_1_226' title='bbox 251 2218 364 2268; x_wconf 83' lang='lat' dir='ltr'>beat,</span> <span class='ocrx_word' id='word_1_227' title='bbox 395 2216 493 2272; x_wconf 83' lang='lat' dir='ltr'>quia</span> <span class='ocrx_word' id='word_1_228' title='bbox 532 2215 912 2272; x_wconf 78' lang='lat' dir='ltr'>„inhonestiora⁷)</span> <span class='ocrx_word' id='word_1_229' title='bbox 951 2229 1096 2260; x_wconf 87' lang='lat' dir='ltr'>nostra</span> <span class='ocrx_word' id='word_1_230' title='bbox 1128 2219 1487 2261; x_wconf 87' lang='lat' dir='ltr'>abundantiorem</span> <span class='ocrx_word' id='word_1_231' title='bbox 1517 2219 1678 2260; x_wconf 86' lang='lat' dir='ltr'>habent</span> 
     </span>
    </p>
   </div>
   <div class='ocr_carea' id='block_1_3' title="bbox 252 2292 1673 2352">
    <p class='ocr_par' dir='ltr' id='par_1_3' title="bbox 252 2292 1673 2352">
     <span class='ocr_line' id='line_1_29' title="bbox 252 2292 1673 2352; baseline 0.002 -18"><span class='ocrx_word' id='word_1_232' title='bbox 252 2294 510 2336; x_wconf 85' lang='lat' dir='ltr'>honorem.“</span> <span class='ocrx_word' id='word_1_233' title='bbox 558 2292 792 2336; x_wconf 88' lang='lat' dir='ltr'>Considera</span> <span class='ocrx_word' id='word_1_234' title='bbox 811 2306 953 2336; x_wconf 85' lang='lat' dir='ltr'>tamen</span> <span class='ocrx_word' id='word_1_235' title='bbox 984 2305 1024 2336; x_wconf 91' lang='lat' dir='ltr'>et</span> <span class='ocrx_word' id='word_1_236' title='bbox 1052 2296 1192 2351; x_wconf 85' lang='lat' dir='ltr'>ipsum</span> <span class='ocrx_word' id='word_1_237' title='bbox 1223 2295 1437 2352; x_wconf 80' lang='lat' dir='ltr'>pontificis</span> <span class='ocrx_word' id='word_1_238' title='bbox 1466 2295 1673 2345; x_wconf 79' lang='lat' dir='ltr'>habitum,</span> 
     </span>
    </p>
   </div>
   <div class='ocr_carea' id='block_1_4' title="bbox 368 2447 929 2571">
    <p class='ocr_par' dir='ltr' id='par_1_4' title="bbox 368 2447 929 2571">
     <span class='ocr_line' id='line_1_30' title="bbox 368 2447 783 2503; baseline 0.007 -16"><span class='ocrx_word' id='word_1_239' title='bbox 368 2447 414 2503; x_wconf 82' lang='lat'>¹)</span> <span class='ocrx_word' id='word_1_240' title='bbox 442 2448 569 2489; x_wconf 84' lang='lat' dir='ltr'>Levit.</span> <span class='ocrx_word' id='word_1_241' title='bbox 599 2447 716 2498; x_wconf 85' lang='lat' dir='ltr'>XVI,</span> <span class='ocrx_word' id='word_1_242' title='bbox 745 2449 783 2490; x_wconf 84' lang='grc'>4.</span> 
     </span>
     <span class='ocr_line' id='line_1_31' title="bbox 368 2516 929 2571; baseline 0 -13"><span class='ocrx_word' id='word_1_243' title='bbox 368 2517 414 2571; x_wconf 88' lang='lat'>²)</span> <span class='ocrx_word' id='word_1_244' title='bbox 451 2517 537 2559; x_wconf 83' lang='lat' dir='ltr'>Cfr.</span> <span class='ocrx_word' id='word_1_245' title='bbox 575 2516 727 2560; x_wconf 86' lang='lat' dir='ltr'>Genes.</span> <span class='ocrx_word' id='word_1_246' title='bbox 758 2518 832 2570; x_wconf 81' lang='lat' dir='ltr'><strong>III,</strong></span> <span class='ocrx_word' id='word_1_247' title='bbox 864 2519 929 2562; x_wconf 85' lang='lat'>19.</span> 
     </span>
    </p>
   </div>
   <div class='ocr_carea' id='block_1_5' title="bbox 250 2587 1667 2699">
    <p class='ocr_par' dir='ltr' id='par_1_5' title="bbox 250 2587 1667 2699">
     <span class='ocr_line' id='line_1_32' title="bbox 363 2587 1667 2645; baseline -0.002 -14"><span class='ocrx_word' id='word_1_248' title='bbox 363 2588 410 2645; x_wconf 83' lang='lat'>³)</span> <span class='ocrx_word' id='word_1_249' title='bbox 441 2591 542 2631; x_wconf 80' lang='lat' dir='ltr'>Mss.</span> <span class='ocrx_word' id='word_1_250' title='bbox 574 2588 888 2640; x_wconf 81' lang='lat' dir='ltr'>„resuscitare.“</span> <span class='ocrx_word' id='word_1_251' title='bbox 955 2587 1073 2630; x_wconf 87' lang='lat' dir='ltr'>Libri</span> <span class='ocrx_word' id='word_1_252' title='bbox 1113 2587 1213 2631; x_wconf 86' lang='lat' dir='ltr'>editi</span> <span class='ocrx_word' id='word_1_253' title='bbox 1251 2589 1309 2643; x_wconf 89' lang='lat' dir='ltr'>(v.</span> <span class='ocrx_word' id='word_1_254' title='bbox 1353 2605 1386 2630; x_wconf 90' lang='lat' dir='ltr'>c.</span> <span class='ocrx_word' id='word_1_255' title='bbox 1429 2590 1522 2632; x_wconf 81' lang='lat' dir='ltr'>edd.</span> <span class='ocrx_word' id='word_1_256' title='bbox 1563 2588 1667 2644; x_wconf 84' lang='lat' dir='ltr'>M.):</span> 
     </span>
     <span class='ocr_line' id='line_1_33' title="bbox 250 2647 590 2699; baseline -0.012 -9"><span class='ocrx_word' id='word_1_257' title='bbox 250 2647 512 2699; x_wconf 87' lang='lat' dir='ltr'>„suscitare.“</span> <span class='ocrx_word' id='word_1_258' title='bbox 540 2647 590 2687; x_wconf 88' lang='lat' dir='ltr'>R.</span> 
     </span>
    </p>
   </div>
   <div class='ocr_carea' id='block_1_6' title="bbox 363 2714 1448 2771">
    <p class='ocr_par' dir='ltr' id='par_1_6' title="bbox 363 2714 1448 2771">
     <span class='ocr_line' id='line_1_34' title="bbox 363 2714 1448 2771; baseline 0.002 -13"><span class='ocrx_word' id='word_1_259' title='bbox 363 2716 410 2771; x_wconf 80' lang='lat'>⁴)</span> <span class='ocrx_word' id='word_1_260' title='bbox 443 2715 528 2758; x_wconf 70' lang='lat' dir='ltr'>cfr.</span> <span class='ocrx_word' id='word_1_261' title='bbox 562 2716 689 2757; x_wconf 69' lang='lat' dir='ltr'>Levzt.</span> <span class='ocrx_word' id='word_1_262' title='bbox 720 2715 837 2765; x_wconf 77' lang='lat' dir='ltr'>xw,</span> <span class='ocrx_word' id='word_1_263' title='bbox 867 2715 906 2758; x_wconf 83' lang='lat'>4.</span> <span class='ocrx_word' id='word_1_264' title='bbox 1029 2715 1076 2770; x_wconf 84' lang='lat'>⁵)</span> <span class='ocrx_word' id='word_1_265' title='bbox 1104 2714 1232 2757; x_wconf 68' lang='lat' dir='ltr'>revit.</span> <span class='ocrx_word' id='word_1_266' title='bbox 1263 2714 1379 2767; x_wconf 75' lang='lat' dir='ltr'>xvl,</span> <span class='ocrx_word' id='word_1_267' title='bbox 1408 2717 1448 2760; x_wconf 83' lang='lat'>4.</span> 
     </span>
    </p>
   </div>
   <div class='ocr_carea' id='block_1_7' title="bbox 360 2784 1225 2841">
    <p class='ocr_par' dir='ltr' id='par_1_7' title="bbox 360 2784 1225 2841">
     <span class='ocr_line' id='line_1_35' title="bbox 360 2784 1225 2841; baseline -0.002 -14"><span class='ocrx_word' id='word_1_268' title='bbox 360 2785 406 2841; x_wconf 87' lang='lat'>⁶)</span> <span class='ocrx_word' id='word_1_269' title='bbox 437 2785 543 2828; x_wconf 86' lang='lat' dir='ltr'>Cod.</span> <span class='ocrx_word' id='word_1_270' title='bbox 577 2784 851 2838; x_wconf 87' lang='lat' dir='ltr'>Sangerman.</span> <span class='ocrx_word' id='word_1_271' title='bbox 881 2791 1143 2841; x_wconf 84' lang='lat' dir='ltr'>„nostrum.“</span> <span class='ocrx_word' id='word_1_272' title='bbox 1176 2784 1225 2826; x_wconf 86' lang='lat' dir='ltr'>R.</span> 
     </span>
    </p>
   </div>
   <div class='ocr_carea' id='block_1_8' title="bbox 361 2855 812 2912">
    <p class='ocr_par' dir='ltr' id='par_1_8' title="bbox 361 2855 812 2912">
     <span class='ocr_line' id='line_1_36' title="bbox 361 2855 812 2912; baseline -0.002 -14"><span class='ocrx_word' id='word_1_273' title='bbox 361 2856 405 2912; x_wconf 88' lang='grc'>7)</span> <span class='ocrx_word' id='word_1_274' title='bbox 435 2858 454 2898; x_wconf 92' lang='lat'>1</span> <span class='ocrx_word' id='word_1_275' title='bbox 487 2856 587 2905; x_wconf 73' lang='lat' dir='ltr'>cor,</span> <span class='ocrx_word' id='word_1_276' title='bbox 620 2855 717 2906; x_wconf 77' lang='lat' dir='ltr'>XII,</span> <span class='ocrx_word' id='word_1_277' title='bbox 747 2858 812 2900; x_wconf 84' lang='lat'>23.</span> 
     </span>
    </p>
   </div>
  </div>
 </body>
</html>
