1752 3136
168 81 254 126 302
761 80 987 124 Omenms

170 206 212 235 et
241 207 365 235 orare
393 193 529 244 vellet,
560 193 776 236 adscendit
805 193 848 235 in
876 193 1112 251 superiora.
1179 193 1270 249 Ego
1289 195 1332 253 ¹)
1372 208 1511 240 tamen
1544 212 1583 242 et

168 272 254 313 hoc
282 272 445 328 ipsum,
489 273 606 327 quod
644 272 787 312 noluit
823 272 867 312 in
905 270 1178 314 inferioribus
1220 289 1365 324 orare,
1409 277 1483 317 sed
1513 260 1589 319 ΞΜ]-ζ

166 349 332 392 scendit
360 350 413 390 ad
451 347 694 404 superiora,
741 365 830 390 non
872 351 1023 389 frustra
1068 348 1150 390 dici
1193 351 1369 407 accipio.
1439 354 1589 410 Neque

169 427 283 467 enim
312 426 413 467 tanti
445 426 641 481 Apostoli
672 426 897 468 consilium
930 443 976 467 ex
1005 426 1222 482 superfluo
1253 428 1476 483 superiora
1510 431 1584 472 de-

167 503 266 556 legit
295 503 349 544 ad
380 504 605 553 orandum,
636 504 708 544 sed
742 515 945 559 quantum
980 520 1055 556 ego
1087 504 1284 554 arbitror,
1314 518 1361 547 ut
1392 507 1587 548 ostende-

168 592 296 630 retur,
326 582 442 636 quod
475 580 635 628 Petrus,
668 579 764 635 quia
797 592 989 621 mortuus
1021 593 1107 622 erat
1141 598 1236 622 cum
1263 581 1448 634 Christo,
1478 599 1589 639 quae

166 674 330 699 sursum
360 670 458 701 sunt
487 656 789 713 quaerebat,²)
819 656 894 696 ubi
916 656 1108 699 Christus
1139 670 1199 705 est
1229 658 1272 701 in
1305 661 1471 702 dextera
1504 660 1590 702 Dei

166 734 328 782 sedens,
362 746 401 774 et
429 750 518 774 non
551 748 660 788 quae
690 748 817 786 super
844 744 1014 773 terram.
1061 733 1168 775 Illuc
1198 737 1498 788 adscendebat,
1533 739 1587 780 ad

166 810 240 851 illa
269 822 399 859 tecta,
440 809 493 849 ad
523 809 594 850 illa
626 808 808 860 fastigia,
849 809 903 849 de
944 808 1098 864 quibus
1140 810 1242 851 dicit
1272 823 1313 852 et
1350 813 1590 857 Dominus:

166 885 329 942 „qui³)
370 886 415 926 in
461 896 573 927 tecto
623 897 703 934 est,
749 901 839 926 non
886 886 1114 927 descendat
1148 887 1300 928 tollere
1337 888 1499 944 aliquid
1538 892 1592 931 de

166 964 342 1006 domo.“
399 962 599 1019 Denique
636 973 683 1004 ut
720 961 847 1013 scias,
887 961 984 1018 quia
1025 980 1116 1005 non
1157 965 1262 1006 haec
1300 965 1592 1022 suspiciose⁴)

165 1041 220 1082 de
249 1040 378 1082 Petro
409 1039 601 1089 dicimus,
634 1038 731 1095 quia
753 1041 806 1080 ad
823 1039 1042 1095 superiora
1068 1041 1378 1093 conscenderit,
1407 1059 1455 1084 ex
1485 1059 1591 1085 con-

162 1117 434 1174 sequentibus
464 1117 738 1173 approbabis.
805 1118 1152 1174 „Adscendit,⁵)
1182 1118 1343 1176 inquit,
1383 1121 1436 1162 ad
1465 1136 1592 1177 supe·

163 1195 295 1244 riora,
323 1206 370 1262 u.t
399 1206 554 1244 oraret,
584 1206 624 1235 et
655 1194 757 1236 vidit
789 1196 959 1236 eoelum
989 1202 1230 1252 apertum.“
1276 1198 1483 1239 Nondum
1514 1198 1592 1240 tibi

162 1271 330 1316 videtur
359 1271 508 1313 Petrus
539 1272 594 1313 ad
624 1272 845 1328 superiora
876 1288 967 1313 non
996 1273 1136 1314 solum
1164 1290 1362 1330 corpore,
1388 1275 1462 1317 sed
1491 1273 1590 1330 et⁶)

162 1360 306 1390 mente
332 1365 380 1389 ac
410 1347 561 1403 spiritu
591 1347 923 1391 conscendisse?
985 1349 1205 1403 „Vidit,⁷)
1235 1350 1386 1406 inquit,
1421 1352 1591 1392 coelum

165 1437 375 1482 apertum,
407 1435 446 1465 et
475 1440 545 1466 vas
575 1426 795 1481 quoddam
827 1425 988 1480 deponi
1020 1437 1065 1467 ut
1093 1426 1271 1468 linteum
1295 1428 1401 1482 in⁸)
1421 1439 1592 1479 terram,

162 1502 208 1545 in
237 1519 324 1558 quo
356 1513 476 1544 erant
508 1502 651 1543 omnia
685 1503 1006 1559 quadrupedia,
1037 1515 1077 1544 et
1105 1503 1295 1560 reptilia,
1335 1515 1375 1546 et
1403 1504 1591 1546 volatilia

163 1579 285 1630 coeli,
317 1591 358 1620 et
389 1579 549 1622 audivit
580 1595 728 1622 vocem
761 1578 974 1635 dicentem
1005 1580 1110 1622 sibi:
1155 1597 1299 1634 surge,
1340 1581 1488 1632 Petre,
1517 1599 1592 1624 oc-

163 1658 258 1699 cide
289 1668 330 1699 et
355 1657 567 1699 manduca
583 1662 620 1698 :³⁴
665 1658 718 1698 de
757 1656 820 1699 his
860 1655 962 1698 sine·
989 1657 1122 1700 dubio
1163 1657 1378 1714 imperans
1407 1661 1593 1701 mandu-

164 1734 309 1777 candis
340 1735 711 1791 quadrupedibus,
744 1746 784 1775 et
811 1734 1091 1790 serpentibus,
1125 1747 1165 1776 et
1197 1735 1449 1785 volatilibus,
1483 1752 1592 1792 quae

162 1811 429 1868 superposita
459 1810 592 1853 linteo
624 1812 679 1852 ad
709 1828 806 1852 eum
839 1811 1017 1853 coelitus
1055 1824 1154 1853 sunt
1194 1812 1345 1854 delatas
1411 1814 1468 1853 At
1495 1812 1589 1855 ille:

164 1886 458 1943 „Domine,⁹)
486 1886 636 1944 inquit,
665 1899 713 1928 tu
741 1888 832 1937 seis,
864 1887 961 1944 quia
991 1905 1212 1945 nunquam
1240 1906 1484 1942 commune,
1516 1901 1590 1932 aut

161 1966 435 2007 immundum
469 1964 657 2008 introivit
695 1965 739 2007 in
781 1982 827 2007 os
865 1981 1023 2007 meum.
1109 1966 1166 2007 Et
1196 1983 1297 2014 vox,
1336 1966 1495 2022 inquit,
1534 1968 1589 2009 ad

164 2059 262 2084 eum
292 2043 505 2084 secundo:
540 2043 658 2098 quod
688 2042 807 2084 Deus
837 2043 1071 2093 mundavit,
1099 2054 1145 2083 tu
1177 2060 1408 2085 commune
1437 2060 1493 2084 ne
1523 2043 1588 2084 di-

163 2120 282 2161 xeris.
339 2119 397 2160 Et
426 2118 511 2160 hoc
542 2120 701 2160 factum
740 2130 798 2160 est
826 2136 905 2176 per
934 2132 1008 2162 ter.
1076 2120 1132 2162 Et
1161 2132 1258 2177 post
1287 2121 1396 2170 hoc,
1434 2119 1587 2176 inquit,

162 2208 379 2252 receptum
413 2207 472 2237 est
499 2194 677 2236 linteum
707 2195 753 2236 in
783 2197 949 2239 coelis.“
1006 2198 1076 2238 De
1104 2198 1276 2240 mundiS
1308 2197 1403 2250 hic,
1438 2209 1478 2238 et
1506 2196 1588 2238 im-

161 2274 333 2315 mundis
362 2272 619 2314 animalibus
648 2271 756 2314 ratio
788 2284 858 2314 est.
917 2274 986 2316 De
1016 2275 1190 2331 quibus,
1230 2291 1374 2316 rerum
1413 2273 1587 2317 scientia

281 2433 324 2490 ¹)
354 2435 473 2476 Male
497 2434 541 2476 in
572 2445 693 2475 antea
714 2433 834 2476 editis
862 2434 921 2488 (e.
946 2450 978 2476 c.
1005 2436 1101 2477 edd.
1125 2434 1209 2489 Μ.)
1240 2434 1413 2486 legitur:
1444 2437 1584 2486 „Ergo

159 2491 294 2533 statim
327 2503 367 2532 et
395 2491 477 2532 hoc
506 2491 674 2546 ip⁴sum“
704 2501 802 2541 etc.,
846 2491 1006 2534 omissis
1047 2492 1110 2533 his
1149 2492 1308 2534 verbis:
1350 2507 1467 2541 „non
1496 2491 1588 2531 fru-

160 2560 243 2590 stra
276 2547 359 2589 dici
390 2547 594 2603 accipi0,“
627 2564 735 2603 quae
763 2549 1017 2603 supplentur
1047 2564 1070 2590 e
1100 2548 1197 2591 Mss.
1226 2549 1279 2592 R.

278 2617 324 2671 2)
357 2616 445 2658 Csr.
477 2616 642 2660 Coloss.
672 2618 744 2667 ΙΙΙ,
773 2618 811 2660 1.
840 2620 878 2661 2.
997 2618 1044 2674 ³)
1075 2618 1225 2661 Matth.
1256 2617 1417 2667 XXIV,
1447 2616 1514 2659 17.

275 2686 323 2742 ⁴)
354 2687 453 2728 Mss.
484 2687 685 2736 „otiose.“
714 2688 766 2730 R.
887 2686 933 2743 ⁵)
967 2686 1054 2730 Cfr.
1086 2690 1176 2730 Act.
1206 2688 1265 2739 X,
1294 2688 1334 2731 9.
1365 2689 1431 2732 11.

276 2758 324 2812 ⁶)
354 2757 483 2798 Deest
511 2762 602 2806 „et“
630 2757 673 2798 in
705 2758 769 2798 ed.
801 2757 853 2802 R.
972 2758 1019 2814 7)
1049 2759 1141 2801 Act.
1174 2758 1231 2809 X,
1263 2758 1458 2803 11-13.

277 2827 323 2882 ⁸)
353 2826 464 2869 Edd.
496 2826 693 2869 Merlini:
723 2827 766 2868 in
798 2839 920 2872 terra.
1037 2828 1087 2886 ⁹)
1117 2831 1211 2873 Act.
1242 2828 1299 2882 X,
1331 2828 1527 2872 14—16.
