1752 3136
229 91 316 137 298
835 94 1059 137 Omezms

230 207 353 248 coelo
385 221 522 256 novo,
567 217 606 247 et
634 205 678 247 in
707 223 818 249 nova
849 219 983 258 terra,
1025 219 1065 249 et
1104 206 1149 249 in
1180 223 1295 250 novo
1328 208 1528 261 homine,
1558 229 1654 254 eum

231 282 479 325 hominibus
509 282 640 333 novis,
672 295 712 325 et
742 301 838 325 cum
870 285 944 335 his,
974 286 1046 342 qui
1072 297 1243 327 cantant
1260 284 1296 327 ei
1328 286 1537 328 canticum
1571 306 1653 331 no-

228 377 341 402 vum.
388 360 518 402 Vides
536 376 649 414 ergo,
674 361 772 418 quia
797 361 1059 419 impossibile
1077 375 1136 407 est
1161 366 1213 405 de
1243 380 1353 405 nova
1385 364 1465 406 vite
1493 382 1651 408 novum

229 438 439 492 poculum
470 437 561 478 bibi
593 439 644 479 ab
677 455 745 491 eo,
775 439 848 496 qui
878 441 1017 482 adhuc
1041 441 1216 482 indutus
1234 452 1293 482 est
1310 453 1492 484 veterem
1513 443 1653 484 homi-

223 530 325 555 nem
356 531 452 555 cum
485 515 645 559 actibus
673 517 768 559 suis.
821 517 987 566 „Nemo
1009 518 1049 573 ¹)
1083 517 1219 568 enim,
1251 519 1401 575 inquit,
1434 519 1561 561 mittit
1593 520 1654 561 vi-

224 608 329 632 num
351 609 511 633 novum
528 593 573 634 in
603 606 715 635 utres
746 599 944 636 veteres.“
988 594 1035 637 Si
1058 594 1115 637 vis
1141 611 1240 647 ergo
1275 608 1314 638 et
1343 608 1390 637 tu
1419 597 1568 638 hibere
1600 598 1653 638 de

226 670 309 710 hoc
340 685 453 710 novo
486 670 609 721 vino,
639 669 858 720 innovare,
903 683 944 712 et
974 671 1065 712 dic:
1111 674 1207 727 quia
1237 686 1305 723 „et
1319 673 1364 727 2)
1407 674 1438 715 si
1471 675 1653 716 exterior

226 747 362 787 homo
396 757 540 787 noster
568 746 872 801 corrumpitur,
900 749 975 788 sed
998 747 1070 802 qui
1099 748 1209 790 intus
1241 761 1312 800 est,
1341 764 1570 793 renovatur
1598 753 1652 794 de

226 823 293 865 die
324 824 368 864 in
401 823 553 864 diem.“
608 822 665 863 Et
694 822 867 878 quidem
899 823 956 865 de
981 824 1045 865 his
1080 824 1338 867 sufficienter
1368 828 1544 869 dictum.

333 900 374 946 3.
409 900 546 940 Multa
566 912 663 941 sunt
692 911 733 942 et
757 900 850 951 alia,
883 917 992 957 quae
1015 900 1248 957 recitata³)
1278 915 1386 944 sunt.
1437 905 1523 945 Sed
1542 922 1651 960 quo-

222 979 340 1019 niam
371 988 525 1018 cuncta
554 994 645 1019 non
676 995 916 1033 possumus,
945 977 1186 1030 eligendum
1218 990 1289 1029 est,
1320 982 1372 1021 de
1402 981 1555 1037 quibus
1586 981 1652 1022 di-

223 1071 318 1097 cere
350 1055 592 1097 debeamus.
660 1054 718 1095 Et
756 1055 960 1110 quoniam
994 1054 1097 1110 quid
1128 1067 1231 1097 esset
1260 1057 1431 1107 bibere,
1471 1069 1512 1099 et
1555 1075 1649 1100 non

219 1133 368 1174 bibere
396 1133 566 1182 vinum,
608 1131 880 1188 pro,viribus
911 1131 1110 1182 diximus,
1149 1149 1264 1173 nunc
1307 1133 1410 1190 quid
1440 1135 1492 1177 sit
1522 1136 1648 1177 etiam

221 1213 448 1254 comedere
478 1211 770 1266 pectusculum
803 1209 1104 1265 separationis,
1136 1221 1177 1251 et
1206 1211 1432 1254 brachium
1465 1213 1647 1254 ablatio-

216 1289 296 1339 nis,
326 1289 553 1330 videamus.
619 1287 723 1329 Post
752 1287 856 1328 haec
887 1287 941 1327 de
971 1287 1163 1339 mundis,
1214 1300 1253 1329 et
1279 1290 1536 1340 immundis,
1580 1291 1646 1331 vel

221 1367 346 1418 cibis,
390 1367 455 1407 vel
485 1365 760 1414 animalibus,
804 1363 850 1405 in
882 1376 1089 1420 quantum
1119 1365 1334 1408 Dominus
1365 1367 1553 1418 dederit,
1604 1378 1645 1408 et

216 1444 420 1500 temporis
449 1442 632 1498 spatium
664 1442 801 1492 fu'erit,
832 1443 1094 1483 disseremus.
1139 1441 1259 1482 Dicit
1278 1458 1377 1494 ergo
1399 1443 1641 1500 Scriptura:

214 1522 536 1579 „pectusculum
552 1521 596 1576 ⁴²)
628 1519 938 1573 segregationis,
968 1531 1008 1560 et
1032 1518 1256 1560 brachium
1274 1520 1499 1562 ablationis
1525 1538 1646 1563 man-

217 1599 394 1643 ducabis
423 1599 469 1641 in
498 1599 598 1639 loco
629 1608 800 1646 sancto,
841 1608 886 1638 tu
919 1607 958 1637 et
986 1595 1062 1637 filii
1093 1594 1179 1645 tui,
1218 1609 1256 1637 et
1297 1599 1451 1640 domus
1479 1610 1552 1640 tua
1581 1611 1644 1641 te-

217 1695 335 1720 cum:
365 1675 600 1730 legitimum
631 1673 743 1716 enim
774 1673 874 1721 tibi,
921 1684 964 1714 et
992 1673 1226 1726 legitimum
1258 1674 1352 1717 filiis
1383 1675 1464 1717 tuis
1496 1678 1643 1718 datum

216 1768 276 1797 est
305 1756 358 1796 de
387 1752 601 1796 sacrificiis
617 1751 871 1794 salutaribus
902 1750 1091 1792 filiorum
1109 1750 1250 1801 lsrael,
1278 1753 1503 1794 brachium
1521 1755 1641 1796 abla-

211 1832 355 1883 tionis,
383 1842 424 1873 et
452 1830 746 1887 pectusculum
787 1827 1124 1881 segregationis.“
1189 1829 1290 1869 Non
1330 1846 1461 1872 omne
1489 1844 1638 1887 pectu-

211 1912 392 1960 sculum,
419 1906 719 1962 segregationis
735 1917 795 1947 est
814 1906 1127 1962 pectusculum:
1156 1922 1237 1946 nec
1254 1922 1383 1947 omne
1399 1908 1638 1960 brachium,

211 1986 440 2029 ablationis
468 1985 596 2041 vel⁵)
624 1982 902 2041 separationis
933 1995 992 2025 est
1020 1982 1256 2025 brachium.
1310 1984 1397 2025 Sed
1430 1985 1637 2041 quoniam

211 2067 265 2107 ad
296 2063 541 2106 Dominum'
564 2079 710 2104 meum
738 2064 884 2104 Jesum
913 2077 1143 2118 personam
1174 2061 1390 2116 pontificis
1418 2064 1635 2106 revocavi-

209 2161 316 2193 mus,
347 2153 387 2184 et
413 2142 468 2182 ad
496 2140 608 2182 filios
639 2138 726 2197 ejus
756 2150 923 2181 sanctos
955 2140 1211 2195 Apostolos,
1251 2138 1494 2190 videamus,
1525 2157 1635 2197 quo-

207 2221 342 2261 modo
374 2222 465 2276 ipse
503 2218 677 2274 quidem
714 2216 1011 2273 pectusculum
1054 2215 1352 2269 segregationis
1387 2219 1632 2270 manducat,

209 2311 251 2340 et
280 2299 358 2341 filii
388 2296 498 2354 ejus,
528 2295 598 2337 alii
628 2307 768 2337 autem
798 2310 892 2335 non
930 2310 1078 2335 omnes
1118 2305 1296 2348 possunt
1333 2295 1631 2346 segregationis

207 2369 502 2433 pectusculum
531 2374 804 2414 manducare.
864 2371 981 2434 Quid
1011 2371 1141 2424 igitur
1172 2382 1254 2420 est,
1300 2373 1419 2427 quod
1449 2388 1471 2412 a
1502 2373 1628 2415 rebus

209 2455 407 2494 omnibus
437 2462 695 2503 segregatur,
732 2466 812 2492 nec
843 2461 903 2491 est
934 2464 1165 2490 commune
1196 2464 1294 2489 cum
1323 2447 1518 2504 reliquis,
1547 2449 1628 2491 nisi

203 2532 294 2574 sola
322 2529 550 2571 substantia
581 2527 804 2570 trinitatis?
862 2526 910 2568 Si
950 2542 1048 2578 ergo
1087 2524 1319 2578 intelligam
1351 2525 1525 2580 quidem
1556 2543 1624 2567 ra-

204 2609 365 2650 tionem
400 2605 574 2657 mundi,
609 2622 700 2647 non
738 2605 898 2661 possim
930 2615 1069 2645 autem
1101 2602 1225 2644 etiam
1257 2603 1310 2643 de
1339 2601 1436 2644 Deo
1468 2602 1623 2645 intelli-

323 2725 366 2778 ι)
397 2725 547 2764 Matth.
577 2725 652 2775 IX,
685 2726 750 2767 17.
869 2722 916 2779 2)
949 2723 988 2763 ΙΙ
1018 2721 1117 2764 Cor.
1147 2720 1219 2770 IV,
1251 2721 1318 2763 16.

315 2795 363 2849 3)
396 2794 498 2834 Duo
529 2795 627 2835 Mss.
656 2794 898 2844 „recitanda
929 2798 1063 2835 sunt.“
1093 2790 1143 2832 R.

316 2863 363 2920 ⁴)
393 2865 518 2908 Levit.
549 2863 606 2918 X,
636 2866 701 2908 14.
734 2865 801 2910 15.
918 2863 964 2919 ⁵)
995 2863 1074 2906 Ed.
1106 2860 1239 2905 Ruaei
1270 2860 1383 2904 sola:
1415 2871 1467 2902 et.
