1752 3136
254 111 339 157 386
864 105 1087 148 Omessms

256 224 439 266 maxime
470 222 532 264 his
564 220 801 269 consulere,
830 218 902 275 qui
934 218 1172 275 parvisunt
1197 217 1241 258 in
1272 217 1381 259 fide:
1413 235 1491 260 nec
1521 231 1679 261 tantam

256 319 402 344 curam
434 301 543 341 circa
573 314 751 350 magnos
783 308 824 337 et
863 299 1006 347 sortes,
1045 307 1247 352 quantam
1289 311 1385 349 erga
1414 299 1612 351 parvulos
1644 310 1683 341 et

254 379 498 435 insipientes
529 377 734 417 debemus
765 373 1026 429 impendere.
1091 373 1235 414 Fortis
1275 373 1390 414 enim
1432 375 1576 415 omnia
1617 386 1683 414 to-

255 458 375 506 lerat,
407 454 554 496 omnia
582 453 743 502 suffert,
775 463 814 492 et
841 468 1064 507 nunquam
1097 451 1221 492 cadit.
1279 449 1451 492 Parvuli
1482 468 1604 501 vero,
1645 464 1686 492 et

256 532 415 575 infirmi
444 532 490 573 in
520 531 605 572 fide
637 529 950 570 observandum
983 541 1063 578 est,
1109 545 1165 568 ne
1194 527 1421 569 occasione
1449 529 1585 569 nostri
1617 530 1684 569 os-

255 611 498 661 tendantur,
531 619 571 648 et
602 608 801 647 recedant
831 622 853 645 a
884 606 981 655 fide,
1013 623 1061 646 ac
1094 605 1293 647 decidant
1323 622 1346 646 a
1376 606 1522 648 salute.
1596 606 1683 645 Aut

257 689 433 729 ostende
462 685 568 726 mibi
599 685 651 724 (le
669 681 914 737 Scripturis,
942 682 1017 722 ubi
1042 682 1190 737 aliquis
1217 696 1432 739 peccator,
1464 696 1535 723 aut
1564 681 1682 738 parvi

255 763 416 812 meriti,
453 778 628 814 magnus
667 759 902 815 appellatus
932 758 994 800 sit.
1068 759 1313 814 Nusquam,
1356 759 1465 815 ut¹)
1511 759 1682 814 opinor,

253 839 453 882 invenIes.
535 837 651 878 Audi
680 853 807 886 vero,
849 835 922 891 qui
952 847 1075 890 sunt,
1125 837 1199 891 qui
1228 836 1369 887 magni
1401 837 1681 891 appellantur.

252 918 321 957 De
350 917 465 958 Isaac
497 914 664 963 dicitur,
696 913 794 969 quia
824 913 1079 968 proficiebat
1109 914 1253 962 valde,
1296 929 1520 968 usquequo
1550 914 1684 953 factus

254 1005 313 1036 est
341 1008 519 1044 magnus
548 991 682 1032 valde.
741 989 884 1031 Moses
914 1006 1091 1042 magnus
1135 989 1268 1031 dictus
1300 1001 1380 1037 est,
1424 1001 1462 1029 et
1491 989 1682 1029 Joannes

251 1070 433 1127 baptista
463 1084 641 1120 magnus
672 1066 806 1108 dictus
839 1078 909 1116 est,
939 1084 1054 1108 nunc
1085 1079 1225 1108 autem
1255 1068 1380 1108 Jesus
1410 1082 1585 1117 magnus
1617 1065 1684 1105 di-

253 1161 341 1190 ctus
372 1159 443 1197 est,
476 1146 515 1186 et
543 1156 642 1200 post
672 1145 787 1185 hunc
815 1143 902 1202 jam
931 1144 1074 1185 nullus
1116 1145 1350 1199 appellatus
1395 1154 1454 1184 est
1493 1159 1682 1195 magnus.

254 1224 378 1265 Prius
408 1223 523 1264 enim
554 1238 682 1278 quam
714 1223 889 1271 adesset,
920 1220 991 1276 qui
1022 1238 1119 1262 vere
1149 1238 1325 1273 magnus
1357 1232 1437 1268 est,
1477 1221 1529 1259 ad
1562 1236 1681 1260 com—

253 1302 523 1358 parationem
571 1298 839 1354 reliquorum
890 1298 1116 1349 hominum
1157 1298 1300 1348 magni
1339 1296 1541 1353 appellati
1585 1309 1680 1337 sunt

254 1379 409 1427 sancti,
455 1393 641 1432 quorum
671 1376 864 1431 superius
903 1375 1079 1417 fecimus
1108 1374 1386 1415 mentionem.
1453 1373 1541 1414 Ubi
1581 1391 1678 1414 vero

255 1456 424 1497 advenit
451 1456 554 1509 ipse,
587 1454 660 1508 qui
688 1470 779 1494 non
811 1469 857 1494 ex
880 1453 1203 1508 comparatione
1229 1463 1482 1500 ceterorum,
1512 1451 1585 1492 sed
1617 1451 1682 1491 sui

254 1530 545 1585 magnitudine
585 1546 682 1570 vere
721 1547 898 1583 magnus
932 1542 1040 1581 erat,
1085 1531 1138 1571 de
1177 1546 1264 1586 quo
1309 1529 1435 1569 etiam
1473 1528 1678 1583 scriptum

256 1621 328 1660 est,
361 1608 459 1664 quia
489 1607 795 1663 „exsultavit²)
826 1619 873 1648 ut
911 1608 1019 1660 gigas
1058 1609 1112 1649 ad
1154 1607 1408 1647 currendam
1441 1606 1589 1656 viam‚“
1617 1606 1683 1646 ul-

254 1699 317 1728 tra
350 1684 434 1743 jam
466 1685 608 1725 nullus
638 1701 814 1738 magnus
845 1687 1080 1740 appellatus
1112 1696 1184 1728 est.
1250 1683 1332 1724 Hic
1373 1694 1431 1724 est
1462 1699 1584 1735 ergo,
1627 1678 1680 1722 de

258 1780 343 1819 quo
385 1762 603 1805 scribitur:
655 1760 917 1816 „magnus³)
963 1762 1161 1803 sacerdos
1210 1777 1258 1801 ex
1301 1760 1503 1801 fratribus
1554 1760 1678 1800 suis.“

255 1840 422 1902 Quibus
452 1837 680 1880 fratribus?
724 1838 792 1878 De
825 1838 977 1893 quibus
1010 1837 1133 1886 dixit,
1173 1854 1307 1893 quum
1336 1836 1626 1878 resurrexisset
1657 1854 1681 1878 a

253 1915 455 1959 mortuis:
502 1914 693 1970 „vade4)
724 1915 778 1955 ad
807 1916 954 1955 fratres
986 1930 1127 1966 meos,
1173 1926 1213 1954 et
1244 1914 1311 1955 dic
1342 1914 1415 1955 iis:
1463 1916 1677 1956 adscendo

255 1995 309 2036 ad
339 2005 504 2050 patrem
533 2009 701 2041 meum,
732 2004 771 2032 et
802 1994 854 2033 ad
886 2004 1051 2047 patrem
1079 2004 1286 2039 vestrum,
1319 1991 1419 2047 et5)
1451 1993 1506 2033 ad
1537 1993 1680 2033 Deum

255 2088 414 2121 meum,
446 2083 484 2111 et
513 2070 657 2111 Deum
688 2075 910 2111 vestrum.“
969 2067 1016 2110 Si
1046 2080 1186 2109 autem
1217 2068 1276 2110 vis
1316 2086 1363 2110 ex
1402 2069 1581 2125 antiquis
1628 2069 1679 2110 li-

254 2149 353 2190 teris
384 2147 545 2189 discere
574 2149 721 2188 fratres
750 2147 874 2195 Jesu,
919 2147 1009 2198 lege
1048 2145 1296 2187 vicesimum
1338 2147 1528 2202 primum
1569 2149 1681 2202 psal-

254 2243 389 2275 mum,
419 2225 493 2266 ubi
524 2241 572 2265 ex
601 2241 785 2280 persona
818 2223 972 2265 Christi
1003 2222 1177 2265 dicitur:
1209 2225 1422 2276 „narrabo
1441 2223 1486 2278 ⁶)
1517 2241 1680 2265 nomen

254 2316 375 2344 tuum
406 2301 605 2344 fratribus
635 2301 751 2351 meis,
781 2301 825 2342 in
857 2301 1001 2343 medio
1034 2299 1235 2343 ecelesiae
1263 2301 1450 2342 laudabo
1482 2306 1565 2342 te.“
1613 2302 1678 2342 Ex

256 2380 457 2420 fratribus
488 2395 586 2430 ergo
617 2379 700 2421 suis
730 2394 905 2429 magnus
946 2391 1006 2419 est
1047 2379 1189 2428 Jesus,
1233 2395 1281 2419 ex
1319 2377 1406 2426 his,
1450 2377 1522 2433 qui
1561 2379 1678 2433 prius

257 2457 398 2509 magni
428 2458 595 2497 fuerant
625 2455 846 2513 appellati,
886 2467 924 2496 et
951 2457 1058 2498 sicut
1086 2467 1309 2512 pastorum
1340 2466 1485 2510 pastor
1515 2467 1597 2505 est,
1639 2467 1678 2496 et

374 2638 418 2693 ¹)
449 2639 579 2680 Deest
609 2644 707 2687 „ut“
737 2639 782 2679 in
814 2639 910 2679 edd.
943 2637 1002 2677 Μ.
1123 2636 1170 2690 ²)
1200 2636 1353 2678 Psalm.
1383 2635 1504 2686 XIX,
1534 2638 1573 2680 5.

373 2710 415 2760 ³)
446 2709 573 2749 Levit.
605 2707 725 2757 XXI,
758 2709 823 2751 10.
945 2706 990 2760 ⁴)
1020 2708 1097 2748 Ev.
1129 2707 1289 2748 Joann.
1320 2705 1420 2756 XX,
1451 2707 1519 2750 17.

371 2779 417 2832 ⁵)
451 2777 728 2819 Desideratur
760 2782 853 2824 ,‚et“
884 2776 927 2816 in
961 2778 1025 2818 ed.
1056 2776 1109 2818 R.

367 2847 414 2902 ⁶)
444 2847 599 2887 Psalm.
630 2845 770 2894 XXII,
798 2847 865 2888 22.
897 2845 1062 2901 (XXL)
