1752 3136
289 116 372 159 188
894 113 1117 155 Onffinms

285 227 398 269 enim
426 226 618 284 spii-itum
648 237 844 276 vocasset,
875 242 999 281 quern
1033 225 1190 266 diceret
1221 236 1506 279 peccaturum.
1529 226 1570 280 ¹)
1619 228 1703 267 Sed

283 322 338 346 ne
368 305 586 346 hominem
630 303 800 358 quidem
845 304 958 342 liunc
998 303 1177 350 diecret,
1224 301 1267 341 iu
1310 316 1396 355 quo
1434 317 1704 357 nequaquam

283 383 423 434 imago
456 381 538 422 Dei
568 391 743 436 peccato
773 379 1077 421 interveniente
1108 389 1328 420 constaret.
1389 379 1489 418 Non
1514 393 1611 428 ergo
1646 391 1705 421 est

283 457 451 512 spiritus
481 457 564 506 ille,
595 458 666 512 qui
696 468 863 513 peccat:
907 456 1152 511 ‚‚fructus²)
1194 454 1304 496 enim
1335 454 1503 509 spiritus
1535 466 1616 504 est,
1651 479 1706 486 —-

283 545 332 574 ut
363 534 560 576 describit
585 535 814 588 Apostolus
839 558 905 584 —‚
937 535 1097 582 caritas,
1115 532 1325 585 gaudium,
1352 549 1445 587 pax,
1467 530 1708 586 patientia,“

283 623 324 652 et
354 624 488 652 cetera
518 611 580 652 his
609 610 772 660 similia,
804 627 912 666 quae
942 611 1065 652 etiam
1098 612 1258 652 fructus
1291 610 1394 650 vitae
1424 608 1706 664 appellantur.

280 688 480 743 Denique
511 700 550 728 ct
580 687 680 728 alibi
710 687 830 728 dicit:
861 688 1021 742 ‚,qui³)
1049 686 1227 728 seminat
1256 687 1298 727 in
1331 702 1468 736 carne,
1501 685 1552 725 de
1583 700 1710 724 carne

261 776 411 812 ¹metet
440 764 781 819 corruptionem:
821 776 861 805 et
891 764 963 818 qui
996 764 1173 804 seminat
1201 764 1244 803 in
1274 763 1445 818 spiritu,
1477 763 1529 803 de
1558 760 1705 816 spiritu

282 852 411 881 metet
440 840 565 881 vitam
599 846 854 881 aeternam.“
924 839 1142 894 Quoniam
1176 854 1274 890 ergo
1304 840 1408 880 alius
1437 851 1507 889 est,
1540 838 1612 894 qui
1641 854 1704 879 se-

281 918 442 967 minat,
486 929 525 957 et
554 917 659 959 alius
689 930 770 966 est,
813 917 859 959 in
891 934 977 973 quo
1010 917 1261 964 seminatur,
1305 915 1535 956 seminatur
1565 927 1705 955 autem

280 995 345 1035 vel
375 995 418 1035 in
451 1011 589 1044 carne,
620 1012 716 1036 cum
746 1006 968 1050 peccatur,
1006 1006 1053 1035 ut
1081 1005 1264 1034 metatur
1294 993 1536 1047 corruptio,
1567 993 1631 1032 vel
1660 991 1702 1031 in

279 1071 443 1126 spiritu,
475 1089 571 1112 cum
603 1074 837 1113 secundum
868 1072 1010 1112 Deum
1043 1070 1204 1119 vivitur,
1233 1080 1279 1109 ut
1312 1081 1493 1111 metatur
1522 1068 1602 1109 vita
1633 1084 1703 1109 ae-

279 1160 420 1189 terna:
453 1160 615 1190 constat
643 1149 827 1190 animam
859 1166 956 1200 esse,
987 1166 1095 1205 quae
1123 1150 1186 1189 vel
1215 1149 1260 1189 in
1283 1164 1421 1197 carne,
1451 1146 1517 1188 vel
1545 1145 1589 1186 in
1618 1143 1704 1200 spi-

279 1225 363 1266 ritu
393 1226 583 1275 seminat,
616 1238 654 1266 et
681 1226 797 1267 illam
829 1242 937 1278 esse,
978 1243 1086 1282 quae
1126 1228 1188 1266 vel
1231 1227 1273 1268 in
1316 1235 1541 1280 peccatum
1581 1237 1704 1261 ruere

277 1301 421 1357 possit,
450 1304 515 1343 vel
544 1304 731 1345 converti
759 1320 780 1343 a
812 1315 999 1359 peccatO.
1073 1303 1182 1343 Nam
1224 1319 1376 1357 corpus
1417 1300 1584 1355 sequela
1617 1296 1705 1354 ejus

279 1390 340 1419 est
369 1379 423 1419 ad
455 1381 745 1435 quodeunque
775 1381 995 1432 delegerit:
1034 1390 1075 1420 et
1111 1378 1279 1435 spiritus
1317 1379 1400 1419 dux
1441 1374 1528 1433 ejus
1559 1386 1618 1417 est
1649 1375 1702 1415 ad

277 1455 488 1505 virtutem,
517 1456 551 1497 si
581 1472 678 1496 eum
708 1457 827 1512 sequi
857 1457 969 1498 velit.

388 1533 428 1574 3.
460 1532 546 1574 Sed
586 1533 690 1574 haec
731 1534 980 1586 generaliter
1015 1534 1126 1574 dicta
1164 1543 1282 1573 sunt:
1333 1547 1447 1572 nunc
1485 1546 1585 1570 vero
1626 1544 1702 1583 per

277 1612 435 1664 species
467 1609 726 1655 dividuntur.
771 1612 908 1666 „Si4)
936 1610 1141 1666 pontifeX,
1170 1609 1320 1665 inquit,
1351 1609 1423 1664 qui
1450 1618 1602 1648 unctus
1633 1616 1703 1653 est,

275 1686 524 1740 peccaverit,
554 1700 600 1729 ut
629 1688 841 1742 populum
879 1690 1036 1729 faceret
1065 1703 1264 1742 peccare,
1305 1687 1460 1726 offeret
1488 1701 1568 1740 pro
1599 1699 1700 1738 pec—

278 1773 374 1803 cato
406 1780 484 1803 suo
514 1764 694 1804 vitulum
729 1765 782 1804 de
811 1765 952 1807 bobus
982 1765 1072 1805 sine
1100 1765 1265 1804 macula
1296 1761 1533 1802 Domino.“
1593 1762 1699 1802 Ter-

275 1856 350 1880 ror
389 1839 513 1880 simul
556 1852 596 1880 et
632 1840 923 1882 misericordia
971 1841 1014 1881 in
1055 1840 1203 1880 divinis
1248 1840 1409 1891 legibus
1454 1851 1699 1880 ostentatur.

272 1917 394 1957 Itane
423 1918 596 1958 tandem
625 1918 825 1972 tutum⁵)
858 1929 917 1959 est
944 1918 1074 1967 nihil,
1113 1934 1168 1957 ne.
1203 1916 1395 1972 pontifex
1426 1916 1629 1972 quidem?
1660 1930 1700 1960 et

276 1994 349 2048 qui
380 1994 604 2049 pontifex?
662 1996 770 2051 Ipse,
798 1995 871 2051 qui
900 2006 1053 2036 unctus
1084 2006 1164 2043 est,
1194 1993 1297 2049 ipse,
1329 1994 1402 2050 qui
1432 1994 1558 2036 sacris
1589 1993 1695 2047 igni-

273 2071 354 2112 bus
386 2070 527 2112 divina
553 2074 773 2114 succendit
801 2073 960 2122 altaria,
991 2071 1063 2127 qui
1093 2073 1191 2112 Deo
1221 2088 1398 2112 munera
1433 2083 1472 2112 et
1498 2073 1698 2113 salutares

272 2147 432 2189 hostias
451 2150 666 2191 immolat:
699 2150 771 2206 qui
801 2150 911 2191 inter
940 2150 1082 2190 Deum
1115 2161 1155 2190 et
1184 2148 1377 2190 homines
1406 2149 1570 2191 medius
1600 2149 1693 2205 qui-

274 2226 372 2266 dam
404 2225 708 2281 repropitiatur
736 2226 979 2276 intervenit,
1019 2243 1097 2266 nec
1125 2227 1223 2276 iste,
1253 2226 1453 2282 inquam,
1493 2226 1583 2281 ipse
1611 2227 1692 2267 iln-

271 2301 412 2343 munis
441 2315 587 2344 manet
616 2320 639 2344 a
669 2304 921 2356 contagione
950 2303 1128 2359 peccati.
1194 2304 1281 2345 Sed
1315 2303 1412 2345 vide
1452 2304 1692 2345 misericor-

270 2378 386 2421 diam
418 2380 513 2430 Dei,
546 2392 584 2421 et
617 2380 784 2436 plenius
813 2397 919 2431 eam,
948 2380 1085 2422 Paulo
1109 2382 1300 2432 docente,
1330 2397 1549 2434 cognosce.
1599 2380 1692 2437 Ipse

390 2534 434 2588 ¹)
466 2533 574 2575 Cod.
614 2534 911 2587 Sangerman.:
942 2538 1284 2590 „peccaturum.“
1348 2533 1466 2576 Libri
1496 2534 1598 2577 editi
1628 2537 1686 2592 (v.

271 2607 305 2631 c.
337 2592 431 2631 edd.
463 2591 569 2645 Μ.);
598 2597 934 2646 „peccatorem.“
963 2592 1012 2632 R.
1452 2617 1455 2621 ·

387 2660 435 2715 ²)
465 2660 601 2703 Galat.
633 2662 682 2711 V,
711 2662 778 2703 22.
895 2661 941 2715 ³)
975 2661 1110 2704 Galat.
1141 2661 1212 2711 Vl,
1245 2661 1284 2704 8.

386 2730 432 2786 ⁴¹)
462 2730 589 2771 Levit.
620 2731 692 2780 IV,
722 2732 762 2776 3.
795 2755 846 2764 -
875 2731 990 2776 Edd.
1017 2730 1212 2773 Merlini:
1245 2743 1285 2773 et
1312 2735 1524 2790 populum
1544 2735 1688 2777 fecerit

268 2803 457 2845 peccare,
488 2788 641 2827 offerat
672 2798 750 2828 etc.

385 2855 431 2911 ⁵)
461 2857 572 2900 Edd.
601 2855 797 2900 Merlini2
829 2857 935 2901 nihil
964 2869 1099 2903 tutum
1131 2871 1202 2912 est,
1230 2876 1308 2903 nec
1337 2863 1526 2918 pontifex
1557 2873 1634 2905 etc.
