1752 3136
451 154 498 184 m
528 142 783 184 LEVITICUM
814 139 1015 183 Homma
1031 139 1146 183 XVI.
1428 143 1512 186 445

97 272 188 308 gem
221 266 260 296 61
287 255 538 311 prophetas,
588 266 723 296 vetera
755 265 895 296 autem
935 264 1124 294 veterum
1157 267 1226 302 ea,
1272 268 1380 308 quae
1415 266 1513 295 ante

94 333 229 384 legem
260 333 432 373 fuerunt
463 335 515 374 ab
543 331 691 381 initio,
736 320 832 373 cum
864 332 1050 372 mundus
1079 333 1213 371 sactus
1244 341 1313 372 est.
1372 331 1513 372 Vene-

95 421 195 449 runt
222 408 448 461 Evangelia
478 426 601 459 nova,
631 421 848 450 venerunt·
870 419 910 448 et
944 407 1148 463 Apostoli.
1214 409 1250 448 A
1283 420 1512 464 conspectu

94 485 250 526 horum
283 485 472 542 ejicimus
501 498 651 528 vetera.
712 485 949 540 Quomodo
993 501 1039 525 ea
1082 483 1299 541 ejicimus?
1354 488 1513 538 Legem

94 564 329 604 secundum
360 564 524 604 literam
556 561 759 618 ejicimus,
791 574 839 604 ut
862 574 1089 604 statuamus
1112 563 1245 615 legem
1277 565 1511 604 secundum

94 638 298 694 spiritum.
356 639 588 681 Possumus
621 653 659 682 et
697 642 780 681 hoc
809 641 942 680 modo
973 639 1137 689 dicere:
1178 650 1405 695 antequam
1442 656 1514 681 ve-

92 717 202 757 niret
229 716 361 757 homo
394 719 447 758 de
478 717 626 766 coelo,
667 730 706 759 et
734 729 979 759 nasceretur
1008 717 1141 758 homo
1176 718 1388 766 coelestis,
1421 733 1511 758 era-

89 809 182 833 mus
215 809 360 834 omnes
392 793 561 844 terreni,
594 805 634 834 et
664 797 939 849 portabamus
969 793 1197 847 imaginem
1228 792 1410 846 terreni;
1437 796 1514 836 sed

92 870 169 910 ubi
197 870 310 910 venit
339 870 472 912 homo
502 888 657 921 novus,
705 872 777 927 qui
806 874 1041 916 secundum
1072 871 1217 913 Deum
1250 882 1418 913 creatus
1444 883 1515 922 est,

93 945 281 1003 ejicimus
313 964 333 987 a
367 959 598 1003 conspectu
629 947 716 1005 ejus
747 961 897 999 vetera,
929 949 1190 1005 deponentes
1219 960 1401 990 veterem
1431 949 1512 1006 110-

92 1023 273 1073 minem,
315 1035 353 1065 et
391 1024 613 1067 induentes
653 1043 832 1076 novum,
880 1025 951 1082 qui
989 1027 1228 1085 secundum
1265 1025 1513 1067 interiorem

92 1100 312 1141 hominem
343 1114 573 1143 renovatur
610 1104 662 1144 de
703 1104 770 1144 die
809 1104 852 1143 in
892 1103 1017 1144 diem.
1085 1102 1167 1152 „Et
1184 1102 1226 1158 ¹)
1257 1119 1418 1159 ponam
1448 1115 1512 1144 ta-

92 1178 372 1219 bernaculum
402 1195 546 1220 meum
576 1179 620 1221 in
651 1180 810 1222 vobis.“
862 1180 909 1221 Si
940 1180 1044 1220 haec
1066 1180 1271 1221 habemus
1301 1181 1344 1220 111
1375 1180 1513 1230 nobis,

94 1270 201 1308 quae
229 1270 357 1309 supra
387 1256 496 1297 dicta
527 1268 646 1308 sunt,
690 1256 722 1299 si
762 1255 929 1314 abjecto
960 1269 1098 1298 vetere
1128 1257 1305 1298 homine
1332 1257 1512 1298 innova—

93 1341 182 1371 tum
213 1342 274 1372 est
303 1348 379 1373 cor
408 1344 626 1383 nostrum,
675 1334 787 1375 venit
816 1334 870 1374 ad
908 1350 988 1375 nos
1019 1334 1160 1383 Deus,
1208 1345 1247 1375 et
1276 1334 1439 1375 habitat
1468 1335 1512 1375 in

92 1407 240 1457 nobis,
281 1408 353 1464 qui
385 1409 506 1450 dixit:
551 1423 618 1459 „et
635 1411 680 1465 2)
719 1427 879 1466 ponam
921 1411 1247 1452 tabernaculum
1288 1428 1432 1454 meum
1466 1412 1511 1452 in

92 1484 224 1534 vobis,
256 1497 294 1526 et
322 1503 411 1526 non
442 1487 772 1529 'abominabitur
809 1506 882 1531 vos
923 1489 1063 1529 anima
1103 1494 1236 1529 mca.“
1303 1490 1404 1529 Non
1433 1507 1512 1531 nos

74 1561 411 1603 --abominabitur
442 1563 595 1604 anima'
614 1564 711 1614 Dei,
742 1564 775 1607 si
806 1567 1075 1607 observemus
1108 1582 1178 1615 ea,
1220 1582 1328 1622 quae
1357 1567 1512 1622 scripta

92 1651 199 1680 sunt.
257 1639 561 1681 Verumtamen
592 1641 716 1682 velim
751 1641 990 1698 requirere,
1023 1643 1125 1698 quid
1158 1654 1216 1684 est
1246 1644 1384 1684 anima
1417 1644 1511 1685 Dei.

91 1716 205 1756 Num
238 1716 440 1771 quidnam
478 1718 807 1774 putabimus‚³)
848 1719 945 1774 quia
985 1723 1103 1762 Deus
1145 1720 1300 1762 habeat
1330 1721 1512 1763 animam

93 1792 200 1833 sicut
230 1794 396 1836 homo?
454 1796 701 1835 Absurdum
741 1808 799 1836 est
838 1796 921 1836 hoc
962 1796 1115 1837 sentire
1161 1798 1213 1838 de
1246 1799 1356 1840 Deo.
1419 1798 1509 1851 Ego

92 1882 229 1911 autem
259 1873 396 1912 audeo
429 1883 469 1914 et
502 1874 613 1922 dico,
643 1872 740 1926 quia
772 1873 910 1913 anima
943 1872 1025 1914 Dei
1059 1873 1248 1915 Christus
1279 1887 1352 1918 est.
1395 1875 1513 1917 Sicut

94 1947 206 1987 enirn
237 1948 427 2001 Verbum
460 1948 543 1989 Dei
573 1961 632 1989 est
665 1949 870 1999 Christus,
903 1962 940 1991 et
970 1950 1171 2006 sapientia
1188 1951 1284 2000 Dei,
1318 1964 1356 1992 et
1385 1954 1512 1994 virtus

93 2022 199 2073 Dei,
242 2023 297 2064 ita
344 2037 381 2065 ct
412 2027 550 2067 anima
584 2025 664 2066 Dei
700 2037 768 2066 est.
827 2026 884 2065 Et
913 2027 995 2066 1106
1026 2028 1160 2067 modo
1191 2027 1364 2078 dicitur,
1413 2029 1511 2084 quia

89 2117 206 2148 „non
223 2099 267 2155 ⁴)
300 2118 372 2143 vos
404 2102 722 2143 abominabitur
738 2103 876 2143 anima
900 2109 1033 2152 mea,“
1065 2102 1108 2144 id
1141 2117 1210 2154 est,
1241 2105 1350 2146 filius
1381 2122 1512 2156 meus,

91 2178 164 2217 sed
194 2179 514 2233 ‚,ambulabo⁵)
546 2179 653 2219 inter
685 2186 796 2221 vos.“
875 2181 976 2221 Non
1016 2180 1121 2220 mihi
1160 2181 1348 2231 videtur,
1394 2185 1510 2238 quod

90 2254 175 2294 hoc
206 2256 427 2309 promittat
458 2257 590 2315 Deus,
624 2258 721 2312 quia
751 2258 792 2298 in
826 2269 935 2298 terra
968 2257 1236 2299 Judaeorum
1269 2261 1510 2300 ambulatu-

88 2348 160 2371 rus
189 2331 260 2372 sit:
292 2334 378 2383 sed,
411 2335 507 2389 quia
539 2335 571 2374 si
603 2335 694 2389 quis
721 2334 921 2375 meruerit
951 2335 1005 2375 ita
1035 2335 1131 2390 puri
1165 2351 1249 2377 6556
1282 2338 1433 2387 cordis,
1465 2349 1509 2378 ut

88 2407 174 2448 Dei
206 2426 335 2464 capax
366 2410 427 2459 sit,
457 2411 501 2451 in
535 2428 584 2452 60
620 2428 663 2452 56
694 2412 793 2453 (11611
824 2412 1042 2452 ambulare
1064 2413 1205 2455 .Deus.
1262 2414 1404 2467 ‚,Et⁶)
1435 2432 1506 2456 vos

90 2484 200 2526 critis
230 2487 334 2528 mihi
375 2490 584 2544 populus,
629 2501 668 2530 et
708 2506 782 2542 ego
822 2488 1036 2530 Dominus
1077 2490 1194 2532 Deus
1234 2501 1388 2540 vester,
1433 2492 1505 2547 qui

206 2611 250 2667 ¹)
281 2612 408 2654 Levit.
436 2613 596 2665 XXVI,
628 2617 692 2658 11.
811 2615 856 2669 ²)
886 2615 1014 2656 Lex-it.
1051 2614 1213 2666 XXVI,
1245 2618 1308 2658 11.

204 2681 250 2732 3)
280 2681 388 2724 Cod.
420 2685 696 2736 Sangerman,
728 2685 1036 2741 ‚‚putabimus.“
1102 2685 1220 2727 Libri
1253 2687 1350 2728 editi
1382 2689 1439 2744 (c.
1473 2705 1493 2728 c

92 2737 186 2777 cdd.
217 2736 323 2791 RI.):
354 2747 620 2795 ‚,putamu8.“
651 2743 700 2782 R.

207 2804 252 2860 ⁴)
282 2808 408 2852 Levit.
439 2811 599 2862 XXVI,
631 2812 694 2853 11.
814 2813 858 2868 ⁵)
889 2812 1018 2856 Levit,
1049 2812 1217 2863 XXVI,
1248 2815 1313 2857 12.

206 2876 252 2931 ⁶)
282 2878 414 2925 Levit.
441 2878 603 2931 XXVI,
634 2882 698 2923 12.
732 2882 797 2926 13.
