1752 3136
239 100 322 143 350
835 95 1059 137 Onicnms

238 212 293 253 Et
321 212 474 253 iterum
506 212 558 252 de
590 208 759 249 Christo
792 207 911 249 dicit:
949 207 1202 263 „pacificans
1216 206 1264 261 -¹)
1305 221 1381 262 per
1410 204 1655 256 sanguinem

241 290 376 331 crucis
407 304 517 338 suae,
547 287 630 329 sive
663 301 770 340 quac
799 285 843 326 in
876 284 997 326 coelo
1028 296 1138 332 sunt,
1169 283 1252 324 sive
1293 299 1399 338 quae
1433 283 1478 323 in
1507 286 1654 323 terra.“

239 367 471 408 Mandatur
502 379 599 416 ergo
631 363 674 404 in
705 363 815 416 lege,
854 374 899 402 ut
933 362 976 402 in
1010 362 1077 402 die
1117 359 1474 417 repropitiationis
1517 358 1653 400 omnis

238 445 423 501 populus
453 442 648 483 humiliet
677 440 861 482 animam
892 456 1022 481 suam.
1079 439 1318 494 Quomodo
1350 437 1543 479 humiliet
1573 453 1653 492 po-

238 523 364 577 pulus
395 520 579 562 animam
606 536 740 568 suam,
770 521 858 574 ipse
889 518 1011 560 dicit:
1054 517 1322 572 „venient,²)
1352 516 1511 573 inquit,
1555 515 1657 564 dies,

241 614 338 640 cum
367 600 580 640 auferetur
611 599 663 638 ab
694 597 741 639 iis
771 612 970 652 sponsus,
1012 607 1052 636 et
1082 607 1181 636 tunc
1211 594 1464 652 jejunabunt
1499 578 1543 634 in
1573 591 1654 633 illis

241 675 431 717 diebus.“
490 675 637 716 Plures
669 688 768 724 ergo
800 684 980 724 aguntur
1011 672 1099 714 dies
1118 673 1212 714 festi
1240 674 1474 715 secundum
1505 671 1653 724 legem.

239 753 314 795 Est
344 753 518 808 quidam
546 750 748 793 solemnis
779 749 867 791 dies
897 750 940 791 in
962 765 1104 790 mense
1132 749 1288 804 primo,
1320 761 1377 792 est
1408 761 1447 790 et
1477 747 1581 790 alius
1611 747 1654 788 in

239 832 441 873 secundo.
512 829 598 871 Sed
640 839 678 868 et
718 827 763 868 in
802 842 947 869 mense
987 825 1128 881 primo
1171 825 1251 866 alia
1291 826 1534 867 solemnitas
1573 825 1655 865 Pa-

238 909 384 957 schae,
427 906 506 948 alia
549 922 819 964 azymorum,
867 905 965 946 licet
1005 902 1235 960 conjuncta
1273 902 1464 944 videatur
1504 903 1656 959 azymis

237 985 427 1028 Paschae
441 973 696 1025 solemnit‘as.
741 982 1006 1038 Principium
1031 980 1142 1021 enim
1167 997 1414 1038 azymorum
1440 981 1493 1021 ad
1524 979 1654 1020 finem

235 1062 425 1104 Paschae
465 1060 748 1117 conjungitur.
816 1059 978 1100 Pascha
1019 1070 1160 1100 autem
1199 1058 1272 1099 ille
1308 1057 1423 1100 solus
1462 1056 1549 1099 dies
1582 1073 1657 1113 ap-

237 1142 432 1197 pellatur,
461 1140 506 1181 in
539 1154 624 1194 quo
658 1154 786 1191 agnus
819 1137 1038 1178 occiditur.
1087 1135 1258 1191 Reliqui
1276 1151 1374 1176 vero
1407 1150 1657 1194 azymorum

238 1219 326 1259 dies
355 1217 636 1273 appellantur.
697 1214 768 1257 Sic
800 1214 912 1256 enim
944 1213 1063 1254 dicit:
1103 1212 1253 1262 „facies
1269 1211 1316 1266 3)
1344 1212 1658 1253 solemnitatem

239 1311 490 1351 azymorum
521 1305 680 1349 septem
712 1291 900 1333 diebus.“
947 1288 1064 1330 Haec
1087 1305 1184 1341 ergo
1209 1301 1269 1330 est
1286 1290 1425 1345 prima
1456 1288 1657 1330 solemni-

238 1386 310 1416 tas.
347 1372 451 1412 Post
479 1372 597 1418 haec,
626 1367 778 1424 inquit,
809 1384 904 1408 cum
926 1365 972 1420 ⁴)
1002 1366 1301 1416 „demessueris
1330 1383 1505 1408 messem
1525 1378 1658 1416 tuam,

240 1462 280 1492 et
309 1446 622 1501 congregaveris
659 1444 893 1488 nativitates
924 1461 971 1486 ex
1004 1459 1103 1495 agro
1135 1455 1232 1492 tuo,
1275 1443 1402 1484 facies
1444 1444 1556 1485 diem
1593 1445 1657 1486 fe-

239 1539 350 1569 stum
382 1527 435 1567 de
463 1524 590 1566 initiis
620 1526 838 1565 fructuum
869 1526 1087 1565 tuorum.“
1137 1519 1225 1575 Qui
1257 1519 1344 1562 dies
1380 1532 1438 1563 est
1467 1533 1563 1577 post
1592 1537 1656 1563 se·
1687 1546 1691 1550 1

237 1617 355 1661 ptem
383 1602 636 1658 septimanas
652 1600 852 1648 Paschae,
879 1599 924 1641 id
956 1611 1026 1648 est,
1050 1598 1309 1648 Pentecoste,
1327 1598 1372 1654 ⁵)
1402 1615 1499 1640 cum
1530 1597 1656 1641 etiam

241 1681 324 1722 dici
351 1679 548 1737 jubetur:
579 1690 618 1719 et
638 1677 684 1734 ὃ)
713 1679 940 1720 mundabis
966 1687 1108 1719 sancta
1140 1677 1193 1717 de
1224 1676 1356 1717 domo
1387 1692 1495 1721 mea.
1554 1675 1656 1719 Post

237 1759 344 1800 haec
372 1758 416 1797 in
445 1756 626 1812 septimo
643 1771 787 1797 mense
810 1756 914 1796 aliae
936 1765 1116 1806 aguntur
1150 1753 1447 1795 solemnitates.
1505 1753 1654 1795 Primo

182 1856 188 1865 ·
239 1835 309 1876 die
337 1832 489 1875 mensis
530 1832 758 1874 neomenia
797 1831 1020 1879 tubarum,
1062 1829 1169 1872 sicut
1209 1829 1363 1870 dicitur
1392 1830 1436 1870 in
1465 1831 1653 1885 psalmo:

237 1911 427 1966 „tuba⁷)
463 1910 597 1951 canite
626 1909 669 1950 in
701 1907 821 1950 initio
855 1908 1009 1949 mensis
1040 1909 1207 1948 tubae.“
1256 1906 1435 1948 Decima
1455 1923 1554 1948 vero
1587 1907 1655 1948 die

237 1988 403 2045 septimi
442 1987 596 2029 mensis
643 1998 702 2029 est
745 1987 987 2028 solemnitas
1035 1982 1409 2040 repropitiationis.
1482 1985 1534 2024 In
1575 1984 1654 2025 hac

239 2068 329 2108 sola
369 2065 438 2106 die
475 2064 665 2121 pontifex
702 2063 893 2105 induitur
934 2061 1131 2104 omnibus
1171 2060 1489 2116 pontificalibus
1527 2060 1655 2101 indu-

237 2142 402 2192 mentis,
432 2154 534 2183 tunc
564 2141 754 2183 induitur
783 2140 1165 2182 manifestationem
1207 2150 1246 2179 et
1274 2137 1508 2185 veritatem,
1550 2148 1653 2177 tunc

238 2220 472 2272 ingreditur
503 2219 556 2260 ad
586 2219 657 2260 illa
688 2217 1016 2269 inaccessibilia,
1064 2233 1149 2273 quo
1191 2215 1321 2257 semel
1358 2216 1402 2256 in
1435 2230 1546 2255 anno
1583 2229 1652 2254 ac-

240 2297 330 2338 cedi
360 2297 658 2338 tantummodo
691 2297 800 2346 licet,
830 2296 874 2337 id
907 2306 978 2343 est,
1012 2293 1057 2335 in
1086 2304 1230 2336 sancta
1259 2303 1518 2335 sanctorum.
1578 2290 1654 2332 Se-

354 2444 398 2500 1)
431 2443 594 2484 Coloss.
628 2444 659 2493 l,
690 2445 754 2486 20.
875 2442 920 2496 2)
952 2440 1106 2483 Matth.
1139 2438 1215 2489 IX,
1248 2439 1311 2481 15.

355 2513 401 2568 3)
434 2512 521 2553 Cfr.
553 2513 687 2554 Exod.
721 2511 880 2560 XXlIl,
915 2512 980 2553 15.

356 2581 401 2637 ⁴)
435 2582 518 2623 Cfr.
552 2583 686 2623 Exod.
717 2582 878 2632 XXIII,
908 2582 973 2625 16.

356 2651 401 2706 5)
431 2651 539 2692 Edd.
571 2652 764 2694 Mcrlini:
796 2664 1072 2705 pentecostes.

351 2720 396 2774 6)
431 2720 536 2761 Cod.
560 2721 834 2772 Sangerman.
865 2734 933 2772 „et
952 2720 1194 2762 mundavi.“
1236 2718 1319 2760 Alii
1343 2709 1444 2761 Mss.
1474 2729 1650 2765 „emun-

243 2777 376 2821 davi.“
434 2775 552 2817 Libri
583 2778 683 2820 editi
711 2780 770 2832 (v.
804 2796 837 2820 c.
871 2779 965 2819 edd.
995 2778 1101 2833 Ma)
1130 2789 1197 2829 „et
1222 2774 1487 2819 mundabis.“
1517 2771 1565 2811 R.

362 2847 404 2901 ⁷)
435 2845 586 2888 Psalm.
617 2845 814 2898 LXXXI,
844 2848 881 2892 3⁴
915 2847 1139 2904 (LXXX.)
