1752 3136
236 122 320 168 166
805 136 863 166 xx
896 123 1108 165 OmeOE

238 236 320 279 τοῦ
359 236 474 278 λαοῦ
513 233 788 292 εὐχομένους
839 233 1119 284 ἐπισκόπους
1157 233 1534 293 ἀποστρέφεσθαι
1574 234 1666 279 ἀπὸ

240 315 399 369 μέθης,
435 310 487 356 οὐ
516 309 667 369 μόνον
687 315 763 368 τῆς
789 312 881 356 ἀπὸ
909 317 1052 368 οἴνου,
1088 309 1200 355 ἀλλὰ
1227 313 1304 355 καὶ
1321 314 1399 365 τῆς
1422 313 1513 354 τῶν
1547 329 1670 370 πρα-

239 387 448 448 γμάτων,
480 392 556 433 καὶ
574 391 891 448 διαλογισμῶν
909 391 1232 447 ἀνθρωπίνων.
1282 388 1377 445 Οὐχ
1407 386 1467 437 ὠς
1493 383 1671 433 ι’ἱτοπον

244 467 297 511 δὲ
340 463 617 525 ἀπαγορεύει
654 469 812 523 τοῦτο,
863 466 953 510 ἀλλ’
1015 465 1082 511 ὅτι
1130 463 1229 527 ’ᾔδει
1266 463 1316 510 τὸ
1359 465 1546 524 ἀκρατὲς
1581 469 1674 509 τῶν

242 543 540 605 Ἰσραηλιτῶν,
576 541 643 588 ὅτι
674 542 849 588 ὁπόταν
879 542 1092 600 ἅψοιντο,
1115 548 1176 594 εἰς
1210 544 1430 603 ἀμετρίαν
1455 540 1673 603 ἐχώρουν·

246 621 301 665 ἵν’
337 619 408 666 ὅτε
437 624 499 670 εἰς
527 618 581 665 τὰ
613 618 723 678 ι’ὶγια
753 621 1113 678 εἰσπορεύονται,
1148 620 1376 679 νηᾳιὲλιον
1406 618 1455 664 τὸ
1487 623 1563 675 τῆς
1580 628 1678 675 ψυ-

241 701 329 756 χῆς
357 698 534 757 ἀκριβὲς
564 698 712 753 ἔχωσι,
744 699 821 739 καὶ
849 696 1016 742 λεπτὸν
1047 701 1126 741 τοῦ
1160 701 1272 743 θεοῦ
1303 695 1621 756 μνημόσυνον.

361 773 549 831 ,,Διὰ’)
592 778 639 817 τί
674 772 757 817 οὐκ
796 772 991 832 ἐφάγετε
1029 771 1080 818 τὸ
1117 778 1222 835 περὶ
1260 778 1336 831 τῆς
1376 773 1600 834 ἁμαρτίας
1630 774 1681 818 ἐν

250 849 376 909 τόπῳ
409 849 586 908 ἁγίῳ,-“
643 853 861 895 Δείκνυσι
891 851 956 907 δὲ,
992 848 1060 894 ὅτι
1088 849 1153 908 μὴ
1184 854 1276 894 τῶν
1304 854 1460 909 ἱερέων
1491 849 1681 896 ἐσθιόν-

250 944 366 984 των,
399 926 629 977 ἀτέλεστος
657 925 683 983 ἡ
715 932 882 981 θυσία,
933 931 1012 972 καὶ
1048 925 1073 983 ἡ
1116 925 1317 986 ἁμαρτία
1356 932 1497 984 μένει·
1543 928 1683 987 ἐχρῆν

251 1004 343 1064 γὰρ
393 1007 472 1049 καὶ
520 1005 571 1049 ἐκ
619 1007 699 1049 τοῦ
751 1007 942 1061 αἵματος
992 1007 1332 1063 εἰσενεχθῆναι,
1397 1007 1477 1049 καὶ
1524 1003 1686 1055 αὐτοὺς

255 1087 441 1141 φαγεῖν.

368 1159 524 1216 „Ez²)
563 1155 764 1216 σήμερον
792 1157 1142 1220 προσαγηόχασι
1171 1157 1224 1202 τὰ
1263 1160 1371 1219 περὶ
1409 1160 1489 1214 τῆς
1530 1156 1686 1217 ἁμαρ-

553 1234 586 1260 “
639 1234 768 1280 Ἐπεὶ
796 1240 974 1293 συνεζθη,
1008 1240 1137 1295 φησὶ,
1171 1241 1266 1286 τοῖς
1286 1239 1393 1297 περὶ
1413 1234 1579 1293 Ναδὰβ
1610 1238 1689 1280 καὶ
1728 1257 1729 1263 ¹

253 1311 437 1370 ’Λρἰοὺδ
475 1310 823 1371 προσκρούσασι
867 1316 929 1370 τῷ
969 1317 1063 1371 θεῷ
1095 1313 1379 1368 ἀποθανεῖν,
1429 1311 1502 1357 ὅτε
1532 1311 1690 1372 καιρὸς
1729 1352 1730 1355 ,

256 1240 353 1286 τίας
382 1235 545 1280 αὐτῶν.

256 1383 316 1447 ἦν
347 1396 518 1449 φαγεῖν
547 1387 710 1438 αὐτοὺς
737 1389 787 1433 τὸ
819 1393 927 1449 περὶ
957 1389 1180 1446 ἁμαρτίας
1207 1393 1288 1433 τοῦ
1307 1392 1436 1444 λαοῦ,
1467 1393 1548 1434 τοῦ
1567 1389 1690 1448 ἀφε-

257 1470 400 1523 θῆναι
430 1464 457 1510 ἃ
498 1464 691 1527 ἥμαρτε,
743 1469 841 1516 πῶς
877 1468 919 1511 οἱ
951 1467 1001 1510 ἐν
1041 1465 1284 1526 ἁμαρτίαις
1320 1464 1451 1526 ἡμεῖς
1488 1465 1692 1527 σήμερον

259 1544 562 1602 ἐλεγχθέντες,
594 1543 671 1588 διὰ
702 1547 780 1588 τοῦ
813 1549 983 1602 φαγεῖν
1012 1541 1094 1599 τὴν
1130 1538 1301 1601 ἄφεσιν
1321 1541 1689 1601 προξενήσομεν,·

265 1621 366 1681 Χρὴ
396 1620 487 1681 γὰρ
518 1621 599 1666 τὸν
627 1624 749 1682 ἱερέα
778 1619 1002 1681 πρότερον
1038 1622 1146 1680 περὶ
1176 1620 1316 1665 αὐτοῦ
1348 1617 1662 1670 ἐξιλάσασθαι.

378 1699 639 1755 ,,Ταῦτα3)
671 1697 726 1742 τὰ
755 1696 908 1754 κτήνη,
943 1694 971 1741 ἃ
1003 1695 1267 1756 φάγεσθε.“
1319 1700 1462 1758 Θηρία
1490 1698 1579 1754 μὲν
1610 1689 1695 1742 οὖν

264 1775 480 1832 οὐδαμῶς
509 1776 603 1819 ἐστι
633 1772 831 1832 καθαρά·
875 1772 1028 1818 πάντα
1063 1773 1153 1833 γὰρ
1196 1771 1437 1834 ἀκάθαρτα
1466 1773 1581 1818 κατὰ
1614 1773 1696 1819 τὸν

265 1849 453 1897 εἰπόντα
491 1849 655 1909 νόμον·
695 1851 891 1910 ,,πᾶν4)
943 1848 966 1895 ὃ
1007 1850 1090 1896 ἐὰν
1138 1848 1385 1908 πορεύηται
1415 1853 1493 1896 ἐπὶ
1522 1855 1696 1910 χειρῶν

267 1929 407 1974 αὐτοῦ
448 1929 500 1974 ἐν
543 1931 658 1972 πᾶσι
695 1934 788 1979 τοῖς
825 1933 1022 1986 θηρίοις,
1073 1926 1313 1990 ἀκάθαρτα
1359 1929 1485 1973 ἔσται
1523 1927 1696 1990 &palu-‘⁶

265 2011 353 2063 Εἴη
383 2005 422 2051 d*
457 2004 517 2052 ἂν
542 2009 732 2065 γενικῶς
767 2011 907 2066 θηρία
936 2003 1103 2055 πάντες
1144 2008 1188 2050 οἱ
1218 2004 1445 2063 ὠμότατοι
1480 2009 1573 2051 τῶν
1609 2005 1696 2051 ἆν-

266 2081 484 2142 θρώπων,
515 2088 622 2144 περὶ
651 2076 716 2128 ῶν
746 2099 889 2142 φησιν
919 2082 942 2129 ὁ
974 2080 1229 2142 προφήτης·
1273 2083 1420 2139 ,,ἐν5)
1460 2086 1523 2140 τῷ
1563 2084 1697 2141 ἐγγί-

269 2165 358 2213 ζειν
387 2161 454 2205 ἐπ’
489 2162 571 2219 ἐμὲ
600 2164 877 2218 κακοῦντας,
921 2164 1000 2206 τοῦ
1041 2166 1214 2221 φαγεῖν
1243 2159 1322 2211 τὰς
1352 2158 1524 2222 σάρκας
1549 2161 1697 2219 μου,“

269 2241 347 2282 καὶ
378 2237 433 2283 τὰ
463 2239 579 2295 ἑξῆς.

382 2317 584 2373 ,,Πᾶν6)
607 2318 767 2372 κτῆνος
795 2316 1012 2373 διχηλοῦν
1042 2314 1242 2373 ὀπλήν.“
1303 2319 1478 2374 Διχηλῆ
1507 2314 1589 2361 τὸν
1616 2315 1697 2361 εὖ-

271 2395 411 2449 σεβῶς
441 2393 493 2438 ἐν
519 2396 582 2451 τῷ
615 2396 749 2438 αἰῶνι
777 2390 922 2451 τούτῳ
954 2392 1332 2453 πολιτευόμενον,
1375 2396 1454 2438 καὶ
1492 2392 1570 2438 διὰ
1615 2392 1698 2439 τὸν

390 2596 435 2651 ¹)
465 2596 598 2640 tevit.
629 2595 687 2647 Χ,
716 2597 782 2639 17.
901 2595 948 2651 2)
978 2595 1109 2638 Lavit.
1139 2595 1195 2646 x,
1225 2595 1290 2641 19.

388 2664 434 2718 3)
463 2665 592 2707 Levit.
623 2666 698 2716 xl,
725 2668 766 2709 2.
883 2665 930 2721 ⁴>
964 2665 1052 2708 cfr.
1083 2666 1213 2708 Lavit„
1244 2664 1320 2716 XI,
1350 2665 1418 2709 27.

391 2734 437 2790 5)
467 2735 622 2777 Psalm.
651 2734 834 2786 xxvn,
861 2737 901 2778 2.
931 2734 1141 2791 (XXVI.)

327 2802 436 2902 Γῡι),
463 2803 591 2847 Levit.
622 2804 699 2847 XI»
725 2806 765 2850 3.
798 2829 851 2840 —
880 2804 962 2848 Ed.
983 2803 1140 2850 Ruaei:
1170 2804 1476 2863 ,,δικηλοῦν,“
1506 2815 1547 2848 et
1574 2806 1702 2862 „Ac-

271 2875 323 2915 κη
340 2877 395 2903 m.
424 2867 436 2883 ⁸
