1752 3136
443 150 491 179 ΙΝ
523 137 724 178 ΕΧΟΒΗΜ
753 133 955 191 HomuA
984 132 1060 175 IX.
1156 171 1165 179 χ
1394 135 1474 178 107

59 249 292 305 Propterea
324 263 421 301 ergo
455 264 550 289 cum
583 245 860 301 corripimur,
898 263 995 287 cum
1037 244 1286 296 castigamur
1327 261 1349 286 a
1381 245 1477 286 Do-

59 326 201 377 mino,
234 343 320 368 esse
347 341 436 366 non
467 325 670 365 debemus
709 321 884 375 ingrati,
920 323 994 363 scd
1032 321 1334 374 intelligamus,
1373 337 1478 376 pro-

60 415 205 459 pterea
233 420 312 444 nos
342 401 386 442 in
417 399 626 455 praesenti
656 401 824 441 saeculo
864 398 1044 454 corripi,
1086 411 1133 440 ut
1156 398 1206 440 (in
1234 398 1379 438 futuro
1411 413 1479 437 re-

63 479 205 535 quiem
245 493 576 533 consequamur,
624 476 733 518 sicut
772 487 811 516 et
852 476 1084 531 Apostolus
1130 475 1251 516 dicit:
1294 472 1479 528 „cum¹)

61 567 201 596 autern
240 553 489 604 castigamur
528 570 549 594 a
590 551 808 603 Domino,
849 552 1125 608 corripimur,
1163 568 1220 593 ne
1258 568 1355 592 cum
1396 551 1480 590 hoc

60 632 223 671 mundo
256 631 550 671 damnemur.“
638 630 871 686 Propterea
911 629 1096 685 denique
1134 641 1174 671 et
1211 630 1360 669 beatus
1390 627 1479 667 Job

61 708 244 749 libenter
271 706 524 762 suscipiebat
541 719 690 748 cuncta
708 707 928 763 supplicia,
962 718 1000 748 et
1019 707 1200 757 dicebat,
1231 705 1329 761 quia
1359 702 1481 758 „si²)

61 785 178 825 bona
208 784 457 839 accepimus
480 785 531 824 de
549 800 680 824 manu
697 784 892 833 Domini,
914 800 1060 825 nonne
1084 795 1123 825 et
1142 784 1253 824 mala
1277 779 1484 823 tolerabi-

61 877 154 902 mus
167 860 213 903 ‘.¹’“
242 860 484 911 „Dominus
500 861 545 917 3)
578 861 705 911 dedit,
721 861 935 902 Dominus
958 859 1142 910 abstulit,
1157 860 1264 902 sicut
1285 858 1481 900 Domino

62 937 236 993 placuit,
260 938 317 978 ita
347 939 505 979 factum
536 950 608 979 est.
667 937 732 979 Sit
759 954 919 978 nomen
949 935 1129 978 Domini
1158 933 1483 987 benedictum‚!“

61 1014 219 1056 Reddit
235 1014 279 1070 ⁴)
310 1027 450 1056 autem
473 1026 512 1055 et
530 1013 865 1056 misericordiam
894 1013 939 1054 in
966 1013 1097 1054 millia
1130 1013 1191 1062 iis,
1214 1014 1284 1068 qui
1305 1012 1485 1064 diligunt

64 1108 179 1136 eum.
242 1091 329 1146 Qui
359 1091 470 1132 enim
503 1091 706 1144 diligunt,
748 1089 1020 1145 correptione
1049 1107 1137 1132 non
1167 1090 1381 1142 indigent,
1408 1105 1485 1129 ne-

66 1186 149 1225 que
179 1169 289 1209 enim
320 1165 512 1224 peccant,
542 1168 651 1209 sicut
682 1178 724 1209 et
753 1168 966 1209 Dominus
998 1167 1119 1208 dicit:
1158 1167 1320 1224 „qui⁵)
1352 1165 1488 1218 diligit

65 1262 146 1295 me,
174 1247 373 1287 mandata
402 1262 496 1286 mea
529 1245 750 1287 custodit.“
797 1244 853 1285 Et
882 1244 980 1286 ideo
1012 1243 1282 1300 ‚,perseota⁶)
1313 1242 1484 1285 dilectio

66 1324 178 1364 foras
216 1323 342 1364 mittit
378 1323 620 1364 timorem.“
708 1323 779 1364 Ob
820 1322 904 1362 hoc
946 1337 1045 1374 ergo
1089 1320 1359 1371 diligentibus
1396 1318 1488 1359 sola

65 1398 358 1440 misericordia
387 1400 522 1454 posita
556 1411 632 1441 est:
673 1398 847 1453 beati7)
879 1399 990 1440 enim
1030 1397 1349 1446 misericordes,
1387 1395 1487 1450 quia

64 1478 165 1533 ipsis
195 1476 462 1520 miserebitur
492 1477 608 1517 Deus
648 1476 694 1516 in
734 1475 903 1516 Christo
949 1475 1051 1516 Jesu
1094 1474 1289 1516 Domino
1323 1484 1487 1521 nostro,

69 1554 139 1595 cui
169 1565 226 1596 est
254 1553 386 1606 gloria
417 1565 456 1594 et
485 1551 715 1608 imperium
745 1553 790 1593 in
820 1545 986 1593 sae'cula
1015 1553 1296 1593 saeculorum.
1329 1546 1486 1591 Amen!

408 1834 958 1884 HOMILIA
1042 1835 1145 1884 IX.

581 1951 652 1992 De
680 1952 972 1993 tabernaculo.

185 2064 224 2105 1.
255 2063 301 2105 Si
333 2062 422 2119 quis
456 2062 582 2114 digne
611 2061 838 2117 intelligat,
867 2064 932 2104 vel
965 2079 1011 2103 ex
1043 2064 1235 2121 Aegypto
1269 2061 1490 2101 Hebraeo-

74 2157 169 2182 rum
200 2140 537 2194 profeetionem,
575 2142 639 2181 vel
670 2141 892 2182 transitum
923 2139 1051 2182 maris
1083 2139 1220 2189 rubri,
1256 2140 1330 2180 sed
1372 2148 1414 2178 et
1444 2154 1493 2177 o·-

68 2205 218 2258 'mnem
249 2217 359 2257 hanc
388 2216 512 2267 viam,
544 2234 652 2271 quae
682 2218 817 2270 agitur
845 2235 923 2274 per
952 2218 1188 2266 desertum,
1228 2227 1268 2257 et
1298 2214 1495 2256 metatio-

76 2310 150 2335 nes
190 2294 374 2347 singulas
415 2311 604 2350 quasque
628 2280 898 2336 vcastrorum:
937 2296 970 2336 si
1007 2295 1163 2335 horum
1202 2293 1259 2334 ita
1300 2289 1498 2333 exstiterit

19 2410 25 2419 ,
78 2387 220 2427 capax,
250 2383 297 2412 ut
328 2371 450 2412 etiam
482 2373 616 2422 legem
646 2371 730 2412 Dei
760 2371 959 2429 suscipiat
986 2370 1245 2426 scriptamss)
1266 2385 1354 2409 non
1386 2379 1496 2408 atra-

76 2459 236 2499 mento,
265 2449 338 2490 sed
367 2447 631 2504 spirituDei
662 2448 762 2489 vivi:
805 2448 838 2490 si
869 2449 974 2504 quis,
1003 2447 1192 2503 inquam,
1223 2448 1277 2488 ad
1307 2447 1409 2486 haec
1438 2445 1502 2486 ita'

77 2541 154 2580 per
184 2525 378 2566 ordinem
407 2527 676 2581 profectuum
707 2528 893 2582 perfecte
922 2525 1074 2574 veniat,
1102 2536 1148 2565 ut
1176 2522 1339 2577 singula
1368 2538 1498 2580 quae-

198 2670 242 2726 1)
275 2670 362 2712 cfr.
393 2672 407 2711 1
443 2670 542 2713 cor.
574 2671 650 2722 XI,
680 2672 747 2714 32.
868 2672 913 2728 2)
943 2672 1043 2713 Job.
1074 2671 1126 2721 ιι,
1156 2672 1221 2715 10.

196 2742 242 2797 3)
272 2742 373 2782 Job.
405 2743 436 2793 1,
466 2745 533 2784 21.
652 2741 697 2797 4)
727 2743 866 2784 Exod.
896 2743 994 2792 XX,
1024 2743 1061 2785 6.

199 2811 243 2865 5)
274 2811 348 2851 Ev.
379 2812 539 2853 Joann.
570 2813 686 2864 xlv,
716 2813 783 2854 21.
903 2810 949 2867 ὗ)
982 2811 999 2851 1
1031 2810 1128 2853 cor.
1160 2810 1232 2858 lv,
1263 2810 1329 2854 18.

201 2881 246 2934 7)
278 2880 426 2922 Mam..
456 2883 508 2936 v,
542 2884 578 2929 7,
700 2882 745 2938 8)
778 2882 864 2924 cfr.
897 2882 935 2923 ιι
969 2881 1068 2924 cor.
1104 2881 1173 2930 ιιι,
1203 2881 1241 2923 3.
