1752 3136
255 110 340 154 406
858 109 1086 150 Offlossms

261 236 413 265 lemur.
472 222 558 262 Sed
590 238 732 262 :evera
765 221 919 272 magni,
948 233 994 262 ut
1023 219 1079 261 ita
1112 220 1273 271 dicam,
1304 220 1524 278 cujusdam
1557 221 1691 277 pisto·

265 302 333 351 ris,
363 312 401 341 ct
422 300 463 356 Γ)
496 298 611 340 docti
644 298 812 341 artificis
843 310 919 346 est,
962 299 1084 340 valde
1126 299 1347 352 diligenter
1391 299 1485 340 istas
1526 315 1691 340 servare

264 394 506 428 mensuras,
545 387 584 417 et
622 376 677 417 ita
718 389 954 432 temperare
998 376 1051 416 de
1081 388 1203 431 patre
1243 388 1282 418 et
1310 376 1400 418 filio
1433 392 1692 424 sermonem,

265 454 586 512 conjungere2)
618 450 691 494 nbi
724 465 917 511 oportet,
956 466 994 495 et
1025 471 1192 495 rursum
1234 454 1308 495 ubi
1341 454 1546 509 competit
1573 469 1694 508 sepa-

265 550 371 582 rare,
402 545 448 574 ut
478 548 617 586 neque
660 535 768 573 dnm:
799 548 1024 572 mensurae
1071 531 1303 586 aliquando
1349 531 1508 580 desint,
1554 546 1694 585 neque

266 628 455 667 unquam
487 610 566 652 nisi
597 627 705 650 unns
748 609 869 664 panis
912 621 1128 664 appareat.
1196 609 1442 650 Duodecim
1486 624 1585 660 ergo
1618 624 1694 664 pa-

265 706 340 731 nes
371 705 418 729 ex
458 687 531 729 ista
573 686 707 726 simila
754 685 844 726 sieri
885 687 1144 726 mandantur
1182 688 1417 728 secundum
1465 702 1694 727 numerum

264 767 475 813 tribuum,
514 781 622 819 quae
663 776 764 803 tunc
804 774 923 802 erant
968 764 1146 804 carnalis
1175 763 1315 805 Israel.
1391 765 1438 805 In
1473 781 1558 820 quo
1592 763 1695 804 mihi

266 846 429 886 videtur
460 844 596 882 forma
627 840 754 881 totius
787 852 1003 905 cregturae
1033 840 1249 882 rationalis
1282 841 1508 883 contineri.
1568 841 1695 882 Duo-

269 920 407 962 decim
439 935 624 974 namque
654 928 857 972 putantur
887 933 973 958 esse
1015 919 1228 969 generales
1276 917 1447 958 ordines
1477 917 1698 958 rationalis

265 1011 507 1046 creaturae,
537 1012 723 1051 quorum
757 996 888 1046 figura
924 1006 1011 1035 erat
1040 995 1083 1036 in
1115 995 1195 1036 {llis
1227 995 1455 1035 duodecim
1488 994 1697 1037 tribubus.

267 1077 317 1118 In
348 1077 501 1131 quibus
532 1084 619 1113 erat
649 1089 758 1113 unus
789 1072 963 1127 quidam
999 1075 1109 1114 ordo
1144 1074 1313 1126 regalis,
1348 1072 1420 1129 qui
1451 1073 1585 1113 Judas
1615 1089 1696 1113 no·-

267 1154 464 1195 minatur.
525 1150 643 1192 Alius
678 1161 765 1191 erat
796 1151 905 1191 ordo
938 1152 1225 1200 sacerdotalis,
1257 1163 1296 1191 et
1320 1150 1419 1190 Levi
1445 1151 1697 1205 appellatur.

267 1233 371 1272 Erat
403 1242 442 1271 et
475 1229 580 1270 alins
612 1227 720 1268 ordo
752 1229 888 1269 ,Iudae
931 1227 1114 1277 vicinus,
1158 1227 1230 1284 qui
1260 1226 1488 1283 Beniamin
1533 1226 1698 1275 dicitur,

269 1310 312 1350 in
345 1325 431 1363 quo
465 1307 619 1346 ordine
653 1316 691 1344 et
720 1305 930 1359 templum
962 1305 1059 1354 Dei,
1092 1318 1132 1346 et
1164 1307 1295 1346 altare
1338 1307 1596 1346 collocatum
1629 1317 1698 1345 est.

269 1388 388 1427 Alius
421 1384 530 1423 ordo
553 1381 815 1433 Isascha1=‚³)
847 1393 886 1422 et
915 1381 1129 1430 Zabulon,
1161 1393 1201 1422 et
1231 1380 1500 1437 Ep,hrem,⁴)
1531 1381 1699 1437 aliique,

271 1480 377 1520 quos
408 1459 663 1502 nominatim
697 1459 886 1510 designat
912 1459 1119 1515 scriptura
1158 1459 1321 1509 divina,
1350 1477 1534 1515 quorum
1568 1460 1701 1500 ratio—

269 1556 367 1580 nem
400 1554 491 1578 non
522 1548 582 1577 est
611 1552 729 1577 nunc
760 1536 964 1591 temporis
996 1536 1218 1592 explicare.
1279 1537 1352 1579 Est
1382 1550 1523 1578 tamen
1555 1538 1700 1578 unius-

270 1615 476 1672 cujusque
505 1615 656 1663 trihus,
688 1614 751 1654 vel
787 1613 963 1662 ordinis,
994 1613 1114 1669 panis
1147 1626 1241 1654 ante
1262 1614 1517 1655 Dominum.
1563 1614 1621 1655 Et
1650 1613 1700 1655 li-

268 1706 333 1735 cet
360 1693 411 1734 sit
443 1692 584 1748 aliqua
614 1691 763 1740 tribus,
795 1707 903 1747 quae
933 1707 1023 1731 non
1043 1707 1090 1731 ex
1122 1691 1267 1740 libera,
1299 1693 1371 1732 sed
1395 1709 1440 1732 ex
1459 1690 1699 1732 concubina

267 1771 398 1813 Israel
430 1770 669 1820 descendat,
698 1780 737 1809 et
768 1785 816 1810 ex
846 1780 964 1824 parte
993 1768 1151 1816 libera,
1195 1785 1242 1808 ex
1283 1780 1401 1823 parte
1442 1768 1598 1810 servilis
1638 1768 1700 1818 sit,

267 1861 410 1889 tamen
441 1863 522 1902 pro
555 1846 754 1887 omnibus
786 1863 832 1886 ex
864 1846 1029 1886 duabus
1061 1845 1232 1886 decimis
1274 1845 1396 1900 panis
1439 1846 1701 1901 proponitur

270 1935 367 1965 ante
399 1923 650 1973 Dominum,
682 1935 721 1964 et
759 1922 803 1963 in
833 1921 1037 1964 universis
1079 1923 1189 1963 duae
1229 1923 1417 1963 decimae
1456 1921 1700 1974 similaginis

270 2012 476 2042 constant.
537 2000 733 2057 proponi
764 2012 904 2041 autem
943 1998 1149 2056 jubentur
1178 2017 1305 2055 supra
1339 2016 1528 2040 mensam
1574 2016 1701 2040 mun-

269 2080 382 2120 dam.
442 2077 550 2132 Quis
569 2078 613 2134 5)
645 2090 785 2119 autem
814 2089 1008 2119 nostrum
1032 2090 1102 2127 est,
1135 2078 1208 2133 qui
1238 2077 1294 2118 ita
1327 2077 1480 2117 habeat
1508 2093 1697 2117 mensam

268 2156 489 2204 mundam,
519 2167 565 2196 ut
593 2173 725 2211 panes
755 2171 883 2210 super
915 2171 1006 2196 eam
1032 2154 1229 2196 Domino
1265 2152 1533 2195 offerantur?
1564 2153 1638 2203 „Si
1654 2154 1699 2209 ⁶)

269 2235 439 2283 sederis,
469 2233 608 2288 inquit
640 2234 866 2283 Salomon,
899 2249 1081 2274 coenare
1112 2233 1165 2272 ad
1196 2248 1383 2272 mensam
1405 2231 1603 2287 potentis,
1632 2231 1699 2272 in-

269 2311 544 2362 telligibiliter
575 2312 773 2361 intellige,
812 2328 921 2367 quae
959 2322 1242 2366 apponuntur
1282 2309 1398 2353 tibi.“
1475 2308 1599 2362 Quae
1640 2320 1700 2350 est

391 2459 432 2509 ¹)
462 2450 589 2498 Libri*
620 2459 719 2499 editi
762 2460 823 2514 (e.
870 2475 903 2500 c.
937 2460 1032 2500 edd.
1065 2458 1173 2513 Μ.);
1214 2468 1281 2506 „et
1322 2458 1445 2498 valde
1484 2456 1698 2499 artificiosi

271 2528 341 2564 est,
374 2515 619 2567 diligente-1³
651 2527 740 2564 ete„
772 2517 845 2556 sed
876 2515 976 2557 Mss.
1007 2529 1054 2557 ut
1082 2516 1126 2556 in
1157 2526 1307 2556 nostro
1339 2526 1463 2555 textu.
1495 2515 1544 2555 R.

387 2586 432 2639 ²)
464 2585 574 2625 Edd.
606 2585 806 2625 Merlini:
839 2598 877 2627 et
909 2585 1167 2642 conjungere
1197 2597 1278 2625 etc.

389 2657 435 2712 3)
468 2657 576 2697 Edd.
609 2656 669 2697 M.
701 2667 742 2696 et
773 2655 822 2696 R.
857 2657 1096 2705 „lsachar.“

389 2729 433 2780 4)
465 2727 575 2768 Edd.
608 2726 667 2766 M.
699 2726 915 2775 ,‚Eff1·en‚“
949 2728 1014 2768 ed.
1045 2724 1201 2767 Ruaei:
1234 2724 1465 2775 ‚,Efs:-ern.“

390 2798 434 2850 ⁵)
465 2797 577 2837 Edd.
610 2795 806 2837 Merlini:
840 2796 947 2851 Quis
980 2809 1038 2840 est
1063 2808 1202 2838 autem
1234 2807 1441 2841 nostrum,
1475 2793 1546 2849 qui
1579 2804 1654 2836 etc.

394 2867 438 2921 ⁶)
471 2866 595 2907 prov.
629 2866 792 2917 xxm,
825 2868 860 2908 1.
