1752 3136
202 85 284 129 184
806 88 1031 133 Omenms

206 213 290 253 que
329 207 369 239 et
402 197 498 240 thus
544 212 591 242 ut
631 200 911 257 imponantur
949 219 1077 260 super
1122 218 1239 254 cam,
1286 203 1383 260 οῖ’)
1431 205 1488 247 sic
1520 208 1628 249 osse-

204 286 334 316 ratur.
409 277 468 318 At
507 292 606 318 vero
646 278 680 320 si
722 279 812 335 quis
853 281 1005 322 offerat
1039 279 1291 322 sacrificium
1338 282 1541 333 salutare,
1580 301 1627 326 ex

204 352 346 394 bobus
384 351 557 409 jubetur
597 356 777 405 offerre,
821 358 885 398 vel
928 356 1051 398 etiam
1083 373 1129 398 ex
1163 358 1334 407 ovibus,
1364 360 1448 400 sive
1479 362 1628 415 capris,

206 440 245 470 et
275 429 454 485 exceptis
484 431 546 472 his
574 432 742 474 nullum
774 434 889 476 aliud
917 433 1109 475 sacrificii
1140 450 1268 486 genus
1295 435 1560 477 substituitur
1587 436 1632 477 in

203 505 456 548 salutaribus
485 506 642 552 hostiis.
708 511 816 551 Nam
849 527 929 566 pro
960 510 1141 567 peccatis
1179 511 1330 568 non2)
1374 512 1634 563 voluntariis,

204 583 457 634 generaliter
486 586 656 641 quidem
689 588 826 629 anima
852 586 1023 644 jubetur
1041 589 1209 637 offerre,
1241 600 1280 628 ct
1303 600 1397 644 post
1423 589 1527 630 haec
1557 606 1634 645 per

205 659 386 702 diversas
417 661 520 714 itur,
553 664 770 718 variasque
799 681 1022 720 personas:
1070 676 1109 705 et
1148 664 1341 721 jubetur,
1387 666 1419 706 si
1459 667 1632 721 quidem

203 737 394 792 pontifex
422 737 486 787 sit,
518 739 590 793 qui
621 740 809 795 deliquit,
841 751 879 780 et
910 742 1037 781 offert
1060 740 1310 782 sacrificium
1331 759 1410 797 pro
1441 754 1633 798 peccato,

203 823 252 852 ut
281 813 456 853 vitulum
486 813 530 853 in
561 815 861 858 holocaustum
893 818 1069 867 offerat,
1099 817 1173 858 sed
1211 834 1301 858 non
1333 834 1382 858 eo
1418 819 1513 869 ritu,
1547 837 1632 875 quo

203 888 325 929 illum
357 905 437 944 pro
469 907 648 933 munere
679 892 846 934 obtulit.
916 893 985 934 De
1020 893 1105 934 hoc
1137 892 1251 933 enim
1280 905 1443 935 tantum
1475 897 1634 952 adipes,

204 977 245 1006 ct
275 966 383 1007 duos
414 983 534 1008 rencs
565 986 661 1010 cum
689 970 932 1027 adipidibus
957 971 1053 1021 suis,
1084 982 1124 1011 et
1146 970 1330 1026 adipem,
1363 970 1435 1026 qui
1453 971 1552 1025 tegit
1569 971 1633 1013 in-

203 1043 375 1094 teriora,
404 1043 602 1101 imponet
629 1063 757 1103 super
780 1049 911 1089 altare
931 1048 1298 1092 holocaustorum.
1342 1047 1410 1088 De
1435 1048 1636 1101 sanguine

205 1137 380 1176 quoque
411 1120 497 1181 ejus
527 1121 735 1176 intingens
767 1125 942 1178 digitum
960 1142 1098 1175 suum,
1128 1124 1332 1180 respergit
1357 1124 1508 1180 septies
1533 1143 1637 1167 con·

202 1208 268 1239 tra
300 1198 554 1249 Dominum,
586 1211 627 1241 et
656 1201 749 1242 linit
778 1219 823 1242 ex
856 1219 906 1243 eo
936 1218 1098 1244 cornua
1130 1202 1268 1243 altaris
1298 1201 1468 1244 incensi.
1511 1202 1636 1244 Cete-

201 1291 270 1316 ras
301 1287 441 1317 autem
475 1293 618 1321 carnes
650 1295 745 1320 cum
779 1279 912 1330 corio,
944 1292 981 1321 et
1010 1279 1251 1328 interaneis,
1282 1291 1321 1320 et
1351 1291 1537 1321 stercore
1568 1297 1637 1322 ex-

201 1363 266 1393 tra
299 1363 430 1393 castra
460 1353 546 1405 igni
575 1356 754 1397 cremari
790 1355 910 1412 jubet
947 1356 992 1397 in
1022 1356 1122 1398 loco
1154 1356 1332 1396 mundo.
1393 1355 1637 1398 Observan-

205 1429 309 1469 dum
339 1445 438 1470 sane
469 1441 540 1481 est,
572 1433 691 1487 quod
721 1435 765 1475 in
795 1446 971 1489 peccato
1005 1431 1219 1488 pontificis
1249 1449 1340 1472 non
1379 1431 1545 1473 addidit
1572 1434 1634 1474 le-

202 1505 397 1558 gislator,
438 1507 537 1563 quia
568 1525 648 1564 per
675 1510 981 1561 ignorantiam,
1024 1521 1095 1550 aut
1124 1525 1214 1550 non
1244 1508 1461 1549 voluntate
1488 1524 1638 1564 pecca-

204 1582 321 1626 verit.
381 1584 530 1641 Neque
570 1586 684 1627 enim
725 1588 876 1629 cadere
914 1586 1151 1641 ignorantia
1191 1585 1396 1642 potest3)
1435 1584 1480 1626 in
1527 1602 1638 1639 eum,

205 1659 292 1715 qui,
323 1672 369 1702 ut
400 1673 562 1704 ceteros
593 1664 792 1715 doceret,
834 1676 1061 1721 provectus
1099 1675 1171 1704 est.
1240 1661 1286 1704 Si
1327 1672 1468 1703 autem
1505 1663 1637 1706 totius

201 1753 438 1797 synagogae
466 1751 690 1794 peccatum
721 1742 871 1792 fuerit,
912 1740 1091 1781 vitulum
1121 1737 1402 1780 nihilominus
1431 1738 1476 1779 in
1507 1739 1634 1781 holo-

205 1826 394 1855 caustum
426 1832 634 1873 synagoga
666 1816 839 1872 jubetur
869 1819 1036 1859 offerre.
1106 1815 1192 1858 Sed
1230 1814 1274 1855 in
1304 1825 1479 1871 peccato
1510 1832 1634 1874 syna-

203 1906 336 1943 gogae
375 1891 550 1934 dicitur:
592 1893 650 1944 „si
665 1892 706 1948 ⁴)
745 1894 1022 1947 ignoraverit,
1073 1904 1113 1934 et
1150 1891 1320 1933 latuerit
1362 1891 1540 1932 verbum
1579 1893 1633 1933 ab

203 1968 338 2011 oculis
367 1985 624 2026 synagogae,
668 1982 707 2011 et
745 1972 889 2013 fecerit
929 1987 1063 2012 unum
1105 1970 1158 2011 ab
1198 1968 1398 2010 omnibus
1426 1969 1634 2011 mandatis

200 2045 406 2097 Domini,
451 2048 569 2103 quod
608 2063 698 2088 non
738 2047 848 2090 fiet.“
921 2048 1050 2089 Unde
1089 2058 1265 2103 apparet
1304 2045 1426 2087 etiam
1459 2062 1632 2088 omnem

199 2138 458 2176 synagogam
497 2140 624 2179 posse
668 2125 916 2180 delinquere
951 2142 1029 2182 per
1065 2123 1362 2177 ignorantiam.
1430 2124 1561 2185 Quod
1593 2136 1634 2166 et

200 2200 420 2242 Dominus
461 2203 684 2243 confirmat
721 2200 765 2241 in
803 2201 1065 2255 Evangeliis,
1107 2218 1204 2242 cum
1244 2199 1369 2242 dicit:
1404 2199 1634 2256 ,‚Pater,⁵)

201 2277 368 2319 remitte
403 2277 508 2331 illis·‚
547 2294 637 2319 non
677 2279 788 2320 enim
827 2278 986 2328 sciunt,
1028 2278 1131 2334 quid
1161 2276 1363 2320 faciunt.“
1437 2276 1569 2331 Quod
1598 2278 1633 2320 si

202 2354 402 2411 princeps
433 2354 581 2407 suerit,
623 2357 695 2411 qui
737 2356 863 2396 offert
893 2354 1075 2398 hostiam
1104 2371 1188 2411 pro
1219 2365 1415 2411 peccato,
1462 2354 1629 2394 hircum

222 2553 224 2557 .
320 2515 365 2571 ¹)
399 2515 508 2558 Cod.
547 2515 862 2570 Sangermanis:
912 2528 979 2567 „et
1017 2516 1075 2559 sic
1114 2518 1319 2559 offeratur
1355 2531 1381 2555 a
1419 2513 1522 2555 viro.
1583 2514 1629 2557 Si

206 2570 322 2627 quis“
354 2583 429 2614 etc.
461 2573 511 2615 R.

317 2641 362 2695 ²)
395 2640 504 2684 Cod.
534 2642 930 2696 sangermanensis:
961 2659 1078 2694 „non
1106 2643 1246 2684 solum
1277 2638 1561 2682 voluntariisf‘
1574 2640 1625 2682 R.

319 2708 366 2764 ³)
399 2710 508 2752 Cod.
537 2712 832 2765 Sangerman.:
865 2719 1069 2771 „potest.“
1098 2711 1215 2754 Libri
1246 2709 1346 2753 editi
1375 2709 1437 2767 (v.
1469 2725 1505 2756 c,
1529 2709 1628 2754 edd.

206 2765 311 2823 M.):
343 2775 579 2822 „poteram‘
611 2770 665 2813 R.

324 2836 371 2893 ⁴²)
399 2837 525 2881 Levit.
557 2839 630 2891 IV,
660 2841 725 2885 13.
846 2840 891 2897 ⁵)
922 2841 1022 2889 Luc.
1053 2838 1214 2891 XXIII,
1240 2839 1307 2883 34.
