1752 3136
480 67 533 99 m
567 54 770 97 Exonmu
801 54 1004 96 HOMILIA
1033 54 1084 97 V.
1439 54 1496 99 55

68 169 115 211 in
155 170 318 210 dese-rto
360 168 483 209 hoc.“
568 165 686 207 Haec
728 165 954 206 fatiscentis
993 163 1037 205 in
1089 164 1322 207 tentatione
1362 167 1491 209 animi

69 246 195 286 verba
226 256 335 286 sunt.
394 244 480 285 Sed
510 244 602 300 quis
633 243 689 284 ita
718 243 864 282 beatus
892 252 976 290 est,
1017 240 1089 295 qui
1119 240 1178 281 sic
1207 241 1488 284 tentationum

67 322 239 375 pondus
271 320 473 376 expediat,
503 331 550 361 ut
577 319 696 360 nulla
725 318 858 359 menti
891 316 977 374 ejus
1009 317 1206 369 cogitatio
1239 317 1490 369 ambiguita-

0 432 3 435 .
66 397 118 438 tis
150 397 358 453 obrepat?
415 395 526 437 Vide
555 412 709 448 magno
742 395 804 437 illi
837 393 1036 435 ecclesiae
1066 393 1421 449 fundamento‚¹)
1453 405 1493 434 et

66 485 209 528 petrae
238 473 526 523 solidissimae,
556 489 684 529 super
713 488 841 527 quam
886 471 1078 513 Christus
1120 470 1314 513 fundavit
1354 471 1490 511 eccle-

63 551 182 599 siam,
211 550 313 605 quid
344 550 508 592 dicatur
538 566 559 590 a
591 548 807 590 Domino:
844 548 1141 603 ‚‚m0dicae,²)
1170 547 1331 604 inquit,
1374 547 1488 597 fidei,

62 642 193 682 quare
231 626 482 669 dubitasti?“
537 628 699 668 Verum
739 637 882 666 tamen
919 625 1018 680 quia
1050 626 1218 667 dicunt:
1249 624 1489 679 „melius³)

63 705 200 744 fuerat
227 720 306 745 nos
334 705 489 746 servire
518 702 744 762 Aegyptiis,
777 719 904 758 quam
934 702 1047 743 mori
1076 702 1118 743 in
1152 718 1296 744 eremo
1314 707 1349 742 :“
1392 712 1486 742 ten÷

61 778 229 820 tationis
270 791 311 820 et
346 780 576 832 fragilitatis
615 781 719 822 haec
749 780 877 821 verba
915 791 1024 821 sunt.
1089 777 1295 834 Alioquin
1332 778 1486 819 falsum
1539 795 1542 798 ·

65 866 146 907 est3
175 857 302 909 longe
333 856 446 897 enim
482 856 633 898 melius
663 867 724 897 est
752 856 797 897 in
828 872 974 897 eremo
1007 857 1144 906 mori,
1177 872 1304 911 quam
1332 854 1487 896 servire

62 932 286 989 Aegyptiis.
348 933 435 988 Qui
463 932 574 974 enirn
605 932 649 973 iu
680 949 822 974 eremo
856 932 1059 983 moritur,
1102 934 1188 974 hoc
1218 933 1333 987 ipso,
1366 930 1486 986 quod

59 1021 274 1064 separatus
305 1022 363 1052 est
392 1011 445 1050 ab
479 1009 713 1067 Aegyptiis,
758 1021 798 1049 et
832 1010 1015 1051 discessit
1045 1025 1068 1050 a
1099 1009 1338 1050 rectoribus
1368 1019 1485 1047 tene-

59 1087 253 1137 brarum,
296 1098 336 1126 et
364 1087 418 1127 de
447 1097 653 1141 potestate
684 1085 885 1136 Satanae,
927 1086 1076 1127 habuit
1115 1086 1301 1141 aliquem
1338 1085 1485 1139 profe·

61 1173 190 1212 ctum,
221 1164 345 1204 etiam
375 1162 409 1203 si
440 1164 493 1204 ad
525 1163 734 1216 integrum
765 1162 984 1218 pervenire
1014 1179 1104 1203 non
1129 1161 1283 1216 potuit.
1330 1159 1486 1200 Melius

56 1238 170 1279 enim
199 1241 429 1294 perfectam
459 1240 582 1281 vitam
619 1241 837 1295 quaerenti
869 1252 926 1281 est
947 1239 988 1280 in
1021 1240 1172 1281 itinere
1199 1238 1326 1287 mori,
1356 1252 1484 1292 quam

55 1331 111 1356 ne
140 1315 352 1371 proficisci
383 1317 556 1372 quidem
594 1317 647 1358 ad
678 1316 986 1372 perfectionem
1011 1302 1311 1372 quaerendam.
1354 1311 1484 1352 Unde

53 1403 98 1433 et
128 1409 278 1433 eorum
306 1394 410 1434 falsa
442 1395 605 1435 videtur
637 1394 808 1450 opinio,
856 1392 950 1447 qui,
990 1394 1092 1433 dum
1133 1390 1258 1432 nimis
1299 1391 1482 1432 arduum

54 1470 134 1511 iter
170 1469 330 1510 virtutis
370 1481 609 1524 exponunt,
651 1472 842 1524 dumque
878 1471 1032 1510 multas
1073 1467 1160 1525 ejus
1203 1466 1484 1513 difficultates,

53 1545 272 1601 multaque
301 1545 491 1600 pericula
520 1556 562 1585 et
589 1546 729 1600 lapsus
765 1557 1024 1595 enumerant,
1054 1561 1109 1585 ne
1129 1544 1367 1585 ineundum
1387 1539 1482 1596 qui-

54 1623 151 1663 dem
182 1622 225 1663 id
259 1634 329 1664 aut
356 1622 650 1678 incipiendum
681 1621 881 1678 judicant.
949 1623 1035 1664 Sed
1064 1622 1202 1662 multo
1234 1620 1384 1660 melius
1419 1628 1478 1658 est

51 1715 122 1739 me
150 1699 194 1739 in
223 1700 306 1739 hoc
335 1698 487 1740 itinere
516 1700 581 1739 vel
612 1698 736 1748 mori,
765 1701 797 1740 si
829 1699 883 1739 ita
913 1715 1082 1740 necesse
1104 1710 1174 1747 est,
1208 1713 1333 1753 quam
1364 1696 1477 1736 inter

51 1775 281 1834 Aegyptios
310 1787 631 1831 permanentem
662 1774 829 1825 necari,
869 1788 907 1817 et
946 1775 1057 1816 falsis
1100 1786 1227 1830 atque
1269 1771 1478 1813 amarissi-

51 1851 129 1894 mis
159 1852 357 1894 fluctibus
388 1853 524 1896 obrui.
593 1852 680 1893 Sed
718 1853 885 1894 interim
941 1853 1095 1892 clamat
1124 1851 1269 1891 Moses
1302 1850 1356 1889 ad
1387 1847 1481 1888 Do—

51 1930 229 1971 minum.
288 1930 524 1992 Quomodo
558 1927 738 1970 clamat?
785 1931 911 1970 Nulla
942 1928 1032 1986 ejus
1063 1946 1140 1969 vox
1173 1925 1372 1967 clamoris
1403 1940 1479 1964 au-

50 2007 189 2058 ditur,
232 2019 271 2047 et
300 2018 443 2048 tamen
475 2006 576 2047 dicit
607 2007 660 2047 ad
692 2022 788 2047 eum
819 2007 959 2047 Deus:
1001 2007 1131 2061 „quid
1148 2004 1192 2059 ⁴)
1233 2005 1390 2044 clamas
1423 2002 1478 2041 ad

50 2068 176 2124 mc?“
235 2083 371 2124 Velim
402 2082 520 2131 scire,
551 2083 774 2140 quomodo
794 2083 927 2124 sancti
955 2083 1044 2125 sine
1075 2098 1178 2123 voce
1209 2081 1393 2121 clamant
1424 2078 1477 2118 ad

50 2160 306 2205 Dominum.
371 2162 610 2216 Apostolus
650 2161 797 2210 docet,
834 2161 932 2216 quia
973 2159 1091 2201 dedit
1120 2159 1238 2199 Deus
1282 2154 1478 2210 spiritum

51 2237 129 2278 filii
158 2238 222 2279 sui
251 2238 295 2279 in
321 2238 523 2279 cordibus
546 2238 712 2287 nostris,
739 2239 1012 2279 clamantem:
1042 2237 1207 2287 ,‚Abba‚
1225 2233 1268 2289 5)
1306 2232 1478 2288 paterl“

50 2315 106 2356 Et
137 2314 276 2356 addit:
306 2314 425 2370 „ipse
440 2314 485 2369 ⁶)
518 2315 684 2370 spiritus
715 2315 956 2370 interpellat
985 2331 1066 2369 pro
1098 2312 1223 2353 nobis
1254 2308 1475 2362 gemitibus

50 2391 444 2433 inenarmbifibusf‘
503 2390 559 2431 Et
587 2391 763 2432 iterum:
795 2390 895 2446 „qui
926 2402 1066 2431 autem
1089 2400 1300 2431 scrutatur
1331 2386 1475 2435 corda,

49 2468 129 2509 scit
159 2469 262 2524 quid
293 2468 502 2510 desideret
531 2467 721 2523 spiritus,
763 2469 861 2524 quia
891 2468 1124 2508 secundum
1158 2466 1298 2506 Deum
1330 2475 1478 2519 postu-

172 2650 213 2704 ¹)
250 2649 337 2691 Cfr.
367 2650 520 2691 Matth.
551 2650 667 2702 XVI,
696 2651 763 2694 18.
882 2649 928 2705 ²)
956 2649 1107 2690 Matth.
1136 2647 1253 2699 XIV,
1281 2646 1351 2691 31.

169 2720 214 2773 3)
245 2720 381 2762 Exod.
413 2721 531 2770 XIV,
562 2721 626 2762 12.
746 2719 791 2774 4)
824 2719 959 2761 Exod.
990 2720 1106 2768 XIV,
1137 2719 1203 2761 15.

170 2789 215 2843 ⁵)
246 2789 372 2832 Rom.
402 2789 516 2840 vul,
546 2791 610 2832 15.
731 2789 778 2845 6)
808 2789 934 2834 Rom.
965 2790 1077 2841 vlu,
1104 2788 1316 2833 26.-27.
