1752 3136
491 144 539 175 m
566 132 824 174 Lssvrrmum
855 130 1057 171 Horum.
1088 130 1138 171 V.
1439 132 1521 176 251

110 244 222 286 tibus
252 243 494 301 implicent,
530 245 603 286 sed
631 243 766 285 sciant
795 258 838 284 se
863 241 911 297 jn
940 242 1062 282 nullo
1094 240 1177 283 alio
1211 252 1374 296 partem
1404 243 1525 283 habi-

109 334 227 364 turos
257 323 372 378 apud
400 323 555 371 Deum,
585 319 666 363 nisi
693 320 738 361 in
770 336 845 370 eo,
875 319 993 375 quod
1024 320 1213 360 offerunt
1233 318 1276 374 ¹)
1306 335 1387 374 pro
1423 336 1523 374 pec-

111 399 232 441 catis:
262 400 306 441 id
337 410 418 449 est,
458 398 574 454 quod
617 413 637 437 a
668 395 733 438 via
762 396 925 452 peccati
957 395 1242 437 converterint
1270 408 1527 451 peccatores.

109 476 358 517 Notandum
391 474 515 525 etiam
545 475 651 516 illud
681 486 760 523 est,
806 475 926 529 quod
957 489 1066 528 quae
1097 474 1340 514 offeruntur
1367 472 1411 514 in
1445 473 1526 514 ho-

109 553 365 602 locaustum,
414 550 615 593 interiora
656 564 773 593 sunt:
820 551 938 606 quod
966 566 1066 591 vero
1099 550 1276 591 exterius
1307 561 1388 599 est,
1430 550 1528 590 Do-

109 628 227 669 mino
258 645 346 669 non
379 630 571 672 offertur.
628 627 756 669 Pellis
779 627 972 669 Domino
1003 644 1094 668 non
1126 628 1317 674 offertur,
1347 643 1426 667 nec
1459 644 1526 668 ce-

110 704 171 745 dit
198 704 239 744 in
258 704 303 759 ²)
334 705 714 746 holocaustomata.
785 704 899 746 Talis
941 703 1021 745 suit
1061 715 1100 745 et
1136 703 1208 745 ille
1249 705 1359 745 filius
1399 704 1527 752 Juda,

109 780 181 836 qui
212 781 432 823 dicebatur
461 781 574 832 Her,
607 782 722 838 quod
753 782 1056 838 interpretatur
1090 781 1223 836 pellis.
1293 781 1528 837 Propterea

108 870 149 899 et
164 857 209 914 3)
242 859 331 900 Her
360 859 564 915 pessimus
603 870 712 908 erat,
752 872 793 901 et
834 859 992 901 occidit
1023 875 1120 900 eum
1152 859 1294 909 Deus,
1335 859 1433 914 quia
1462 857 1529 901 isti

107 936 209 977 tales
239 936 433 977 Domino
464 952 553 977 non
586 938 839 978 offeruntur.

222 1014 261 1055 5.
290 1013 371 1063 „Et
385 1015 430 1068 4)
462 1029 589 1054 omne
620 1012 895 1064 sacrificium,
927 1014 1045 1069 quod
1076 1013 1149 1054 fiet
1177 1010 1221 1052 in
1254 1011 1449 1060 clibano,
1487 1022 1528 1052 et

110 1105 238 1131 omne
270 1091 388 1146 quod
417 1091 488 1131 fiet
517 1089 561 1130 in
593 1089 806 1139 craticula,
836 1091 901 1132 vel
930 1090 975 1132 in
1006 1089 1236 1142 sartagine,
1282 1086 1526 1138 sacerdotis,

108 1166 181 1222 qui
213 1169 365 1208 offeret
393 1167 514 1217 illud,
542 1167 672 1222 ipsius
703 1167 818 1209 erit.“
871 1167 990 1222 Quid
1016 1164 1226 1209 dicimus?
1257 1165 1530 1214 putamusne,

110 1245 230 1299 quod
261 1244 530 1300 omnipotens
561 1245 703 1294 Deus,
753 1245 825 1300 qui
863 1261 1066 1301 responsa
1099 1242 1216 1285 Mosi
1247 1241 1424 1283 coelitus
1456 1243 1532 1282 da-

106 1321 194 1372 bat,
226 1322 278 1362 de
311 1321 496 1372 clibano,
528 1333 566 1363 et
596 1322 816 1372 craticula,
858 1334 898 1364 et
934 1321 1142 1373 sartagine
1182 1318 1530 1376 praeceperit:⁵)

108 1409 157 1439 ut
185 1399 365 1440 disceret
391 1401 579 1455 populus
607 1416 686 1454 per
714 1399 883 1448 Mosen,
913 1399 1011 1454 quia
1041 1414 1120 1454 per
1148 1398 1253 1438 haec
1274 1382 1391 1437 Deus
1420 1395 1531 1451 fise)

110 1475 320 1531 propitius
350 1476 434 1526 fiet,
462 1476 496 1517 si
525 1478 732 1532 quaedam
761 1476 806 1517 in
836 1475 1043 1528 sartagine
1071 1473 1283 1524 frixerint,
1320 1474 1530 1529 quaedam

108 1551 153 1593 in
186 1552 354 1594 clibano
386 1553 587 1604 coxerint,
618 1555 823 1608 quaedam
854 1552 898 1593 in
933 1551 1131 1594 craticula
1155 1549 1414 1593 assaverint?
1446 1550 1534 1592 Sed

111 1645 202 1669 non
231 1629 289 1670 ita
322 1630 520 1672 ecclesiae
549 1631 672 1686 pueri
713 1629 926 1672 Christum
969 1629 1229 1678 didicerunt,
1271 1644 1351 1668 nec
1389 1626 1444 1668 ita
1487 1626 1534 1667 in

113 1722 209 1747 eum
240 1722 318 1761 per
348 1708 581 1763 Apostolos
613 1707 765 1749 eruditi
793 1718 913 1756 sunt,
956 1718 1003 1747 ut
1034 1709 1085 1748 de
1115 1705 1310 1746 Domino
1341 1702 1533 1761 majesta-

112 1782 163 1823 tis
195 1783 355 1839 aliquid
383 1795 468 1825 tam
501 1784 660 1825 humile
693 1795 732 1825 et
761 1796 846 1825 tam
876 1783 958 1824 vile
988 1781 1228 1837 suscipiant.
1302 1780 1419 1835 Quin
1450 1798 1533 1836 po-

112 1859 192 1902 tius
221 1862 457 1902 secundum
496 1861 757 1917 spiritualem
801 1877 990 1910 sensum,
1035 1876 1162 1915 quem
1201 1858 1368 1916 spiritus
1401 1861 1534 1902 donat

115 1937 334 1988 ecclesiae,
363 1938 602 1989 videamus,
631 1941 749 1995 quod
778 1939 829 1980 sit
856 1937 969 1979 istud
997 1936 1273 1987 sacrificium,
1311 1940 1428 1993 quod
1460 1955 1535 1979 co-

117 2026 270 2070 quatur
298 2015 343 2056 in
375 2016 567 2067 clibano,
605 2018 669 2057 vel
709 2015 799 2073 quis
830 2016 904 2057 iste
935 2013 1127 2057 clibanus
1156 2013 1331 2067 intelligi
1371 2015 1533 2056 debeat.

118 2092 204 2134 Sed
236 2091 312 2133 ubi
338 2091 548 2135 inveniam
578 2094 713 2136 modo
745 2095 799 2135 ad
827 2093 1014 2136 subitum
1050 2091 1304 2148 scripturam
1335 2091 1535 2143 divinam,

237 2300 280 2353 ¹)
314 2301 422 2342 Cod.
465 2303 739 2355 Sangerman.
776 2304 1031 2353 ‚,0sferunt.“
1104 2300 1221 2343 Libri
1260 2299 1361 2342 editi
1399 2301 1458 2357 (v.
1502 2318 1537 2343 c.

122 2358 216 2399 edd.
245 2357 347 2413 M.):
382 2360 629 2407 ‚‚0sfertur.“
659 2358 709 2400 R.

120 2485 134 2526 l
236 2427 283 2482 ²)
317 2428 424 2525 Cfid.
478 2429 753 2480 Sangerman.
806 2429 889 2481 „in
949 2428 1215 2470 holocausto.
1307 2429 1419 2469 Nam
1471 2439 1535 2469 ta-

140 2483 198 2525 is“
241 2497 317 2526 etc.
391 2519 398 2527 .

236 2553 283 2609 3)
313 2554 479 2596 Desunt
508 2556 657 2596 verba:
687 2567 754 2604 „et
782 2555 872 2596 Her
886 2561 926 2605 ‚“
956 2553 999 2596 in
1032 2553 1140 2596 Cod.
1173 2554 1539 2608 sangermanensi,

121 2610 173 2652 R.
203 2633 255 2641 -
290 2609 376 2653 cfr.
410 2612 560 2654 Genes.
596 2611 841 2663 xxxvlu,
872 2614 909 2655 7.

236 2679 282 2737 ⁴)
308 2681 436 2724 Lavit.
465 2682 561 2733 vn,
589 2683 629 2725 9.

240 2751 286 2805 ⁵)
319 2750 428 2793 Cod.
468 2753 743 2806 Sangerman.
782 2751 1113 2810 „praeceperit.“
1185 2751 1303 2796 Libri
1342 2750 1441 2796 editi
1481 2750 1540 2805 (v.

125 2825 160 2851 c.
194 2809 290 2851 edd.
323 2807 430 2863 Μ.>;
463 2809 797 2865 ‚,praeciperet.“
825 2811 876 2853 R.

240 2877 286 2933 ⁶)
316 2877 426 2920 Edd.
458 2878 654 2923 Merlini:
684 2878 758 2921 his.
