1752 3136
237 129 320 172 446
384 108 391 112 ,
577 122 711 166 OmG.
749 137 795 166 m
834 123 983 166 anrr.
1016 123 1180 166 ΗοΜιι.
1212 108 1327 166 XVI.

236 243 360 285 eduxi
393 257 464 282 vos
495 240 548 281 de
575 251 686 281 terra
717 238 917 298 Aegypti,
947 256 1044 280 cum
1076 239 1213 281 essetis
1243 239 1362 288 servi,
1403 251 1442 280 et
1474 241 1663 291 contrivi,

234 322 380 378 jugum
410 317 570 360 vinculi
599 315 758 358 vestri.“
826 318 936 358 Vere
979 316 1124 358 eduxit
1158 333 1236 359 nos
1277 317 1393 358 Deus
1434 318 1487 358 de
1529 319 1660 360 domo

236 395 462 440 servitutis:
487 393 595 437 servi
625 393 737 434 enim
770 411 936 437 eramus
965 393 1149 451 peccati,
1182 395 1281 450 quia
1311 394 1477 445 „omnis
1496 395 1538 451 ¹)
1589 397 1663 452 qui

236 486 428 532 peccat,-
453 489 593 516 servus
626 483 684 513 est
713 472 913 528 peccati.“
988 473 1042 514 Et
1083 472 1280 515 contrivit
1319 472 1535 514 vinculum
1575 472 1663 529 jugi

234 551 382 602 nostri,
411 550 522 606 jugi,
566 551 684 606 quod
715 550 977 605 imposuerat
1011 567 1139 606 supra
1172 550 1350 591 cervices
1380 562 1545 594 nostras
1575 550 1661 601 ille,

237 631 311 686 qui
341 646 421 670 nos
450 628 494 670 in
526 626 807 682 captivitatem
849 629 1051 676 duxerat,
1098 638 1138 668 ct
1171 639 1444 683 peccatorum
1487 628 1660 670 vinculis

237 707 466 760 colligarat.
527 703 738 746 Contrivit
769 720 867 758 ergo
887 704 1050 760 pcccati
1080 703 1312 755 vinculum,
1343 716 1385 746 et
1406 703 1554 762 jugum
1578 723 1659 747 no-

236 797 344 827 strae
375 780 621 838 captivitatis
652 781 827 823 excussit
856 782 1072 824 Dominus
1118 794 1264 824 noster
1300 782 1424 823 Jesus
1457 782 1660 832 Christus,

236 875 276 904 et
304 877 427 903 suum
457 859 585 900 nobis
617 876 742 901 suave
770 858 916 916 jugum
948 860 1047 901 fidei
1079 871 1119 900 et
1150 859 1356 909 caritatis,
1394 871 1435 899 et
1463 859 1574 915 spei,
1612 877 1659 899 ac

235 940 363 981 totius
394 936 621 980 sanctitatis
651 938 868 994 imposuit.
927 938 1013 995 Ipsi
1042 938 1178 991 gloria
1208 938 1252 981 in
1296 948 1465 980 aeterna
1494 937 1659 979 saecula

235 1014 526 1060 saeculorum!
587 1017 738 1056 Amen.

355 1193 399 1249 ¹)
428 1191 503 1234 Ev.
531 1190 689 1235 Joann.
722 1186 838 1243 VIII,
871 1193 937 1236 34.

1073 2901 1197 2948 Typis
1218 2901 1381 2936 fratrum
1401 2872 1470 2935 Uva
1481 2909 1507 2945 g
1518 2909 1538 2932 e
1547 2907 1581 2930 r.
