1752 3136
503 119 552 150 m
582 72 845 149 Lava-mum
872 102 1075 145 Homini
1094 103 1144 145 V.
1474 104 1561 148 239

136 222 357 265 manifeste
383 220 430 262 in
460 235 587 261 carne
617 229 676 259 est
705 213 983 264 circumcisio,
1010 215 1085 256 sed
1116 212 1190 269 qui
1218 213 1264 255 in
1294 215 1464 257 occulto
1481 217 1560 258 Ju-

137 302 268 343 daeus
300 310 372 348 est,
403 293 725 339 circumcisione
757 291 923 344 cordis,
963 291 1036 347 qui
1072 290 1248 347 spirita,
1285 308 1376 332 non
1414 292 1560 334 litera:

138 377 266 433 cui1)
298 378 387 417 laus
416 390 507 414 non
537 373 590 412 ab
621 369 894 420 hominibus,
931 370 1006 409 sed
1036 384 1084 409 ex
1116 368 1213 409 Deo
1246 373 1343 410 est.“
1414 367 1561 424 Quam

138 454 422 497 differentiam
451 446 607 489 Judaei
645 445 815 487 visibilis
857 457 897 486 et
926 444 1080 486 Judaei
1120 444 1337 487 invisibilis
1375 462 1465 487 non
1495 447 1562 488 in-

137 530 366 581 telligentes
395 524 517 580 impii
547 523 760 573 haeretici,
792 539 882 563 non
912 524 1051 563 solum
1075 525 1126 564 ab
1152 522 1213 564 his
1238 522 1466 578 Scripturis
1494 540 1562 565 re-

137 610 348 659 fugerunt,
378 604 452 645 sed
484 612 525 641 et
556 603 608 642 ab
638 599 734 655 ipso
764 600 877 649 Deo,
911 599 983 655 qui
1002 600 1139 653 legem
1160 600 1284 649 hanc,
1315 611 1355 640 et
1383 600 1563 655 scriptu-

135 698 200 723 ras
230 680 389 721 divinas
419 678 667 719 hominibus
700 676 825 727 dedit,
856 687 982 732 atque
1002 677 1130 718 alium
1152 677 1231 718 sibi
1250 677 1409 727 Deum,
1437 694 1563 734 prae-

134 769 198 798 ter
227 757 372 807 illum,
415 756 488 812 qui
529 756 697 795 coelum
739 766 778 795 et
816 765 974 795 terram
1007 754 1220 804 condidit,
1252 755 1563 807 confinxerunt,

136 852 233 876 cum
273 833 421 889 utique
463 831 564 873 fidei
605 832 752 873 veritas
793 848 928 872 unum
972 832 1243 887 eundemque
1280 830 1424 873 Deum
1461 833 1563 885 legis

136 924 175 954 et
203 911 534 963 Evangeliorum
563 919 717 958 teneat,
750 908 980 950 visibilium
1013 919 1053 949 et
1091 908 1367 950 invisibilium
1399 922 1564 952 creato-

134 1005 248 1030 rem:
280 987 380 1043 quia
411 999 451 1028 et
481 985 779 1039 cognationem
811 985 1043 1040 plurimam
1083 985 1263 1027 visibilia
1295 1003 1390 1028 cum
1420 987 1563 1029 invisi-

135 1065 293 1106 bilibus
321 1075 499 1112 servant‚
526 1063 583 1104 ita
614 1073 660 1102 ut
690 1062 922 1117 Apostolus
951 1061 1086 1113 dicat,
1125 1061 1222 1119 quia
1252 1062 1563 1118 ‚,invisibilia²)

137 1141 221 1182 Dei
252 1158 276 1182 a
307 1151 497 1181 creatura
527 1139 679 1180 mundi
709 1156 788 1194 per
819 1155 877 1188 ea,
910 1155 1019 1194 quae
1048 1141 1159 1180 sacta
1191 1151 1310 1191 sunt,
1352 1139 1564 1182 intellecta

139 1217 501 1274 conspiciuntur.“
566 1214 685 1257 Sicut
727 1230 825 1267 ergo
867 1217 1165 1269 cognationem
1206 1219 1271 1261 sui
1301 1218 1354 1259 ad
1383 1217 1564 1260 invicem

138 1306 289 1348 gerunt
316 1293 496 1335 visibilia
534 1305 574 1334 et
602 1292 849 1343 invisibilia,
890 1304 1003 1335 terra
1042 1305 1082 1335 et
1121 1295 1313 1344 coelum,
1351 1295 1491 1336 anima
1526 1307 1566 1336 et

140 1389 254 1422 caro,
284 1388 439 1427 corpus
470 1382 510 1411 et
539 1369 721 1426 spiritus,
754 1382 793 1410 et
815 1386 861 1411 ex
882 1371 1037 1413 horum
1060 1370 1436 1429 conjunctionibus
1459 1389 1563 1413 con-

137 1461 217 1490 stat
245 1448 314 1489 hic
344 1449 557 1489 mundus:
600 1446 657 1488 ita
700 1447 824 1487 etiam
863 1460 1052 1489 sanctam
1092 1449 1347 1504 scripturam
1389 1451 1566 1490 creden-

143 1527 247 1567 dum
280 1536 340 1565 est
372 1541 419 1565 ex
454 1522 685 1565 visibilibus
718 1535 755 1563 et
784 1522 1064 1566 invisibilibus
1105 1536 1318 1567 constare:
1359 1527 1486 1567 veluti
1518 1542 1567 1567 ex

143 1617 329 1657 corpore
360 1601 562 1656 quodam,
593 1600 738 1640 literae
761 1600 930 1651 scilicet,
963 1618 1072 1656 quae
1091 1603 1277 1653 videtum
1295 1601 1394 1657 et3)
1413 1603 1569 1653 anima,

141 1694 286 1720 sensus
320 1678 393 1732 qui
423 1676 531 1717 intra
570 1676 704 1731 ipsam
746 1677 1107 1731 deprehenditur3
1145 1690 1184 1720 et
1201 1678 1246 1732 4)
1286 1678 1458 1735 spiritu,
1501 1696 1567 1722 se-

142 1755 332 1795 cundum
362 1755 419 1804 id,
453 1755 570 1809 quod
603 1753 728 1794 etiam
759 1756 969 1809 quaedam
1005 1755 1051 1796 in
1091 1772 1135 1797 se
1174 1755 1372 1798 coelestia
1413 1768 1566 1807 teneat,

141 1843 189 1872 ut
222 1832 455 1888 Apostolus
488 1830 610 1882 dicit,
651 1832 749 1886 quia
794 1832 1115 1888 ‚‚exemplari⁵)
1148 1844 1188 1874 et
1215 1835 1396 1875 umbrae
1426 1836 1567 1876 deser-

142 1909 259 1950 viunt
290 1907 576 1950 coelestium.“
648 1907 762 1962 Quia
795 1924 893 1960 ergo
927 1909 1031 1949 haec
1059 1908 1115 1950 ita
1147 1926 1190 1951 se
1221 1911 1401 1961 habent,
1444 1911 1568 1954 invo-

145 1997 283 2027 cantes
312 1986 470 2036 Deum,
501 1987 572 2041 qui
598 1985 697 2027 fecit
728 1984 973 2042 Scripturae
1004 1985 1212 2040 animam,
1255 1999 1295 2029 et
1337 2005 1494 2045 corpus
1528 2001 1569 2030 et

145 2061 361 2118 spiritum:
393 2079 550 2118 corpus
580 2063 753 2118 quidem
783 2063 857 2112 iis,
898 2064 969 2119 qui
1009 2077 1104 2105 ante
1133 2082 1212 2106 nos
1242 2066 1436 2115 fuerunt,
1478 2066 1570 2107 ani-

145 2155 260 2180 mam
293 2155 390 2180 vero
422 2140 572 2190 nobis,
602 2140 795 2195 spiritum
827 2152 966 2182 autem
996 2140 1068 2191 iis,
1113 2141 1185 2198 qui
1215 2142 1260 2183 in
1291 2144 1435 2183 futuro
1468 2143 1568 2184 hae-

145 2215 365 2257 reditatem
396 2215 502 2258 vitae
534 2229 728 2259 aeternae
760 2230 1096 2274 consequentur,
1142 2236 1221 2275 per
1264 2236 1390 2275 quam
1420 2237 1570 2275 perve-

146 2292 266 2333 niant
297 2295 351 2335 ad
380 2310 507 2346 regna
540 2295 761 2337 coelestia:
804 2312 893 2337 eam
923 2312 1064 2346 nune,
1103 2313 1231 2352 quam
1264 2296 1442 2339 diximus
1472 2297 1571 2350 legis

149 2368 358 2420 animam,
388 2371 691 2427 requiramus,
732 2384 936 2429 quantum
968 2374 1021 2413 ad
1051 2389 1250 2428 praesens
1280 2373 1448 2415 interim
1477 2391 1574 2431 spe-

269 2515 311 2569 ι>
345 2515 451 2558 Cod.
485 2519 781 2571 Sangerman.:
818 2519 914 2570 „cui
952 2521 1082 2562 laus.“
1140 2519 1259 2561 Libri
1290 2520 1416 2577 (editi
1446 2520 1507 2578 (v.
1538 2538 1575 2569 c.

150 2573 245 2614 edd.
276 2572 384 2627 lss.):
416 2574 561 2631 „cujus
591 2576 720 2617 laus.“
749 2577 801 2618 R.

265 2641 312 2697 ²)
343 2643 468 2686 Rom.
502 2644 535 2695 I,
565 2644 633 2687 20.

266 2711 313 2766 3)
344 2712 453 2754 Edd.
486 2713 681 2756 Merlini:
714 2727 752 2756 et
783 2715 949 2757 animae
979 2732 1121 2759 sensus
1153 2714 1225 2772 qui
1256 2728 1331 2758 etc.

265 2781 313 2835 4)
344 2782 457 2824 Edd.
488 2784 682 2826 Merlini:
715 2801 761 2826 ex
790 2784 951 2842 spiritu.

268 2851 314 2907 ⁵)
347 2849 434 2895 Cfr.
466 2853 596 2896 Hebr.
625 2854 740 2909 VIII,
770 2856 808 2898 5.
