1752 3136
183 84 273 126 200
795 85 1018 129 Omoams

196 206 270 236 aut
298 193 462 252 juravit.
510 195 610 238 Hoc
642 198 767 240 etiam
797 201 1032 242 secundum
1064 199 1281 242 historiam
1311 215 1390 242 nos
1419 200 1626 250 aedificat,

198 283 239 312 et
269 271 406 323 docet,
434 289 491 314 ne
517 290 709 330 unquam
738 276 783 318 in
812 278 995 333 peccatis
1036 277 1206 319 alterius
1245 278 1488 333 polluamus
1519 295 1624 320 con-

196 348 390 391 scientias
420 362 605 401 nostras,
635 368 690 393 ne
721 369 975 396 consensum
1014 354 1126 395 male
1166 353 1384 406 agentibus
1422 355 1626 411 praebea-

195 442 303 467 muS.
364 426 633 470 consensum
667 442 806 472 autem
837 430 949 480 dico,
978 447 1070 472 non
1101 431 1239 472 solum
1258 431 1418 487 pariter
1448 433 1629 485 agendo,

194 503 271 543 sed
302 502 440 554 etiam,
472 520 580 560 quae
609 505 754 549 illicite
784 520 893 560 gesta
923 519 1042 557 sunt,
1073 507 1304 550 reticendo.
1374 507 1446 549 Vis
1488 519 1629 549 autem

196 577 316 630 scire,
348 579 443 635 quia
476 583 744 624 consentiant
775 586 878 626 haec
914 584 1037 625 etiam
1071 585 1331 638 Evangelicis
1360 583 1628 641 praeceptis?

196 653 292 710 Ipse
323 655 536 699 Dominus
568 659 690 700 dicit:
732 659 792 709 „si
813 661 854 714 ¹)
885 658 1037 701 videris
1076 662 1246 703 fratrem
1287 674 1406 702 tuum
1438 677 1631 717 peccare,

197 747 325 783 argue
355 749 452 774 eum
483 734 594 775 inter
625 747 666 776 te
698 748 737 777 et
767 736 907 791 ipsum
945 738 1098 779 solum.
1165 738 1212 780 Si
1253 750 1294 779 te
1331 737 1523 787 audierit,
1561 738 1628 778 lu-

198 821 336 850 cratus
369 826 409 850 es
440 812 615 851 fratrem
648 824 782 853 tuum.
833 812 967 867 Quod
995 812 1029 854 si
1059 824 1099 853 te
1131 830 1221 854 non
1253 813 1444 863 audierit,
1473 813 1632 854 adhibe

195 895 338 926 tecum
370 886 476 927 alios
508 888 630 937 duos,
658 889 846 931 veltres.
919 889 1053 944 Quod
1093 889 1127 930 si
1165 906 1245 930 nee
1283 889 1397 944 ipsos
1437 889 1631 938 audierit,

197 961 266 1002 dic
297 963 507 1005 ecclesiae.
567 965 612 1006 Si
644 982 743 1007 vero
774 983 852 1008 nee
872 965 1090 1008 ecclesiam
1121 965 1314 1015 audierit,
1344 965 1391 1006 fit
1420 964 1497 1006 tibi
1526 964 1631 1007 sicut

195 1038 402 1090 ethnicus,
433 1053 472 1082 et
502 1042 799 1098 publicanus.“
855 1043 944 1085 Sed
975 1044 1259 1098 evangelicum
1279 1054 1554 1099 praeceptum
1584 1042 1631 1085 in

195 1131 247 1156 eo
278 1116 505 1170 perfectius
535 1120 680 1160 datum
712 1132 783 1172 est,
817 1122 935 1176 quod
965 1121 1183 1163 indicandi
1204 1120 1367 1177 peccati
1381 1119 1426 1176 ²)
1451 1121 1632 1162 modum

195 1192 549 1252 disciplinamque
582 1196 810 1239 constituit.
861 1198 962 1240 Non
982 1200 1072 1239 vult
1102 1197 1212 1240 enim
1243 1210 1295 1248 te,
1325 1196 1360 1239 si
1383 1198 1500 1239 :sorte
1528 1214 1632 1253 pec-

195 1282 338 1312 catum
370 1272 520 1314 videris
563 1273 702 1315 fratris
742 1273 825 1324 tui,
864 1275 1070 1317 continuo
1112 1276 1280 1317 evolare
1309 1276 1363 1315 ad
1393 1274 1631 1330 publicum,

197 1357 240 1387 et
268 1348 539 1402 proclamare
569 1350 749 1404 passim,
786 1367 834 1391 ae
865 1352 1081 1405 divulgare
1111 1351 1246 1394 aliena
1270 1351 1469 1408 peccata:
1511 1353 1631 1407 quod

197 1435 301 1465 esset
328 1425 476 1481 utique
505 1442 597 1467 non
629 1427 894 1479 corrigentis,
924 1430 998 1469 sed
1017 1429 1161 1485 potius
1177 1426 1432 1469 infamantis.
1491 1427 1633 1479 Solus,

194 1500 346 1557 inquit,
376 1502 488 1543 inter
514 1515 555 1544 te
586 1514 627 1544 et
658 1503 798 1560 ipsum
839 1506 979 1546 solum
1018 1504 1187 1560 corripe
1221 1520 1330 1545 eum.
1399 1503 1488 1544 Ubi
1518 1503 1631 1545 enim

194 1578 351 1620 servari
385 1579 466 1621 sibi
495 1581 743 1639 mysterium
770 1582 924 1624 viderit
952 1582 1047 1635 ille,
1083 1582 1156 1637 qui
1185 1580 1443 1637 peccaverit,
1462 1579 1508 1637 3)
1545 1597 1633 1622 ser-

194 1654 309 1696 vabit
324 1654 370 1712 ⁴)
410 1668 452 1698 et
489 1658 580 1714 ipse
620 1659 930 1702 emendationis
967 1660 1197 1716 pudorem.
1270 1658 1316 1700 Si
1360 1674 1461 1700 vero
1504 1657 1631 1700 disfa-

194 1733 306 1775 mari
333 1750 378 1776 se
405 1734 568 1785 videat,
609 1734 726 1777 illico
757 1737 811 1777 ad
842 1735 1079 1788 denegandi
1109 1734 1421 1792 impudentiam
1452 1751 1631 1777 conver-

195 1821 328 1851 tetur:
368 1821 412 1850 et
446 1827 537 1852 non
575 1813 717 1854 solum
755 1830 846 1854 non
877 1813 1164 1854 emendaveris
1195 1824 1438 1868 peccatum,
1485 1813 1560 1854 sed
1592 1824 1633 1854 et:

195 1886 489 1942 duplicaveris.
546 1888 676 1931 Disce
707 1906 806 1944 ergo
848 1907 896 1932 ex
925 1889 1162 1943 Evangeliis
1201 1890 1410 1931 ordinem.
1469 1889 1633 1940 Primo,

195 1962 357 2019 inquit,
391 1966 507 2007 solus
544 1966 656 2008 inter
692 1979 734 2009 te
764 1979 805 2009 et
832 1967 986 2024 ipsum.
1052 1967 1254 2009 Secundo
1294 1967 1450 2008 adhibe
1487 1978 1633 2010 tecum

197 2040 304 2083 alios
335 2041 467 2096 duos,
508 2045 574 2085 vel
602 2056 697 2087 tres.
758 2043 906 2099 Quare
945 2045 1055 2086 duos
1099 2045 1164 2085 vel
1204 2043 1316 2085 tres?
1376 2043 1514 2098 ‚‚In⁵)
1557 2060 1634 2085 ore

197 2119 325 2169 enim,
354 2119 505 2176 inquit,
535 2120 747 2170 duorum,
774 2121 841 2162 vel
869 2122 997 2163 trium
1027 2121 1197 2162 testium
1225 2121 1353 2163 stabit
1383 2136 1512 2162 omne
1539 2136 1633 2162 ver-

195 2196 342 2237 bum.“
403 2196 623 2252 Quoniam
655 2198 828 2254 quidem
859 2198 984 2240 tertio
1024 2198 1341 2254 correptionem
1372 2199 1550 2239 mandat
1576 2198 1632 2239 ad

198 2273 418 2314 ecclesiam
450 2274 738 2326 deferendam,
769 2277 960 2318 secundo
990 2275 1081 2317 vult
1111 2276 1244 2329 duos,
1285 2276 1351 2317 vel
1388 2286 1470 2317 tres
1509 2286 1631 2316 testes

197 2350 412 2392 adhiberi:
457 2352 610 2408 quibus
640 2352 933 2409 praesentibus
971 2364 1212 2409 correptus,
1253 2352 1287 2396 si
1329 2352 1558 2394 emendare
1585 2366 1631 2394 se

246 2499 249 2501 “
313 2497 360 2551 ¹)
393 2498 479 2541 Cfr.
510 2499 663 2544 Matth.
694 2501 852 2552 XVIII,
884 2502 949 2544 15.
981 2502 1047 2545 16.
1080 2467 1145 2544 st.

313 2568 360 2624 2)
393 2569 502 2611 Cod.
535 2572 834 2623 Sangerman.:
866 2570 1093 2628 „peccati.“
1122 2569 1241 2612 Libri
1271 2568 1374 2613 editi
1402 2568 1462 2625 (v.
1482 2585 1514 2611 c.
1533 2568 1629 2611 edd.

196 2624 304 2680 M.):
334 2634 625 2680 ‚,peccatum.“
656 2628 705 2671 R.

313 2694 359 2750 ³)
393 2696 500 2738 Cod.
531 2696 829 2751 Sangexman.:
860 2703 1072 2755 ‚,peccat.“

313 2765 359 2822 ⁴²)
388 2767 500 2807 Edd.
531 2765 727 2808 Merlini:
760 2780 800 2809 et
828 2769 918 2824 ipse
947 2765 1126 2813 servabit
1157 2777 1229 2808 etc.

312 2836 358 2892 ⁵)
391 2835 476 2879 Cfr.
505 2835 654 2880 Matth.
685 2837 844 2888 XVIII,
876 2838 939 2883 16.
