1752 3136
505 138 551 167 rx
580 126 830 167 Lssvrrmum
859 123 1060 166 Homnae&
1083 124 1197 166 XVI.
1479 126 1564 169 427

143 241 279 282 modo
321 238 653 295 superaedificet.
732 237 1081 278 Fundamentum
1123 237 1238 278 enim
1276 237 1392 278 aliud
1432 253 1562 279 nemo

143 315 344 372 potest¹)
372 332 535 371 ponere
574 326 743 371 praeter
771 301 838 364 id,
879 315 998 369 quod
1041 314 1228 369 positum
1267 325 1348 365 est,
1394 315 1467 370 qui
1507 326 1568 356 est

146 393 338 434 Christus
368 394 500 435 Jesus.
563 391 609 433 Si
641 391 732 447 quis
763 402 907 432 autem
947 408 1075 446 supra
1113 392 1443 433 fundamentum
1482 393 1566 434 hoe

145 470 338 512 aedificat
368 487 542 519 aurum,
574 479 815 519 argentum,
853 467 1015 524 lapides
1044 468 1273 523 pretiosos,
1313 469 1446 521 ligna,
1476 472 1568 511 foe-

144 565 262 598 num,
291 548 533 604 stipulam.“
581 545 710 586 Vides
743 561 855 597 ergo,
888 545 985 602 quia
1015 557 1137 601 potes
1161 563 1287 600 supra
1311 548 1569 588 fundamen-

142 638 234 667 tum
268 624 423 666 Christi
453 622 676 665 aedificare
705 623 842 675 ligna,
871 626 1072 671 foenum,
1114 624 1340 678 stipulam,
1379 625 1464 665 hoc
1498 636 1569 672 est,

146 718 277 757 opera
305 701 489 757 peccati:
530 717 638 756 quae
675 699 808 754 qui2)
849 700 1065 749 aedificat,
1094 700 1185 741 sine
1217 700 1350 741 dubio
1380 701 1571 742 vendidit

145 780 326 819 domum
357 795 477 820 suam
509 777 661 819 emtori
692 778 908 832 pessimo,
945 777 1134 827 diabolo,
1170 795 1192 818 a
1225 794 1310 832 quo
1343 778 1571 833 unusquis-

146 873 229 912 que
257 856 527 912 peccantium
556 855 720 911 peccati
745 855 989 911 pretium3)
1010 854 1294 910 consequitur,
1319 854 1570 895 satisfactio-

144 951 246 975 nem
278 932 476 974 desiderii
503 931 580 974 sui.
639 933 738 973 Hoc
767 933 801 973 si
831 933 943 974 forte
975 932 1202 973 incurrerit
1239 931 1410 986 aliquis,
1451 933 1570 987 quod

146 1010 272 1061 absit,
314 1011 398 1052 cito
432 1009 634 1059 redimat,
674 1009 755 1050 cito
787 1021 974 1064 reparet,
1015 1011 1118 1050 dum
1148 1020 1315 1063 tempus
1356 1020 1416 1049 est
1444 1025 1572 1063 repa-

144 1088 283 1138 randi,
315 1089 418 1129 dum
447 1087 734 1143 poenitentiae
771 1088 891 1127 locus
934 1098 1010 1135 est,
1058 1088 1333 1141 deprecantes
1373 1085 1416 1126 in
1453 1103 1573 1126 com-

146 1182 290 1215 mune,
319 1181 376 1205 ne
406 1175 602 1205 aeternae
633 1164 788 1205 domus
818 1162 1080 1203 habitatione
1110 1164 1372 1214 fraudemur,
1403 1164 1477 1203 sed
1509 1163 1573 1203 di-

146 1243 217 1295 gni
247 1244 483 1283 habeamur
518 1239 652 1296 recipi
695 1239 740 1280 in
782 1253 953 1282 aeterna
993 1242 1290 1291 tabernacula,
1332 1257 1410 1296 per
1448 1240 1576 1280 Chri-

146 1332 258 1363 stum
289 1319 532 1361 Dominum
562 1330 782 1369 nostrum,
830 1318 897 1359 cui
943 1330 1004 1359 est
1045 1319 1179 1370 gloria
1212 1331 1251 1360 et
1268 1319 1313 1375 4>
1342 1319 1573 1375 imperium

149 1399 195 1440 in
226 1395 396 1440 saecula
425 1397 710 1437 saeculorum.
769 1395 934 1437 Amen!

493 1731 621 1779 ΗΟ
659 1729 988 1791 MILIA
1068 1732 1232 1782 XVI.

388 1854 468 1895 De
521 1853 1026 1897 benedictionibus
1077 1856 1328 1898 Levitici.

267 1969 306 2010 1.
336 1967 385 2008 In
416 1968 622 2021 agonibus
654 1969 952 2024 corporalibus
984 1971 1136 2021 gradus
1167 1969 1341 2025 quidam
1384 1980 1423 2009 et
1454 1968 1576 2010 disse-

156 2045 316 2088 rentiae
345 2045 608 2097 singulorum
647 2062 920 2102 quorumque
955 2047 1170 2088 observari
1202 2045 1401 2087 ordinum
1427 2051 1579 2095 soient,

154 2135 203 2164 ut
232 2139 313 2180 pro
346 2122 545 2179 qualitate
576 2123 866 2173 certaminum,
895 2124 1088 2179 praemio
1120 2135 1417 2165 remuneretur
1446 2141 1579 2165 unus-

156 2203 333 2257 quisque
363 2200 579 2242 victoriae.
632 2201 765 2242 Verbi
795 2203 943 2254 gratia,
986 2201 1020 2243 si
1057 2202 1168 2243 inter
1196 2218 1353 2258 pueros
1385 2201 1476 2256 quis
1504 2202 1580 2241 ha-

155 2280 257 2320 beat
286 2295 489 2331 agonem,
536 2277 569 2319 si
610 2277 719 2319 inter
749 2278 941 2336 juvenes,
982 2281 1015 2322 si
1044 2279 1154 2321 inter
1182 2279 1317 2328 viros,
1366 2295 1474 2334 quae
1503 2294 1580 2333 per

155 2356 341 2409 singulos
373 2356 543 2397 ordines
575 2357 812 2398 observatio
829 2356 978 2399 haberi
1003 2359 1166 2408 debeat,
1199 2357 1301 2413 quid
1324 2357 1416 2398 fieri
1445 2355 1579 2405 liceat,

160 2434 316 2490 quidve
353 2451 445 2476 non
482 2433 628 2485 liceat,
669 2447 709 2476 et
746 2451 856 2491 quae
896 2435 1136 2478 certaminis
1174 2436 1317 2489 regula
1358 2433 1580 2483 custodiri,

278 2561 322 2616 ¹)
350 2561 464 2602 Edd.
495 2558 687 2602 Merlini:
718 2578 882 2617 ponere
910 2574 1061 2619 potest.

274 2630 321 2686 ²)
354 2632 482 2673 Deest
509 2632 635 2687 „qui“
664 2632 709 2673 in
740 2634 804 2674 ed.
836 2633 886 2674 R.

277 2701 324 2756 ³)
358 2701 458 2743 Mss.
503 2703 765 2758 ‚,pretium.“
851 2703 969 2745 Libri
1020 2703 1120 2746 editi
1159 2705 1217 2761 (e.
1261 2721 1294 2746 c.
1340 2703 1435 2744 edd,
1473 2698 1579 2756 M.):

160 2757 466 2813 ‚,pracmium.“
496 2759 548 2800 R.

277 2827 323 2880 ¹²)
356 2828 523 2870 Desunt
553 2831 680 2872 verba
711 2842 777 2881 „et
806 2830 1061 2887 imperium“
1092 2831 1135 2874 in
1166 2832 1284 2875 libris
1317 2830 1437 2872 editis
1467 2828 1525 2882 (e.
1548 2845 1582 2868 C·

163 2886 257 2926 edd.
288 2883 388 2940 M),
417 2887 491 2928 sed
519 2888 774 2944 supplentur
804 2905 827 2931 e
856 2891 962 2932 Msc.
993 2890 1103 2933 Cod.
1135 2886 1501 2945 Sangermaucnsi.
1531 2885 1584 2928 R.
