1752 3136
489 164 535 193 m
563 151 762 192 Exonum
792 147 993 190 Honmm
1013 147 1109 190 XII.
1424 150 1505 194 147

93 277 238 320 gnata:
269 278 315 307 ut
345 265 378 307 si
409 265 532 305 detur
559 261 604 302 in
633 274 782 300 manus
812 258 998 300 hominis
1034 257 1257 301 nescientis
1285 258 1424 302 literas
1452 263 1504 303 li-

91 344 169 384 ber
198 343 411 395 legendus,
442 339 564 386 dicat,
596 336 695 392 quia
724 334 869 376 nescio
900 335 1063 376 literas:
1101 336 1134 378 si
1176 336 1300 378 detur
1337 336 1384 378 in
1413 354 1506 379 ma-

91 436 170 460 nus
200 416 381 464 hominis
410 413 574 457 scientis
602 412 756 462 literas,
789 411 911 461 dicat,
937 411 1034 467 quia
1054 412 1236 465 signatus
1257 425 1327 456 est.
1376 401 1508 456 Und'e

93 493 339 540 ostenditur,
367 508 456 532 non
491 490 630 532 solum
659 487 845 530 studium
872 488 998 530 nobis
1021 490 1314 532 adhibendum
1338 507 1421 533 esse
1453 492 1508 533 ad

93 570 308 612 discendas
337 569 474 608 literas
503 581 661 615 sacras,
692 580 839 606 verum
872 576 911 605 et
938 564 1268 621 supplicandnm
1298 567 1511 618 Domino,

91 658 130 686 et
159 645 304 686 diebus
335 660 384 684 ac
419 642 616 685 noctibus
648 642 985 690 obsecrandum,
1026 653 1074 683 ut
1113 642 1251 685 veniat
1291 660 1420 696 agnus
1459 661 1508 685 ex

89 721 204 762 tribu
242 721 376 770 Juda,
417 731 457 761 et
494 719 585 775 ipse
624 717 834 774 accipiens
875 718 1034 759 librum
1065 718 1274 771 signatum
1314 720 1509 773 dIgnetur

89 797 264 853 aperire.
321 797 417 852 Ipse
447 807 507 837 est
536 796 663 845 enim,
695 793 767 850 qui
798 794 1038 848 Scripturas
1064 796 1326 851 adaperiens,
1356 813 1509 839 accen-

91 874 153 916 dit
183 875 312 915 corda
344 874 664 929 discipulorum,
694 871 752 913 ita
781 882 828 912 ut
860 871 1020 912 dicant:
1061 873 1293 928 ‚‚nonne¹)
1324 890 1400 914 cor
1427 890 1508 914 no-

91 963 224 994 strum
257 962 344 992 erat
374 952 526 991 ardens
554 949 666 990 intra
695 965 789 1000 nos,
822 965 918 988 eum
949 949 1131 1004 aperiret
1160 950 1286 991 nobis
1318 949 1510 1007 Scriptu-

88 1043 156 1069 ras
170 1027 218 1069 ?“
274 1028 368 1083 lpse
398 1043 496 1079 ergo
529 1025 654 1067 etiam
684 1040 799 1065 nunc
829 1025 955 1065 nobis
982 1026 1148 1080 aperire
1170 1026 1378 1078 dignetur,
1408 1025 1513 1082 quid

91 1115 172 1155 est,
207 1106 323 1160 quod
354 1104 567 1159 Apostolo
606 1118 683 1144 suo
722 1100 962 1157 inspiravit,
1007 1113 1054 1142 ut
1094 1101 1276 1143 diceret:
1325 1104 1510 1155 „Domi-

88 1197 167 1221 nus
186 1180 232 1236 2)
262 1191 400 1221 autern
431 1179 601 1236 spiritus
633 1189 712 1230 est;
742 1179 816 1219 ubi
848 1190 987 1219 autem
1017 1179 1187 1234 spiritus
1217 1179 1424 1230 Domini,
1451 1181 1514 1224 ibi

87 1257 299 1299 libertas.“
355 1256 448 1309 Ego
482 1255 668 1313 quidem,
699 1267 906 1311 quantum
936 1272 1017 1311 pro
1041 1256 1244 1311 parvitate
1273 1256 1514 1310 intelligen-

87 1333 169 1375 tiae
198 1350 318 1375 meae
345 1332 500 1376 sentire
528 1349 725 1388 possum,
764 1344 893 1387 puto,
932 1333 1050 1387 quod
1087 1334 1280 1376 Verbum
1311 1334 1394 1377 Dei
1430 1353 1512 1392 pro

90 1428 165 1463 eo,
206 1412 323 1466 quod
366 1408 632 1451 auditoribus
661 1409 852 1459 interest,
890 1432 946 1439 —-
983 1421 1029 1450 ut
1058 1426 1184 1466 saepe
1212 1410 1299 1468 jam
1333 1412 1514 1455 dlximus

88 1511 166 1537 —,
204 1504 322 1528 nunc
350 1487 435 1537 via,
472 1502 588 1527 nunc
616 1487 788 1535 veritas,
827 1502 943 1526 nunc
974 1485 1080 1536 vita,
1117 1504 1234 1529 nunc
1264 1491 1515 1532 resurrectio

88 1564 358 1613 nominatur,
398 1579 515 1604 nunc
557 1561 682 1603 etiam
713 1578 836 1611 caro,
875 1579 989 1602 nune
1018 1578 1118 1604 vero
1149 1564 1317 1619 spiritus
1348 1566 1516 1609 dicitur.

92 1638 294 1693 Quamvis
326 1638 437 1679 enim
468 1654 564 1679 vere
595 1655 642 1679 ex
671 1638 830 1691 virgine
857 1638 1133 1680 substantiam
1174 1642 1309 1683 carnis
1339 1659 1515 1699 accepe-

86 1714 152 1764 rit,
182 1714 227 1755 in
257 1731 339 1770 qua
370 1727 409 1756 et
437 1731 607 1756 crucem
636 1715 832 1771 pertulit,
862 1727 902 1756 et
931 1716 1288 1758 resurrectionem
1317 1718 1515 1762 initiavit:

89 1803 234 1833 tamen
264 1803 322 1833 est
351 1791 427 1832 ubi
457 1792 692 1848 Apostolus
724 1791 846 1833 dicit:
877 1792 982 1842 „etsi
997 1791 1040 1848 3)
1082 1795 1358 1846 cognovimus
1391 1795 1516 1837 Chri-

91 1879 202 1910 stum
233 1869 469 1910 secundum
516 1885 712 1919 carnem,
759 1870 834 1910 sed
873 1886 989 1911 nunc
1028 1869 1113 1926 jam
1151 1887 1242 1911 non
1280 1871 1518 1915 novimus.“

92 1944 204 1999 Quia
235 1962 333 1998 ergo
366 1957 406 1986 et
434 1962 549 1987 nunc
578 1962 718 1988 sermo
750 1943 838 2002 ejus
870 1947 924 1987 ad
952 1946 1220 1989 subtiliorem
1251 1959 1292 1989 et
1320 1948 1519 2003 spiritua-

90 2024 176 2064 lem
204 2022 525 2074 intelligentiam
565 2034 774 2078 provocat
813 2011 1048 2073 auditores,
1097 2036 1136 2066 et
1173 2025 1262 2066 vult
1305 2042 1376 2067 eos
1412 2026 1520 2069 nihil

94 2101 263 2141 carnale
291 2099 336 2141 in
365 2101 457 2152 lege
486 2099 712 2153 sentire,4)
744 2099 921 2142 dicitur:
966 2100 1054 2155 Qui
1094 2103 1181 2143 vult
1220 2103 1377 2144 auFerri
1406 2103 1520 2145 vela-

91 2194 193 2218 men
224 2178 277 2218 de
308 2179 438 2219 corde
467 2194 560 2226 suo,
586 2188 858 2218 convertatur
888 2178 943 2218 ad
973 2177 1236 2220 Dominum:
1275 2196 1367 2221 non
1402 2181 1521 2236 quasi

93 2255 148 2296 ad
179 2270 350 2295 carnem
380 2253 638 2304 Dominum,
668 2266 726 2296 est
756 2253 869 2295 enim
901 2265 941 2296 et
970 2255 1076 2305 hoc,
1106 2253 1205 2311 quia
1240 2256 1459 2306 „Verbum
1476 2257 1522 2313 ⁵)

95 2347 195 2372 caro
227 2332 382 2372 factum
415 2334 522 2373 est:“
562 2331 636 2371 sed
679 2330 795 2386 quasi
835 2333 889 2373 ad
927 2332 1120 2388 spiritum
1152 2332 1406 2375 Dominum.
1475 2334 1523 2376 Si

98 2405 209 2447 enim
242 2406 361 2462 quasi
393 2408 447 2447 ad
476 2406 669 2463 spiritum
700 2407 942 2449 Dominum
973 2420 1260 2459 convertatur,
1288 2411 1342 2452 de
1372 2427 1522 2454 carna-

95 2482 206 2525 libus
237 2485 291 2524 ad
319 2482 553 2540 spiritualia
584 2483 742 2536 veniet,
783 2496 823 2526 et
861 2486 915 2527 ad
955 2485 1193 2528 libertatem
1233 2487 1287 2528 de
1323 2488 1522 2531 servitute

216 2677 260 2732 ¹)
289 2677 390 2719 Luc.
420 2678 582 2730 XXIV,
610 2680 677 2723 32.
796 2681 842 2737 ²)
873 2681 913 2722 ΙΙ
943 2681 1044 2724 Cor.
1074 2681 1148 2736 III,
1179 2683 1244 2726 17.

212 2745 259 2802 3)
291 2746 329 2786 II
362 2746 462 2788 Cor.
492 2749 546 2799 V,
576 2749 640 2793 16.

212 2816 259 2871 ⁴²)
289 2816 400 2858 Edd.
429 2815 626 2862 Merlini:
655 2820 821 2874 sentire,
854 2820 955 2865 dicit
984 2831 1029 2862 ut
1060 2820 1131 2877 qui
1160 2823 1250 2867 vult
1279 2835 1354 2867 etc.

162 2921 169 2923 ,
217 2885 262 2941 ⁵)
292 2885 367 2928 Ev.
397 2887 553 2930 Joann.
585 2889 618 2942 I,
647 2889 712 2934 14.

1080 2969 1172 3013 10*
