1752 3136
245 119 330 163 160
839 115 1062 159 Omcssms

241 235 364 292 ‚,si¹)
396 235 563 277 duobus
594 232 658 272 vel
687 229 822 271 tribus
855 229 898 270 in
927 229 1046 271 vobis
1086 228 1353 279 convenerit,
1393 246 1440 271 ex
1479 247 1667 287 quacun·

244 331 327 371 que
357 330 402 354 re
429 310 651 368 petieritis,
695 310 767 350 fiet
808 305 975 354 v‹›bis,“
1020 305 1122 347 dicit
1161 307 1389 349 Dominus.
1467 309 1669 352 offerunt

243 408 340 444 ergo
373 408 394 431 a
424 387 672 430 mulieribus
701 386 784 426 suis
815 382 994 423 inaures.
1054 383 1193 431 Vides,
1224 386 1446 439 quomodo
1471 386 1667 428 Domino

243 471 423 511 offertur
462 465 639 506 auditus.
717 462 802 504 Sed
845 473 883 501 ct
923 461 1122 501 dextralia
1164 461 1358 504 Domino
1406 463 1671 521 offeruntur3

243 563 374 603 opera
407 547 562 593 dextra,
592 552 633 582 et
664 555 791 594 opera
825 539 961 585 bona,
1004 553 1110 592 quae
1141 555 1218 595 per
1254 556 1425 580 carnem
1454 552 1670 593 geruntur.

240 623 358 664 Haec
389 621 581 663 Domino
615 619 770 659 ossei-at
799 614 1064 655 rationabilis
1094 632 1249 658 sensus.
1324 617 1409 658 Sed
1449 629 1488 658 et
1522 617 1669 659 discri-

240 699 412 743 minalia
454 700 705 739 offeruntur.
781 690 921 732 Ossert
969 692 1287 746 discriminalia,
1334 694 1406 750 qui
1445 689 1555 735 bene
1594 694 1669 735 scit

241 779 501 823 discernere,
544 772 646 827 quid
679 769 888 821 agendum
917 766 988 817 sit,
1022 769 1125 822 quid
1154 770 1397 821 vitandum,
1434 771 1536 827 quid
1568 772 1666 811 Deo

240 857 418 912 placcat,
448 849 602 906 quidve
634 846 870 901 displiceat,
899 842 1002 898 quid
1032 843 1188 899 justum
1217 846 1288 896 sit,
1319 848 1420 903 quid
1450 848 1667 905 injustum.

241 933 322 972 Ista
362 939 461 970 sunt
501 922 824 970 discriminalia,
868 937 977 977 quae
1016 921 1210 962 Domino
1251 925 1505 966 offeruntur.
1574 924 1668 966 Hae

244 1024 341 1061 ergo
373 1006 569 1047 mulieres
601 1001 768 1043 inaures
801 998 993 1039 Domino
1026 999 1226 1048 offerunt,
1262 1001 1361 1056 quia
1389 1013 1487 1044 sunt
1516 1002 1669 1043 mulie·

242 1103 307 1129 res
337 1083 557 1140 sapientes.
617 1079 839 1119 Venerunt
870 1075 1006 1125 enim,
1038 1075 1188 1131 inquit,
1219 1079 1415 1121 mulieres
1445 1079 1667 1135 sapientes,

243 1175 284 1205 et
321 1164 513 1203 fecerunt
554 1169 834 1212 quaecunque
880 1152 1114 1194 necessaria
1156 1166 1275 1194 erant
1315 1157 1367 1197 ad
1416 1155 1668 1198 indumenta

240 1238 466 1297 pontificis.
525 1234 627 1275 Illae
654 1247 753 1273 vero
785 1229 1009 1279 mulieres,
1041 1246 1148 1285 quae
1177 1231 1342 1274 inaures
1373 1250 1466 1275 suas
1499 1234 1667 1275 obtule-

242 1329 361 1366 runt,
403 1326 450 1356 ut
482 1313 600 1354 fieret
637 1308 816 1356 vitulus,
851 1306 1094 1362 insipientes
1126 1320 1265 1359 erant,
1307 1326 1414 1364 quae
1444 1327 1466 1350 a
1497 1310 1667 1352 veritate

243 1394 416 1452 quidem
448 1398 684 1431 averterunt
713 1384 917 1432 auditum,
947 1388 999 1427 ad
1032 1385 1195 1426 fabulas
1225 1398 1366 1427 autem
1386 1388 1668 1442 impietatem-

242 1488 325 1529 que
353 1487 396 1511 se
426 1473 747 1512 converterunt,
789 1472 829 1502 et
856 1461 954 1501 ideo
989 1462 1237 1503 obtulerunt
1265 1463 1432 1506 inaures
1461 1480 1580 1517 suas,
1619 1476 1667 1506 ut

239 1550 362 1590 fieret
393 1554 520 1601 caput
543 1540 673 1583 vituli.
733 1539 819 1580 Sed
851 1550 890 1579 et
917 1537 961 1578 in
990 1539 1195 1580 Judicum
1235 1540 1410 1595 libr02)
1451 1541 1567 1583 aliud
1595 1541 1664 1583 ni-

239 1624 475 1665 hilominus
503 1619 670 1661 idolum
714 1615 952 1658 invenimus
993 1633 1039 1657 ex
1070 1616 1297 1658 mulierum
1338 1617 1559 1661 inauribus
1598 1620 1665 1661 fa-

242 1714 371 1744 ctum,
431 1699 538 1740 Istae
569 1709 667 1745 ergo
697 1694 845 1733 beatae
874 1693 1093 1742 mulieres,
1133 1694 1257 1734 beata
1287 1694 1363 1754 ista
1393 1712 1514 1746 caro,
1556 1712 1665 1752 quae

240 1775 435 1819 Domino
468 1774 595 1815 offert
623 1770 791 1811 inaures
820 1786 936 1818 suas,
979 1781 1018 1810 et
1048 1770 1247 1811 dextralia
1277 1787 1373 1822 sua,
1413 1783 1454 1813 et
1484 1774 1664 1814 annulos

241 1870 353 1904 suos,
386 1863 425 1893 et
456 1848 600 1891 omnia
630 1863 761 1904 opera
790 1862 996 1887 manuum
1026 1864 1212 1897 suarum,
1243 1863 1350 1903 quae
1379 1847 1424 1889 in
1453 1850 1664 1892 mandatis

238 1929 423 1972 Domini
453 1928 544 1980 agit.

352 2008 390 2051 6.
423 2004 608 2047 Additur
645 2014 743 2060 post
782 2002 908 2050 haec,
958 2000 1056 2056 quia
1096 2012 1135 2042 et
1176 2002 1292 2057 apud
1331 2019 1456 2058 quem
1494 2004 1664 2046 inventa

239 2096 336 2129 sunt
363 2084 476 2137 ligna
505 2080 795 2138 imputribilia,
826 2078 980 2119 obtulit
1009 2078 1119 2120 Deo.
1180 2078 1226 2120 Si
1257 2079 1349 2134 quis
1381 2080 1515 2132 diligit
1539 2080 1664 2122 Chri-

240 2176 349 2205 stum
365 2163 410 2219 3)
451 2160 713 2208 Dominum,
753 2157 915 2209 lignum
955 2155 1218 2211 imputribile
1258 2155 1299 2196 in
1339 2155 1663 2214 incorruptione

242 2242 369 2283 offert
397 2238 606 2280 Domino.
665 2235 821 2277 Beatus
853 2249 975 2286 ergO,
1014 2234 1127 2288 apud
1169 2250 1294 2289 quem
1324 2233 1558 2285 invenitur,
1596 2237 1663 2277 vel

238 2335 379 2361 sensus
409 2316 696 2371 incorruptus,
725 2313 791 2354 vel
822 2327 975 2366 corpus
1004 2310 1318 2366 incorruptum,
1350 2322 1390 2352 et
1421 2312 1504 2353 hoc
1536 2314 1664 2354 offert

181 2396 184 2405 ²
238 2397 350 2437 Deo.
407 2394 537 2435 Unde
569 2403 609 2434 et
637 2393 748 2432 bene
777 2388 898 2429 valde
929 2385 1049 2427 dixit:
1092 2387 1293 2444 ‚,apud⁴)
1335 2404 1461 2443 quem
1490 2388 1661 2432 inventa

238 2484 335 2514 sunt
371 2471 483 2524 ligna
520 2465 842 2525 imputribilia.“
910 2466 1012 2508 Non
1051 2464 1161 2504 enim
1200 2465 1316 2519 apud
1357 2481 1505 2506 omnes
1542 2465 1658 2507 inve-

355 2597 399 2651 ¹)
432 2597 518 2637 Cfr.
548 2595 699 2636 Matth.
729 2591 889 2642 XVIII,
919 2590 985 2634 19.

354 2666 402 2721 ²)
433 2665 523 2707 Cfr.
553 2666 691 2706 Judic.
723 2680 813 2719 cap.
842 2661 1002 2703 XVIII.

353 2736 400 2793 3)
430 2736 542 2776 Edd.
564 2733 754 2775 Merlini:
778 2731 993 2773 Christum
1011 2731 1236 2776 dominum
1253 2730 1298 2774 in
1320 2730 1656 2789 incorruptione,

235 2796 397 2849 lignum
427 2791 692 2847 imputribile
722 2789 851 2831 offert
881 2799 958 2829 etc.

354 2862 400 2919 ⁴)
432 2861 519 2905 Cfr.
549 2860 685 2903 Exod.
715 2857 898 2912 XXXV,
926 2859 993 2903 24.
