1752 3136
246 153 331 198 258
846 142 1067 188 Omo'ssms

245 281 387 308 mores
415 265 554 304 bonos
586 258 803 315 colloquia
832 259 943 301 mala
956 258 1004 301 ?“
1061 259 1138 302 Et:
1166 258 1473 314 „Cretenses¹)
1501 274 1667 315 semper

247 345 486 390 mendaces,
516 338 653 379 malac
682 336 852 388 bestiae,
883 349 1045 379 ventres
1062 337 1169 393 pigri
1182 336 1228 378 ?“
1261 349 1301 378 ct
1341 335 1422 378 alia
1457 335 1520 376 his
1551 334 1666 377 simi-

247 421 303 462 lia
334 437 382 461 ex
414 420 626 459 fermento
657 427 794 458 sumta
826 414 1106 457 Graecorum.

358 498 397 541 8.
430 495 564 551 Quod
602 505 743 537 autem
782 491 904 535 dicit:
952 494 1057 543 „sub
1073 492 1118 548 ²)
1160 491 1228 534 die
1273 496 1543 546 comedetur,
1589 513 1669 540 nec

248 575 567 630 derelinquetur
595 572 649 613 ab
682 587 733 612 co
764 586 898 625 usque
927 570 970 610 in
993 585 1140 611 mane:
1173 572 1443 615 conseramus
1473 589 1571 614 cum
1602 591 1669 615 ce-

246 654 344 696 teris
373 649 609 701 sacrificiis,
642 659 680 688 et
710 646 947 696 vileamus,
979 662 1088 701 quae
1119 645 1170 688 sit
1200 647 1329 699 ratio,
1362 651 1481 705 quod
1510 649 1554 691 in
1587 650 1670 691 hoc

246 731 419 788 quidem
458 725 665 769 sacrificio
711 723 906 772 salutari,
950 723 1100 763 eadem
1131 722 1225 774 die,
1267 741 1374 780 quae
1417 728 1671 776 offeruntur,

245 805 463 865 praecepit
492 801 780 843 comedenda:
811 800 854 840 in
888 798 971 840 alio
1004 814 1103 839 vero
1131 801 1355 850 sacrificio,
1387 804 1509 845 etiam
1532 803 1575 844 in
1606 820 1670 845 se-

247 886 431 926 cundam
463 879 577 921 diem
606 876 762 919 servari
790 876 1006 926 indulget,
1050 887 1090 917 et
1120 892 1253 931 usque
1282 878 1326 918 in
1357 882 1546 933 tertiam,
1588 893 1670 922 ter-

247 962 303 1003 tia
332 976 432 1002 vero
463 956 549 1014 jam
584 954 653 996 die
682 953 770 1006 igni
799 953 935 1002 tradi,
979 969 1088 1008 quae
1126 954 1438 1009 superfuerint,
1481 973 1536 997 ne
1574 959 1670 1012 pol-

244 1042 366 1082 luant
397 1037 664 1078 offerentem.
733 1030 853 1085 Quid
884 1045 983 1081 ergo
1015 1031 1171 1072 habeat
1199 1031 1276 1075 ista
1307 1031 1571 1086 differentia,
1610 1034 1670 1074 vi-

245 1118 434 1159 deamus.
482 1111 570 1154 Sed
599 1125 696 1151 vere
725 1107 962 1159 indigemus
993 1107 1147 1150 auxilio
1169 1108 1266 1158 Dei,
1296 1109 1369 1166 qui
1401 1126 1549 1152 omnes
1579 1110 1670 1153 adi-

245 1209 320 1250 pes
351 1199 621 1241 contegentes
658 1184 863 1228 interiora
904 1196 1052 1227 nostra
1095 1185 1291 1238 dignetur
1319 1188 1592 1239 abscindere,
1631 1200 1671 1230 et

247 1285 378 1313 omne
408 1264 622 1309 crassioris
659 1280 803 1306 sensus
840 1262 1035 1303 velamen
1064 1263 1256 1312 auferre,
1293 1275 1341 1304 ut
1384 1264 1488 1306 haec
1518 1282 1671 1307 secun-

246 1350 350 1390 dum
380 1345 440 1395 id,
469 1342 591 1399 quod
619 1357 642 1382 a
663 1339 761 1381 Deo
787 1338 983 1379 mandari
1013 1338 1180 1389 dicitur,
1208 1340 1418 1396 possimus
1442 1344 1670 1384 advertere.

247 1425 531 1467 Conferamus
560 1418 687 1471 igitur
714 1417 851 1472 ipsam
875 1415 954 1456 sibi
976 1415 1230 1472 scripturam
1253 1417 1452 1468 divinam,
1482 1431 1522 1460 et
1541 1437 1668 1475 quam

247 1499 463 1558 aperuerit
479 1495 607 1538 nobis
626 1492 905 1537 absolutionis
928 1492 1117 1534 semitam
1141 1494 1464 1549 subsequamur.
1504 1494 1670 1537 Inveni-

244 1596 341 1621 mus
373 1576 486 1618 enim
518 1575 571 1615 de
600 1571 809 1615 sacrificio
840 1570 1051 1619 Paschae,
1091 1570 1209 1626 quod
1238 1569 1283 1610 in
1313 1587 1486 1628 vespera
1514 1571 1672 1614 immo-

244 1656 324 1700 lari
354 1655 549 1714 jubetur,
581 1650 674 1693 dari
701 1649 955 1692 mandatum
983 1646 1197 1700 similiter,
1238 1659 1287 1689 ut
1315 1649 1423 1691 nihil
1451 1661 1670 1691 remancat

248 1754 298 1779 ex
329 1732 526 1776 carnibus
555 1743 691 1784 usque
720 1727 764 1769 in
795 1740 933 1766 mane.
990 1725 1091 1766 Non
1123 1736 1184 1766 est
1206 1725 1289 1766 hoc
1320 1725 1519 1775 otiosum,
1549 1728 1669 1783 quod

246 1816 462 1855 hesternas
494 1822 640 1849 carnes
686 1803 796 1846 vesci
838 1818 930 1843 non
969 1801 1057 1842 vult
1085 1817 1164 1845 nos
1194 1818 1333 1844 sermo
1366 1802 1556 1853 divinus,
1593 1805 1670 1847 sed

244 1900 434 1933 recentes
463 1900 633 1941 semper
669 1893 708 1924 et
740 1877 946 1933 novas,³)
973 1894 1044 1921 eos
1069 1879 1268 1930 maxime,
1311 1878 1384 1936 qui
1411 1880 1667 1922 sacrificium

243 1967 444 2015 Paschae,
476 1963 542 2004 vel
569 1959 825 2004 sacrificium
853 1956 991 1998 laudis
1021 1956 1250 1998 immolant
1265 1956 1376 2007 Deo,
1405 1974 1536 1999 novas
1565 1975 1666 2000 vero

247 2060 407 2093 carnes,
437 2052 477 2083 et
505 2049 694 2080 recentes
724 2034 854 2092 ipsius
884 2032 968 2098 diei
999 2034 1125 2075 edere
1154 2031 1288 2091 jubet,
1318 2034 1532 2076 hesternas
1561 2051 1668 2090 pro-

240 2123 372 2164 hibet.
430 2116 695 2160 Recordatus
724 2130 819 2156 sum
845 2111 981 2154 simile
1010 2109 1171 2166 aliquid
1201 2122 1242 2151 et
1269 2110 1530 2167 prophetam
1559 2110 1666 2152 Eze-

242 2198 421 2241 chielem
453 2194 616 2245 dicere,
650 2209 748 2234 cum
778 2190 817 2232 ei
844 2189 1060 2231 Dominus
1090 2188 1391 2244 praecepisset,
1430 2199 1477 2229 ut
1506 2204 1667 2244 coque-

241 2289 307 2319 ret
336 2276 416 2318 sibi
445 2288 576 2331 panes
604 2269 649 2312 in
678 2280 864 2311 stercore
892 2266 1096 2308 humano.
1155 2265 1396 2322 Respondit
1427 2264 1540 2306 enim
1568 2265 1664 2306 Do-

241 2355 362 2397 mino
395 2364 436 2394 et
469 2350 593 2393 dixit:
625 2364 676 2399 „o
694 2346 740 2403 ⁴)
771 2343 976 2395 Domine,
1014 2360 1238 2400 nunquam
1278 2342 1568 2385 contaminata
1607 2353 1668 2383 est

241 2431 382 2472 anima
413 2444 522 2478 mea,
552 2437 592 2468 et
621 2420 898 2466 morticinum
929 2432 1000 2463 aut
1041 2421 1314 2464 immundum
1351 2436 1443 2462 non
1472 2418 1663 2462 introivit

360 2581 404 2636 ¹)
435 2580 518 2623 Tit.
549 2579 582 2631 I,
613 2579 679 2621 12.
948 2590 954 2598 ¹

356 2652 403 2706 2)
435 2650 524 2692 Cfr.
553 2649 680 2691 Levit.
710 2645 816 2696 VII,
854 2645 920 2688 15.
963 2668 1015 2676 —
1046 2642 1158 2684 Edd.
1187 2641 1249 2683 Μ.
1283 2653 1322 2683 et
1352 2642 1402 2685 R.
1432 2643 1516 2684 hoc
1546 2642 1659 2692 loco,

239 2713 313 2754 cfr.
344 2723 436 2766 pag.
470 2707 566 2750 255.
596 2716 684 2747 not.
715 2706 754 2746 5.
786 2703 866 2754 „ab
898 2718 948 2742 eo
980 2716 1114 2757 usque
1142 2699 1187 2740 in
1215 2704 1384 2740 mane.“

263 2837 272 2845 -
353 2778 400 2834 ³)
429 2778 541 2819 Edd.
581 2773 758 2817 Merlini
797 2788 1042 2829 perperam:
1089 2787 1229 2812 novas.
1297 2770 1386 2812 Eos
1427 2785 1528 2811 vero
1568 2783 1658 2811 ma=

236 2853 346 2879 xime
376 2846 451 2876 etc.

351 2905 398 2961 ⁴)
430 2902 518 2946 Cfr.
549 2900 703 2944 Ezech.
735 2899 808 2949 IV,
839 2898 903 2941 14.
