1752 3136
261 112 319 156 60
464 134 476 140 -
866 112 1087 155 Omcssms

261 223 336 280 qui
364 224 406 265 in
439 240 564 266 carne
593 224 681 265 nati
713 237 822 275 sunt,
852 226 1083 278 figuraliter
1114 226 1209 281 equi
1250 237 1358 266 sunt.
1418 224 1503 265 Sed
1535 225 1579 268 lai
1610 226 1682 265 ha-

261 303 367 343 bent
393 303 663 344 adscensores
695 319 805 344 suos.
854 303 964 344 Sunt
995 303 1104 359 equi,
1137 317 1244 359 quos
1265 301 1478 343 Dominus
1511 304 1684 343 adscen-

262 379 347 430 dit,
387 391 426 420 ct
466 380 730 420 circumeunt
772 397 945 420 omnem
985 392 1163 421 terram:
1217 381 1269 421 de
1309 380 1460 435 quibus
1505 379 1681 420 dicitur:

259 467 330 507 „et
345 455 388 510 ¹)
407 457 614 511 equitatus
642 468 738 497 tuus
760 458 911 498 salus.“
950 459 1058 499 Sunt
1078 470 1216 498 autem
1237 458 1346 513 equi,
1367 457 1437 512 qui
1457 458 1681 497 adscenso-

259 532 386 587 rcs2)
407 533 564 574 habent
588 534 820 584 diabolum,
853 546 893 576 et
915 536 1085 587 angelos
1118 533 1218 591 ejus.
1265 535 1399 576 Judas
1431 551 1562 590 equus
1583 544 1684 582 erat,

260 611 334 650 sed
365 611 503 651 donec
537 612 997 653 adscensorem'habuit
1017 611 1269 661 Dominum,
1303 613 1355 653 de
1389 613 1575 666 equitatu
1605 610 1686 651 suit

260 687 412 729 salutis.
454 688 561 728 Cum
582 678 728 729 ceteris
755 688 866 728 enim
890 688 1103 743 Apostolis
1120 688 1280 737 missus,
1311 689 1486 741 aegrotis
1504 689 1682 728 salutem

260 775 303 803 et
330 764 549 805 sanitatem
579 764 874 815 languentibus
905 766 1156 820 praestabat.
1215 766 1301 806 Sed
1330 765 1403 806 ubi
1433 782 1477 806 se
1508 764 1683 805 diabolo

259 840 495 890 substravit,
524 865 574 872 —
596 853 693 896 post
714 843 951 882 buccellam
982 841 1092 882 enim
1114 841 1363 896 introivit3)
1389 841 1433 882 in
1462 842 1584 883 illum
1608 841 1684 882 Sa—

259 928 378 957 tanas
413 942 477 967 —,
510 929 550 958 et
581 919 809 959 adscensor
838 919 966 974 ipsius
999 919 1171 959 effectus
1193 930 1254 959 cst
1284 919 1472 967 Satanas,
1503 930 1543 959 ct
1572 918 1682 958 illius

258 994 437 1036 habenis
469 996 618 1036 ductus
647 996 843 1036 adversus
867 996 1104 1037 Dominum
1137 1008 1177 1036 et
1196 998 1460 1038 salvatorem
1489 1007 1682 1037 nostrum

261 1072 463 1127 coepit⁴>
489 1071 687 1128 equitare.
736 1073 897 1114 Omnes
925 1090 1037 1125 ergo,
1065 1073 1136 1130 qui
1169 1086 1484 1129 persequuntur
1504 1084 1684 1122 sanctos,

261 1148 360 1205 equi
388 1161 484 1190 sunt
508 1149 759 1199 hinnientes,
789 1151 862 1192 sed
882 1151 1040 1192 habent
1061 1152 1344 1201 adscensorcs,
1376 1152 1528 1207 quibus
1551 1169 1682 1204 agun-

260 1238 342 1276 tur,
374 1227 545 1278 angelos
573 1229 728 1277 malos,
761 1239 799 1269 et
827 1227 926 1268 idco
956 1230 1118 1269 feroces
1148 1240 1255 1270 sunt.
1326 1228 1371 1270 Si
1405 1245 1502 1281 ergo
1533 1227 1686 1269 videris

261 1304 493 1359 aliquando
523 1317 838 1359 persecutorem
877 1316 999 1346 tuum
1039 1305 1219 1346 nimium
1249 1306 1526 1354 saevientem,
1564 1305 1685 1353 scito,

263 1380 361 1435 quia
393 1382 445 1422 ab
478 1383 731 1423 adscensore
761 1399 837 1424 suo
872 1384 1081 1424 daemone
1108 1395 1370 1439 perurgetur,
1402 1394 1442 1423 et
1468 1381 1566 1422 ideo
1597 1398 1685 1423 sae—

260 1474 358 1508 vus,
400 1458 498 1498 idco
537 1460 801 1500 truculentus
841 1471 911 1500 est.
982 1459 1199 1500 Dominus
1239 1476 1337 1512 ergo
1369 1458 1616 1515 „equum⁵)
1648 1471 1687 1499 et

262 1536 560 1576 adscensorem
593 1535 775 1592 projecit
804 1536 849 1577 in
879 1553 1016 1585 mare,
1049 1548 1089 1577 et
1117 1538 1249 1578 factus
1281 1548 1340 1577 est
1369 1535 1473 1576 mihi
1503 1535 1545 1576 in
1575 1537 1687 1576 salu-

261 1624 358 1652 tem.
391 1612 471 1653 Hic
490 1613 608 1654 Deus
629 1629 760 1662 meus,
783 1626 823 1655 et
842 1614 1143 1655 honorificabo
1161 1629 1276 1655 eum:
1298 1614 1417 1654 Deus
1441 1612 1568 1670 patris
1589 1613 1685 1661 mei,

262 1702 304 1730 et
334 1691 526 1731 exaltabo
551 1696 690 1731 eum.“
742 1690 822 1732 Hic
857 1707 955 1744 ergo
979 1704 1019 1731 ct
1047 1707 1165 1732 meus
1197 1703 1255 1732 est
1287 1691 1418 1741 Deus,
1450 1702 1489 1731 et
1510 1691 1625 1730 Deus
1642 1689 1687 1745 ⁶>

261 1768 391 1821 patris
421 1767 516 1808 mci.
577 1767 704 1807 Pater
733 1779 899 1817 noster,
947 1767 1018 1822 qui
1049 1785 1129 1808 nos
1160 1766 1272 1817 fecit,
1303 1779 1343 1808 et
1373 1766 1529 1819 genuit,
1561 1766 1688 1807 Chri-

262 1856 347 1887 stus
380 1856 449 1894 est,
482 1856 521 1885 et
556 1845 644 1900 ipse
675 1844 799 1885 dicit:
833 1846 967 1895 „vado
986 1844 1031 1900 ⁷>
1064 1846 1116 1885 ad
1147 1856 1311 1900 patrem
1343 1861 1510 1892 meum,
1542 1855 1581 1884 et
1610 1861 1685 1899 pa—

257 1934 369 1963 trem
402 1934 597 1971 vestrum,
628 1922 771 1962 Deum
801 1938 960 1971 meum,
992 1933 1031 1962 ct
1060 1924 1205 1964 Deum
1236 1926 1461 1963 vestrum.“
1511 1921 1556 1963 Si
1589 1938 1686 1973 ergo

261 2015 509 2051 agnoscam,
555 2000 672 2055 quod
705 2000 823 2040 Deus
863 2016 983 2040 meus
1022 1998 1072 2041 sit
1111 1999 1250 2048 Deus,
1289 1999 1536 2050 glorificabo
1579 2014 1689 2040 cum.

266 2076 312 2116 Si
342 2093 440 2117 vero
475 2076 599 2117 etiam
629 2076 739 2117 istud
772 2092 1008 2128 agnoscam,
1037 2079 1259 2131 quomodo
1293 2076 1421 2132 patris
1451 2077 1536 2117 mei
1565 2075 1688 2118 Chri-

263 2152 313 2194 sti
343 2153 393 2194 sit
423 2153 554 2203 Deus,
585 2155 776 2195 exaltabo
811 2170 918 2194 cum.
979 2153 1119 2194 Altior
1138 2169 1326 2209 namque
1351 2153 1586 2194 intellectus
1619 2165 1688 2203 est,

265 2231 488 2285 quomodo
532 2231 743 2281 Christus,
796 2242 843 2272 ut
878 2230 1000 2273 unius
1032 2230 1115 2271 Dei
1154 2233 1411 2283 constringat
1449 2243 1489 2271 et
1525 2230 1690 2271 muniat

383 2383 427 2437 ¹)
458 2383 619 2425 Habae.
648 2383 722 2433 Ill,
752 2384 791 2425 8.

377 2452 424 2509 ²)
457 2453 528 2495 Sic
557 2455 656 2495 Mss.
696 2454 812 2495 Alias
842 2471 940 2495 vero
972 2454 1030 2510 (V.
1062 2472 1097 2497 c,
1128 2455 1171 2496 in
1205 2457 1299 2497 edd.
1329 2455 1434 2512 Μ.>;
1487 2458 1685 2506 „adscen-

264 2526 402 2553 sorem
435 2511 620 2551 habent“
655 2521 729 2550 etc.
760 2511 811 2551 R.

379 2581 426 2635 3)
458 2580 543 2621 Cfr.
577 2598 637 2627 ev,
668 2585 825 2624 Joann.
856 2581 974 2632 XIH,
1005 2582 1044 2623 2.

381 2652 428 2705 4)
457 2651 570 2692 Edd.
600 2651 796 2691 Merlini:
830 2651 971 2707 coepit
1001 2652 1191 2708 equitari.

383 2721 428 2775 ⁵)
461 2720 547 2761 Csr.
578 2721 714 2762 Exod.
736 2721 831 2771 XV,
864 2724 900 2764 1.
931 2726 969 2764 2.

381 2790 428 2845 θ)
458 2790 589 2831 Deest
616 2791 862 2843 „Deus‘flin
893 2793 984 2832 edd.
1020 2793 1079 2834 M.

386 2862 430 2916 7)
459 2860 534 2902 Ev.
564 2862 722 2903 Joann.
754 2861 852 2916 XX,
888 2863 951 2905 17.
