1752 3136
234 127 319 172 388
838 122 1057 165 Onmnms

244 244 368 283 dutus
399 252 459 283 est
488 251 643 289 saneta,
671 255 758 280 non
790 238 885 288 illa,
917 254 1025 294 quae
1055 237 1098 278 in
1130 248 1232 295 typo
1265 247 1406 287 erant,
1450 237 1522 277 sed
1563 235 1664 292 ipsa,

243 336 351 376 quae
383 335 479 359 vere
509 329 650 359 saneta
681 326 788 358 sunt.
847 315 981 370 Quod
1010 315 1044 355 si
1076 314 1131 356 vis
1164 314 1310 355 audire
1341 314 1394 353 de
1425 313 1663 353 excelsiori-

243 399 322 438 bus
351 394 610 436 indumentis
630 391 731 449 ejus,
761 392 903 447 accipe
925 393 1053 433 verba
1079 392 1355 447 prophetica:
1386 390 1602 440 „amietus,
1623 388 1665 442 ι)

244 472 403 528 inquit,
432 470 594 512 lumine
622 468 729 510 sieut
759 468 1032 525 vestimento,
1077 470 1253 523 abyssus
1285 467 1451 522 sicut2)
1493 466 1667 506 amictus

244 548 536 590 vestimentum
569 545 698 603 erS.“
722 564 732 573 ⁴
756 546 836 587 llic
869 558 928 587 est
956 539 1042 586 mei
1075 545 1216 596 magni
1242 544 1456 601 pontificis
1487 544 1667 592 habitus,

245 642 332 680 quo
352 625 398 680 3)
427 624 638 665 indicatur
667 623 883 678 profunda
915 622 1107 671 seientia,
1146 634 1185 662 et
1213 622 1444 678 sapientiae
1474 621 1569 661 luce
1600 636 1670 658 ve-

247 702 378 751 stitus,
410 717 517 756 quae
548 716 645 740 vere
673 710 813 739 saneta
844 709 941 740 sunt
969 699 1232 741 indumenta.
1281 698 1487 752 ,‚Non‚⁴)
1519 696 1669 752 inquit,

248 771 408 820 tiufcret
439 780 490 819 de
523 776 659 831 eapite
697 791 774 816 suo
818 775 1036 815 cida1·im.“
1101 775 1199 815 Jam
1241 786 1279 815 et
1319 775 1436 830 prius
1479 774 1671 821 diximus,

249 856 423 896 cidarim
455 870 582 906 genus
615 868 700 893 esse
731 850 1006 907 operimenti,
1046 852 1164 905 quod
1196 851 1322 904 capiti
1354 851 1668 905 superpositum

246 929 441 988 pontifici
483 940 666 984 praestat
708 940 922 972 ornatum.
1002 926 1085 968 Hie
1127 943 1225 979 ergo
1264 943 1440 980 magnus
1482 927 1671 980 pontifex

247 1025 367 1049 meus
396 1023 618 1063 nunquam
651 1006 830 1062 deponit
857 1003 963 1047 sacri
1004 1005 1151 1060 capitis
1193 1017 1403 1057 ornatum.
1477 1002 1608 1057 Quod
1627 1002 1671 1056 5)

248 1086 300 1127 sit
341 1096 478 1125 autem
519 1095 645 1138 eaput
685 1082 864 1132 Christi,
912 1083 964 1123 ab
1004 1080 1215 1137 Apostolo
1258 1081 1392 1130 disce,
1439 1080 1511 1135 qui
1551 1079 1672 1121 dicit:

248 1161 462 1217 „eaput⁶)
494 1172 632 1201 autem
674 1158 826 1201 Christi
858 1159 1014 1205 Deus.“
1083 1157 1240 1198 Merito
1286 1158 1414 1210 igitur
1442 1157 1568 1198 istum
1603 1173 1671 1196 ea·-

248 1238 345 1295 pitis
375 1237 453 1288 sui,
483 1237 555 1292 qui
587 1237 705 1277 Deus
737 1247 807 1286 est,
837 1251 1057 1290 nunquam
1092 1235 1272 1290 deponit
1303 1247 1500 1276 ornatum
1519 1266 1528 1283 ‚
1573 1234 1671 1288 quia

250 1332 417 1370 semper
458 1326 515 1356 est
553 1325 673 1368 pater
710 1311 754 1351 in
784 1312 901 1361 filio,
945 1311 1052 1353 sieut
1094 1311 1203 1352 filius
1248 1328 1415 1366 semper
1457 1311 1500 1351 in
1540 1322 1671 1365 patre.

250 1390 392 1446 „Et⁷)
423 1390 669 1431 vestimenta
701 1405 774 1429 sua
803 1406 894 1429 non
927 1390 1169 1443 disrumpet.
1184 1394 1207 1412 “
1253 1389 1366 1428 Vere
1397 1387 1465 1427 hic
1498 1399 1566 1435 est,
1599 1387 1671 1441 qui

249 1469 495 1509 vestimenta
539 1482 614 1506 sua
653 1482 743 1506 non
790 1464 1039 1520 disrumpit,
1087 1466 1160 1506 sed
1199 1481 1368 1520 semper
1413 1480 1460 1505 ea
1499 1464 1673 1514 munda,

250 1560 417 1600 semper
446 1544 619 1595 integra,
649 1558 817 1598 semper
848 1554 954 1583 casta
986 1541 1172 1583 servavit.
1240 1541 1382 1594 ‚,Et8)
1415 1542 1468 1581 ad
1500 1557 1672 1582 omnem

250 1621 436 1662 animam
467 1622 710 1663 defunctam
752 1635 842 1660 non
872 1618 1086 1661 intrabit.“
1156 1618 1279 1673 Quae
1323 1630 1382 1659 est
1421 1617 1559 1658 anima
1603 1619 1676 1658 de·

249 1696 423 1739 functa?
453 1697 597 1751 Quam
623 1707 840 1737 mortuam
882 1697 1091 1751 propheta
1131 1695 1256 1738 dicit:
1295 1696 1462 1746 „anima
1479 1694 1524 1750 9)
1567 1711 1675 1750 quae

251 1785 413 1831 peccat,
443 1773 531 1828 ipsa
561 1772 808 1814 morietur.“
875 1773 1016 1828 Super
1054 1774 1163 1813 hanc
1207 1789 1307 1825 ergo
1339 1772 1526 1814 animam
1557 1789 1675 1813 mor-

250 1864 365 1892 tuam
401 1849 591 1890 Christus
620 1866 711 1890 non
741 1848 1004 1904 supervenit,
1046 1849 1142 1905 quia
1174 1850 1376 1905 sapientia
1408 1861 1491 1898 est,
1530 1861 1570 1889 et
1607 1867 1673 1890 sa-

251 1926 409 1984 pientia
445 1943 537 1967 non
575 1925 701 1967 intrat
731 1927 785 1966 ad
810 1925 882 1982 10)
923 1925 1107 1967 animam
1149 1926 1417 1967 malevolam.
1483 1926 1579 1981 Ipsa
1618 1937 1675 1967 est

254 2005 365 2046 enim
394 2014 587 2052 mortua,
620 2003 740 2058 quia,
774 2001 841 2043 eui
871 2001 978 2044 inest
1007 2002 1188 2052 malitia,
1228 2002 1335 2043 inest
1366 2014 1405 2044 et
1434 2015 1671 2058 peceatum.

251 2081 507 2137 „Peccatum
528 2080 598 2136 ¹¹)
638 2092 778 2121 autem
809 2096 907 2121 eum
939 2091 1302 2130 consummatum,
1345 2079 1504 2134 inquit,
1532 2079 1675 2128 fuerit,

371 2198 414 2255 1)
445 2199 601 2241 Psalm.
635 2199 743 2249 CIV,
772 2200 810 2242 2.
842 2201 879 2243 6.

367 2270 414 2324 ²)
450 2269 549 2310 Mss.
580 2269 713 2319 „sicut
744 2270 956 2312 amictus.“
999 2270 1118 2311 Libri
1152 2269 1252 2311 editi
1282 2269 1342 2325 (v.
1375 2285 1409 2310 c.
1441 2269 1536 2310 edd.
1568 2268 1670 2323 Μ.);

252 2324 385 2375 „sieut
413 2326 595 2380 pallium
627 2325 868 2367 amictum.“
897 2328 950 2369 R.

371 2394 416 2449 3)
447 2395 545 2437 Mss.
576 2411 691 2449 „quo
722 2394 972 2438 indicatur.“
1019 2395 1138 2437 Libri
1165 2396 1262 2437 editi
1280 2395 1338 2451 (e.
1371 2413 1405 2437 c.
1438 2396 1532 2437 edd.
1565 2394 1697 2449 Μ.);’

256 2467 367 2506 „quo
398 2452 534 2492 modo
566 2451 818 2492 indicatur.“
848 2452 900 2493 R.

369 2520 414 2576 ⁴)
445 2521 572 2562 Levit.
602 2521 723 2571 XXI,
753 2521 819 2563 10.

370 2589 416 2644 5)
446 2590 556 2631 Edd.
585 2589 778 2631 Merlini:
811 2589 928 2645 Quid
958 2590 1010 2632 sit
1039 2602 1116 2632 etc.

370 2659 415 2714 6)
445 2659 464 2698 Ι
497 2658 597 2703 Cor.
629 2660 709 2709 XI,
737 2661 777 2703 3.
896 2659 940 2716 ⁷)
970 2659 1099 2702 Levit.
1130 2658 1249 2708 XXI,
1281 2659 1347 2701 10.

369 2728 416 2781 8)
447 2729 574 2770 Levit.
605 2730 726 2780 XXI,
755 2731 820 2774 11.
937 2729 983 2783 ⁹)
1012 2728 1162 2769 Ezech.
1194 2727 1354 2780 XVIII,
1383 2729 1422 2772 4.

343 2798 415 2852 ¹⁰)
444 2799 525 2839 Ed.
556 2797 691 2840 Ruaei
719 2800 831 2842 sola:
856 2799 900 2842 in
931 2798 1116 2841 animam
1147 2809 1221 2840 etc.

346 2868 415 2923 ¹¹)
447 2869 597 2911 Jacob.
625 2868 659 2921 I,
691 2869 756 2912 15.
