1752 3136
227 82 284 124 42
827 83 1048 126 OmGEsxs

225 210 332 237 nece
368 193 652 247 tradiderant,
704 198 950 240 auctoribus
988 198 1155 240 sceleris
1197 199 1403 255 poculum
1441 198 1650 250 sanguinis

226 273 444 323 redderet,
493 286 533 315 et
572 291 772 316 cruorem
813 276 969 330 polluti
1009 276 1198 330 gurgitis,
1249 293 1376 333 quem
1407 275 1673 332 parricidali*

227 352 358 392 caede
387 354 716 400 maculaverant,
745 354 940 408 potando
971 355 1184 396 sentirent.
1244 354 1355 395 Tum
1390 353 1567 404 deinde,
1605 366 1652 395 ut

226 429 461 481 allegoricis
490 430 653 483 legibus
682 429 790 471 nihil
822 429 948 481 desit,
987 447 1124 486 aquae
1161 442 1382 473 vertuntur
1409 431 1454 472 in
1483 430 1650 483 sangui-

225 523 339 556 nem,
370 518 411 548 et
440 508 607 560 sanguis
637 525 736 550 suus
767 510 958 566 Aegypto
989 509 1257 565 propinatur.
1325 511 1474 565 Aquae
1513 512 1649 567 Aegy-

224 584 301 640 pti,
333 585 505 627 erratica
539 597 580 626 et
608 585 770 627 lubrica
800 585 1161 642 philosophorum
1178 599 1276 628 sunt
1295 586 1508 637 dogmata,
1543 601 1651 641 quae

223 664 424 719 parvulos
460 679 653 719 quosque
690 680 838 712 sensu,
887 674 927 703 et
965 679 1121 719 pueros
1159 663 1432 716 intelligentia
1471 663 1649 719 decepe-

224 752 344 781 runt:
375 740 450 781 ubi
480 757 582 781 crux
612 739 769 780 Christi
798 740 962 780 mundo
995 739 1095 780 huic
1125 739 1305 783 veritatis
1329 740 1478 781 lumen
1510 751 1650 781 osten—

224 817 298 868 dit,
328 817 442 859 necis
472 833 622 859 eorum
653 833 829 872 poenas,
861 830 900 858 et
929 828 1092 858 reatum
1122 816 1337 869 sanguinis
1363 817 1541 869 exigunt.
1588 816 1650 856 Ita

225 895 338 936 enim
374 907 415 936 et
444 896 533 951 ipse
564 893 778 936 Dominus
809 893 922 943 dicit,
955 897 1052 950 quia
1083 893 1250 944 „omnis
1270 891 1314 945 ¹)
1353 893 1546 946 sanguis,
1577 893 1649 949 qui

226 975 384 1015 effusus
415 984 475 1014 est
502 988 631 1028 super
660 983 830 1021 terram,
862 988 886 1013 a
915 972 1118 1023 sanguine
1149 971 1263 1013 Abel
1299 968 1398 1028 justi
1428 986 1564 1026 usque
1594 972 1649 1011 ad

222 1049 470 1103 sanguinem
483 1048 718 1091 Zachariae
737 1049 978 1105 requiretur
993 1065 1015 1089 a
1042 1048 1312 1101 generatione
1332 1049 1451 1089 hac.“
1480 1048 1565 1089 Per
1585 1064 1648 1090 se-

223 1129 407 1169 cundam
439 1144 540 1169 vero
570 1127 752 1182 plagam,
780 1126 824 1168 in
859 1144 940 1183 qua
969 1143 1097 1168 ranae
1126 1128 1440 1183 producuntur,
1469 1125 1649 1167 indicari

222 1205 453 1259 figuraliter
483 1203 669 1246 arbitror
692 1204 878 1246 carmina
900 1211 1141 1261 poetarum,
1174 1204 1246 1259 qui
1268 1203 1384 1244 inani
1401 1204 1585 1259 quadam
1611 1215 1650 1244 et

221 1282 365 1323 inflata
385 1282 694 1332 modulatione,
725 1284 839 1324 velut
855 1298 1057 1324 ranarum
1077 1281 1190 1323 sonis
1212 1293 1251 1322 et
1269 1281 1461 1322 cantibus
1480 1282 1645 1322 mundo

222 1360 322 1401 huic
346 1358 607 1415 deceptionis
629 1359 795 1401 fabulas
815 1359 1064 1401 intulerunt.
1120 1360 1190 1399 Ad
1206 1358 1252 1414 ²)
1273 1358 1380 1399 nihil
1402 1358 1513 1400 enim
1530 1358 1645 1400 aliud

221 1436 328 1478 illud
359 1436 516 1477 animal
544 1436 647 1477 utile
685 1448 766 1485 est,
812 1435 894 1477 nisi
933 1438 1052 1492 quod
1091 1452 1251 1477 sonum
1287 1435 1399 1477 vocis
1438 1435 1647 1491 improbis

220 1525 263 1555 et
290 1513 546 1569 importunis
577 1512 835 1554 clamoribus
867 1514 1020 1554 reddit.
1078 1512 1185 1554 Post
1213 1514 1296 1554 hoc
1328 1513 1517 1569 ciniphes
1543 1530 1647 1569 pro-

221 1591 450 1632 ducuntur.
520 1589 618 1631 Hoc
661 1590 817 1631 animal
857 1591 1007 1646 pennis
1047 1592 1221 1648 quidem
1262 1590 1534 1647 suspenditur
1570 1608 1647 1646 per

220 1674 316 1709 aera
347 1667 540 1717 volitans,
568 1669 643 1709 sed
673 1668 729 1709 ita
759 1669 913 1709 subtile
944 1681 1004 1711 est
1036 1681 1076 1710 et
1105 1669 1333 1718 minutum,
1361 1680 1410 1709 ut
1441 1668 1555 1709 oculi
1586 1668 1645 1709 vi=

220 1763 328 1794 sum,
356 1745 436 1786 nisi
467 1756 589 1786 acute
620 1745 842 1797 cernentis,
875 1745 1068 1799 effugiat:
1103 1763 1259 1802 corpus
1288 1757 1548 1786 tamencum
1578 1744 1642 1785 in—

218 1822 388 1871 sederit,
417 1822 685 1877 acerrim03)
716 1825 902 1864 terebrat
929 1823 1116 1873 stimulo,
1146 1823 1203 1864 ita
1232 1834 1281 1864 ut
1311 1839 1439 1878 quem
1459 1822 1642 1863 volitan—

219 1911 304 1940 tem
334 1900 476 1941 videre
515 1900 606 1955 quis
645 1918 735 1942 non
774 1901 932 1951 valeat,
969 1901 1121 1943 sentiat
1158 1899 1459 1943 stimulantem.
1547 1899 1643 1939 Hoc

219 1994 319 2030 ergo
352 1969 544 2019 animalis
573 1994 702 2031 genus
736 1978 975 2032 dignissime
1004 1990 1111 2034 puto
1144 1977 1222 2019 arti
1249 1975 1493 2018 dialecticae
1524 1993 1642 2017 com-

217 2053 373 2109 parari,
403 2071 511 2110 quae
538 2055 710 2097 minutis
735 2067 774 2097 et
795 2056 1020 2099 subtilibus
1041 2057 1272 2097 verborum
1291 2054 1467 2097 stimulis
1484 2054 1643 2096 animas

217 2133 417 2182 terebrat,
446 2144 488 2174 et
516 2145 631 2174 tanta
663 2133 890 2175 calliditate
921 2133 1218 2183 circumvenit,
1255 2145 1302 2174 ut
1332 2135 1533 2189 deceptus
1565 2150 1641 2174 nec

216 2209 370 2260 videat,
399 2227 479 2251 nec
508 2209 725 2263 intelligat,
755 2212 872 2253 unde
903 2211 1123 2267 decipitur.
1192 2211 1359 2266 Quarto
1392 2228 1567 2267 quoque
1596 2210 1639 2250 in

217 2286 318 2327 loco
352 2286 618 2345 cynomyiam
647 2288 910 2347 Cynicorum
940 2301 1076 2331 sectae
1101 2291 1450 2346 comparaverim,
1483 2288 1555 2343 qui
1585 2289 1640 2329 ad

215 2363 399 2420 reliquas
431 2365 693 2420 deceptionis
710 2365 755 2422 4)
793 2383 892 2409 suae
933 2366 1248 2423 improbitates,
1289 2368 1414 2408 etiam
1444 2367 1638 2421 volupta-

216 2463 281 2471 υ..-

335 2518 378 2572 ¹)
412 2518 499 2560 Cfr.
531 2519 683 2562 Matth.
714 2521 876 2571 XXIII,
906 2522 972 2565 35.
1002 2523 1070 2565 36.
1103 2523 1199 2564 coll.
1232 2522 1326 2565 edd.
1356 2522 1408 2562 N.
1442 2520 1490 2562 T.

333 2588 377 2643 ²)
409 2589 490 2630 Ed.
522 2590 677 2632 Ruaei:
706 2593 803 2640 „Ad
832 2592 939 2633 nihil
969 2593 1080 2633 enim
1111 2592 1218 2633 illud
1244 2591 1400 2632 animal
1431 2590 1532 2632 utile
1564 2604 1636 2640 est,

215 2644 320 2687 nisi“
351 2658 442 2693 etc„
473 2647 567 2687 edd.
600 2647 792 2689 Merlini:
834 2651 931 2700 „Ad
973 2650 1078 2691 nihil
1111 2647 1222 2690 enim
1252 2648 1366 2691 aliud
1399 2648 1556 2689 animal
1586 2649 1635 2689 il-

216 2702 290 2744 lud
323 2703 424 2743 utile
456 2714 528 2753 est,
558 2703 663 2744 nisi“
693 2716 769 2746 etc.

331 2773 378 2828 3)
409 2773 520 2814 Edd.
552 2772 748 2815 Merlini:
783 2776 1065 2818 acerbissimo,

329 2845 376 2900 ⁴¹)
406 2845 515 2886 Edd.
548 2841 742 2910 Merlini:
775 2846 1047 2903 deceptiones
1076 2863 1175 2889 suae
1205 2844 1502 2902 improbitatis.
