1752 3136
455 135 501 167 m
533 123 735 165 Exonnm
764 121 966 164 HomnA
995 120 1093 164 XII.
1399 123 1482 167 145

64 235 254 293 plorabit
285 235 426 278 anima
453 238 634 276 vestra:“
665 243 706 274 et
732 232 873 275 David
905 232 1026 274 dicit:
1055 230 1304 288 ‚,incerta¹)
1335 243 1375 274 et
1406 250 1478 276 oc-

67 315 176 355 culta
207 312 433 369 sapientiae
460 322 557 352 tuae
587 308 861 352 manifestasti
889 309 1036 352 mihi.“
1075 310 1124 351 In
1146 310 1238 361 lege
1260 324 1359 361 ergo
1380 308 1483 351 Μο-

65 406 127 431 ses
157 391 291 431 solam
321 386 472 428 faciem
513 386 640 426 habet
682 385 980 438 glorificatam,
1024 401 1166 443 neque
1201 402 1352 428 manus
1390 385 1481 443 ejus

64 466 224 507 habent
253 462 449 517 gloriam,
489 460 578 503 imo
610 461 752 517 potius
798 473 837 502 et
866 461 1191 503 contumeliam:
1229 464 1303 505 sed
1339 479 1482 519 neque

63 540 270 597 pedes.²)
328 539 527 593 Denique
567 538 728 579 solvere
767 536 940 593 jubetur
971 539 1303 580 calceamentum
1332 555 1482 581 suum:

62 618 121 659 sic
148 617 266 657 nulla
295 626 385 656 erat
425 614 559 665 gloria
601 614 646 655 in
675 615 857 670 pedibus
889 615 999 673 ejus,
1036 615 1134 656 licet
1167 618 1213 656 'et
1249 615 1333 656 hoc
1362 617 1484 657 fieret

59 709 152 733 non
191 691 281 733 sine
321 689 496 746 alicujus
545 693 685 733 forma
722 691 926 747 mysterii.
1015 686 1248 734 Novissima
1293 707 1484 749 namque

60 784 157 824 pars
186 767 372 808 hominis
401 769 531 824 pedes
568 780 677 811 sunt.
750 768 1066 810 ostendebatur
1110 784 1232 822 ergo,
1278 771 1397 825 quod
1434 769 1481 810 in

59 842 293 885 novissimis
322 844 589 899 temporibus
620 845 800 887 solveret
817 846 962 888 Moses
993 846 1325 888 calceamentum
1344 862 1484 896 suum,

58 931 106 961 ut
135 921 345 977 acciperet
374 918 478 962 alius
505 937 728 976 sponsam,
770 933 810 964 et
838 922 911 963 illa
948 934 1172 963 vocaretur
1214 923 1367 964 domus
1399 921 1484 964 dis-

27 1046 30 1048 ,
58 997 230 1038 calceati
271 1013 405 1052 usque
442 997 487 1037 in
519 997 779 1040 hodiernum
811 999 938 1041 diem.
1010 998 1127 1040 Nihil
1159 1014 1257 1051 ergo
1289 998 1407 1040 aliud
1435 999 1482 1039 in

61 1075 152 1126 lege
183 1066 417 1125 gloriosum
446 1072 575 1115 habet
603 1075 760 1126 R'Ioses,
789 1076 870 1116 nisi
899 1075 1034 1117 solam
1058 1073 1223 1117 faciem.
1272 1074 1322 1114 In
1338 1074 1480 1114 Evan-

58 1150 172 1202 geliis
202 1161 343 1190 autem
382 1160 498 1192 totus
539 1152 800 1203 glorificatur
842 1168 890 1192 ex
932 1151 1109 1203 integro.
1196 1151 1311 1193 Audi
1352 1151 1481 1201 enim,

57 1226 160 1283 quid
192 1226 356 1267 dicatur
383 1226 429 1267 in
458 1227 716 1281 Evangeliis:
745 1228 935 1283 ,‚cum³)
967 1226 1252 1270 adscendisset
1281 1228 1404 1270 Jesus
1432 1228 1482 1271 in

55 1315 249 1345 montem
285 1303 517 1354 excelsum,
560 1321 772 1346 assumens
808 1322 950 1347 secum
991 1305 1165 1347 Petrum
1197 1317 1237 1347 et
1264 1305 1484 1347 Joannem

57 1392 97 1427 et
123 1381 361 1430 Jacobum,
399 1382 726 1422 transformatus
773 1395 833 1423 est
861 1382 921 1423 ibi
956 1398 1102 1423 coram
1139 1383 1261 1439 ipsis:
1302 1394 1341 1424 et
1371 1399 1482 1433 ecce,

58 1468 362 1513 apparuerunt,
394 1456 546 1512 inquit,
578 1457 720 1500 Moses
752 1470 791 1499 et
819 1458 931 1500 Elias
962 1457 1007 1499 in
1038 1459 1192 1512 gloria,
1223 1461 1481 1516 colloquen-

55 1546 116 1575 tes
148 1550 245 1574 cum
276 1538 367 1574 eo.“
426 1533 507 1574 Hic
534 1550 627 1574 non
657 1536 850 1584 refertur,
883 1534 981 1590 quia
1012 1536 1269 1588 glorificatus
1299 1548 1358 1578 est
1384 1537 1482 1578 vul·-

57 1623 123 1652 tus
154 1608 266 1667 ejus,
308 1611 382 1651 sed
424 1609 523 1665 quia
560 1621 673 1652 totus
712 1612 908 1667 apparuit
944 1612 991 1652 in
1030 1612 1186 1664 gloria,
1231 1614 1481 1669 colloquens

60 1704 156 1729 cum
186 1687 312 1728 Jesu:
345 1698 383 1728 et
412 1685 472 1727 ibi
506 1688 549 1733 xei
582 1688 822 1744 completur
850 1686 922 1728 illa
957 1689 1206 1743 promissio,
1250 1706 1378 1745 quam
1410 1706 1482 1732 ac-

59 1765 169 1821 cepit
197 1763 241 1804 in
270 1774 417 1804 monte
448 1763 574 1813 Sina,
614 1781 709 1805 cum
749 1764 909 1805 dictum
952 1775 1012 1805 est
1050 1764 1110 1806 ei:
1151 1766 1416 1822 „posteriora
1431 1765 1478 1822 4)

55 1837 391 1883 mea'videbis.“
467 1840 584 1883 Vidit
625 1857 724 1894 ergo
767 1840 1007 1897 posteriora
1044 1839 1144 1899 ejus.
1213 1842 1329 1885 Vidit
1368 1843 1482 1885 enim

59 1935 166 1975 quae
195 1918 240 1960 in
270 1917 579 1973 posterioribus
611 1929 650 1959 et
690 1917 926 1960 novissimis
964 1917 1112 1960 diebus
1152 1919 1264 1960 facta
1291 1931 1410 1969 sunt,
1441 1930 1483 1961 et

58 1994 214 2050 gavisus
254 2005 325 2036 est.
414 1993 534 2035 Sicut
580 1994 694 2036 enim
732 1996 952 2037 Abraham
993 1995 1299 2052 concupivit⁵)
1337 1995 1483 2038 videre

59 2071 171 2115 diem
201 2070 394 2122 Domini,
425 2083 464 2112 et
494 2071 618 2123 vidit,
650 2084 690 2114 et
720 2071 900 2126 gravisus
932 2074 1105 2139 est:·ita
1133 2085 1174 2115 et
1202 2073 1344 2115 Moses
1375 2090 1482 2115 con-

61 2149 217 2205 cupivit
246 2149 390 2190 videre
430 2147 542 2189 diem
573 2148 776 2200 Domini,
821 2161 862 2191 et
890 2149 1015 2200 vidit,
1061 2161 1102 2192 et
1139 2150 1299 2204 gavisus
1329 2162 1410 2193 est:
1443 2163 1483 2192 et

57 2225 292 2269 necessario
325 2224 484 2278 gavisus
515 2235 599 2276 est,
641 2227 739 2281 quia
767 2225 855 2284 jam
883 2244 975 2269 non
1003 2229 1143 2270 solum
1173 2229 1291 2269 vultu
1320 2227 1482 2282 glorifi-

59 2406 273 2461 plorabit“
306 2416 383 2447 etc.
456 2406 542 2448 Sed
574 2406 674 2449 Mss.
713 2419 759 2448 ut
796 2407 840 2449 in
882 2421 1029 2451 nostro
1069 2420 1202 2458 textu,
1240 2424 1320 2449 nec
1359 2406 1481 2451 aliter

59 2463 239 2515 Vulgata
270 2478 418 2514 graeca
448 2462 619 2504 habent.
651 2463 701 2506 R.
733 2487 785 2495 —-
817 2464 904 2507 Cfr.
934 2467 1093 2514 Jerem.
1123 2465 1241 2516 XIII,
1273 2465 1340 2507 17.

178 2532 222 2583 1)
253 2532 408 2573 Psalm.
438 2532 506 2582 LI,
537 2531 578 2577 6.
1397 2536 1401 2538 ’

174 2601 222 2666 ²)
252 2601 357 2666 Mss3
393 2602 576 2666 „pedesf‘
615 2601 766 2645 rectius
810 2621 936 2660 quam
969 2605 1069 2647 editi
1099 2604 1199 2647 libri
1229 2604 1287 2663 (v.
1319 2621 1351 2649 c.
1383 2606 1480 2648 edd.

59 2657 159 2712 M),
197 2674 240 2698 m
287 2657 438 2712 qulbus
477 2658 628 2711 legltur
665 2661 910 2715 „pedibus.“
953 2661 1005 2703 R.
1045 2686 1099 2693 —
1142 2662 1253 2704 Edd.
1283 2661 1480 2704 Merlini:

62 2715 156 2764 „sed
191 2729 331 2768 neque
360 2715 541 2769 pedibus
573 2716 757 2771 denique
784 2717 948 2760 solvere
976 2716 1175 2775 jubetur“
1205 2731 1281 2761 etc.

176 2782 225 2836 ³)
261 2781 359 2842 esa
381 2783 532 2824 Mauh.
562 2784 701 2835 xvn,
730 2787 768 2828 1.
797 2789 837 2832 2.
867 2788 907 2831 3.
940 2789 1038 2831 con.
1071 2790 1165 2831 eda.
1196 2790 1248 2830 N.
1279 2789 1330 2830 Τ.

175 2851 221 2908 ⁴)
252 2851 388 2893 Exod.
417 2851 624 2904 XXXIII,
651 2855 720 2897 23.
838 2856 884 2914 ⁵)
913 2856 989 2902 Εν,
1021 2857 1179 2903 Joann.
1209 2858 1324 2911 VIII,
1353 2857 1423 2902 56.

0 2946 1 2985 ]
47 2927 285 2975 *Omozms
314 2927 487 2975 OPERA.
519 2928 642 2975 Tom.
672 2931 746 2976 IX.
1095 2937 1152 2979 10
