1752 3136
467 144 528 187 'm
556 144 812 186 anrricmu
843 142 1044 184 HommA
1074 143 1145 184 IV.
1439 145 1524 189 223

106 258 345 308 ostendens,
377 256 493 313 quod
523 255 686 297 animae
715 254 913 297 nondum
943 265 1191 305 renovatae,
1229 255 1301 296 sed
1330 254 1375 295 in
1404 267 1522 298 vetu-

104 345 207 374 state
235 332 437 387 literae¹)
464 329 727 387 perduranti,
754 347 845 373 non
876 333 1082 388 'oporteat
1118 348 1333 373 novorum
1370 344 1524 391 myste-

104 409 280 462 riorum,
309 423 416 464 quae
443 423 522 463 per
553 406 772 449 Christum
802 410 988 451 mundus
1013 409 1194 462 agnovit,
1223 421 1382 452 secreta
1404 426 1525 452 com-

102 487 222 528 mitti.

212 565 251 605 5.
281 561 414 603 Addit
447 561 598 603 dehinc
628 560 863 613 legislator:
892 575 991 612 „aut
1005 563 1051 619 2)
1081 562 1114 605 si
1133 563 1234 619 quid
1250 562 1400 604 nocuit
1419 580 1522 620 pro-

102 641 228 689 ximo,
256 639 318 679 vel
350 638 510 680 invenit
538 638 867 695 perditionem.“
931 641 1016 682 Lex
1046 640 1193 682 literae
1223 640 1305 681 hoc
1321 639 1366 696 3)
1406 641 1522 682 vide-

102 729 170 758 tur
197 716 423 765 mandare,
459 727 526 765 ut,
565 714 598 756 si
631 714 721 770 quis
756 714 918 758 invenit
949 718 1066 773 quod
1097 717 1202 759 alius
1231 717 1437 774 perdidit,
1484 729 1525 758 et

98 792 347 849 requisitum
385 792 534 842 suerit,
573 794 746 842 reddat,
782 809 863 835 nec
901 792 1093 851 perjuret
1129 811 1210 850 pro
1241 811 1304 838 e0.
1380 794 1455 836 Est
1485 805 1526 835 et

99 871 202 911 haec
233 870 346 912 utilis
377 868 646 910 audientibus
676 867 926 911 aedificatio.
998 871 1129 913 Multi
1160 871 1274 912 enim
1303 871 1394 913 sine
1422 888 1524 928 pec-

103 960 195 988 cato
226 958 378 1004 putant
409 961 506 995 esse,
535 944 569 986 si
599 944 797 996 alienum,
829 946 947 1000 quod
983 945 1239 998 invenerint,
1270 960 1453 999 teneant,
1485 959 1526 989 et

102 1022 327 1078 dicant2⁴²>
359 1023 475 1063 Deus
505 1021 612 1062 mihi
645 1020 785 1062 dedit:
817 1022 885 1062 cui
915 1022 1054 1063 habeo
1086 1023 1298 1066 reddere?
1348 1025 1526 1066 Discant

103 1118 201 1154 ergo
233 1110 456 1156 peccatum
497 1099 580 1138 hoc
618 1113 703 1139 esse
740 1097 878 1139 simile
908 1098 1103 1155 rapinae,
1151 1100 1186 1142 si
1227 1100 1318 1158 quis
1355 1101 1526 1144 inventa

99 1195 190 1219 non
218 1177 382 1218 reddat.
447 1175 607 1216 Verum
637 1187 777 1216 tamen
801 1174 839 1216 si
869 1175 952 1216 hoc
980 1187 1171 1228 tantum,
1217 1179 1336 1234 quod
1373 1193 1524 1222 secun-

101 1255 204 1296 dum
234 1252 400 1294 literam
427 1263 626 1308 putatur,
655 1251 868 1304 legislator
895 1253 1096 1295 voluisset
1124 1254 1326 1308 intelligi,
1371 1268 1527 1313 potue-

100 1342 166 1372 rat
195 1329 354 1372 dicere:
383 1329 419 1372 si
446 1328 618 1380 invenit,
649 1330 769 1385 quod
797 1329 993 1386 perierat,
1023 1332 1088 1372 vel
1120 1334 1238 1388 quod
1258 1333 1409 1389 aiiquis
1428 1350 1526 1389 per-

103 1407 278 1449 diderat.
323 1398 450 1450 Nune
480 1418 622 1448 autem
651 1423 748 1448 cum
780 1405 900 1448 dicit:
930 1407 1176 1463 „invenit⁵)
1194 1409 1525 1465 perditionem:“

106 1484 291 1539 amplius
319 1500 400 1524 nos
432 1482 591 1538 aliquid
622 1483 757 1524 voluit
784 1482 1028 1536 intelligere.
1076 1484 1164 1539 Qui
1181 1485 1306 1528 nimis
1335 1499 1527 1543 peccant,

101 1561 146 1602 in
178 1559 405 1616 Scripturis
433 1558 617 1615 perditio
648 1560 931 1615 appellantur,
960 1550 1068 1601 sicut
1095 1561 1140 1602 in
1170 1562 1391 1616 Ezechiele
1419 1581 1526 1621 pro-

102 1638 231 1693 pheta
259 1635 434 1688 legimus
466 1635 649 1677 dictum:
689 1636 985 1692 ‚,perditio‚⁶)
1028 1638 1187 1694 inquit,
1216 1641 1351 1682 factus
1382 1658 1445 1692 es,
1486 1652 1528 1682 et

101 1730 192 1755 non
222 1712 418 1754 subsistes
447 1713 492 1753 in
524 1724 742 1753 aeternum
773 1719 982 1768 tempus.“
1038 1713 1120 1756 Est(
1150 1732 1249 1769 ergo
1291 1720 1528 1768 ostendere,

104 1790 176 1847 qui
207 1790 391 1831 multum
411 1790 655 1845 quaerendo
682 1789 842 1831 invenit
857 1789 1165 1846 perditionem:
1195 1804 1255 1844 ut,
1284 1793 1404 1835 verbi
1434 1787 1527 1847 gra-

102 1868 172 1917 tia,
203 1866 414 1924 dicamus:
448 1865 648 1908 haeretici
678 1867 732 1908 ad
762 1869 1047 1910 construenda
1079 1880 1118 1925 et
1136 1870 1403 1913 defendenda
1422 1872 1526 1925 dog-

102 1955 214 1985 mata
246 1960 320 1985 sua
347 1944 530 1984 multum
560 1943 838 2012 perquirunt,
883 1956 924 1986 et
962 1944 1193 1987 discutiunt
1229 1946 1275 1987 in
1311 1947 1526 2003 scripturis

104 2019 276 2070 divinis,
318 2031 366 2060 ut
404 2018 619 2061 inveniant
656 2020 957 2076 perditionem.
1033 2022 1144 2065 Cum
1185 2023 1297 2066 enim
1327 2022 1533 2080 mule-1⁷),

106 2095 359 2152 quaesierint
385 2096 648 2148 testimonia,
686 2097 839 2154 quibus
868 2100 1088 2142 adstruant
1129 2118 1237 2157 quae
1272 2117 1401 2158 prave
1429 2117 1524 2142 sen-

104 2171 236 2222 tiunt,
281 2172 566 2227 perditionem
605 2174 685 2215 sibi
721 2176 926 2218 invenisse
966 2177 1135 2220 dicendi
1176 2190 1285 2220 sunt.
1374 2178 1460 2219 Sed
1490 2177 1524 2219 si

103 2249 217 2288 forte
246 2244 395 2304 aliquis
425 2240 579 2305 horum
618 2252 792 2294 audiens
830 2253 876 2295 in
913 2255 1086 2299 ecclesia
1126 2257 1303 2297 verbum
1332 2255 1417 2296 Dei
1458 2271 1526 2295 ca-

103 2323 261 2364 tholice
290 2327 474 2377 tractari,
504 2326 730 2384 resipiscat,
761 2342 801 2371 et
820 2330 1034 2384 intelligat,
1065 2332 1175 2388 quia,
1210 2333 1328 2388 quod
1350 2332 1522 2374 invene-

225 2484 268 2535 1)
301 2484 408 2526 Cod.
440 2487 833 2538 sangermanensis:
864 2492 1075 2543 ‚‚literae.“
1129 2492 1247 2534 Libri
1268 2492 1368 2534 editi
1398 2493 1458 2547 (v.
1489 2509 1523 2535 c.

106 2540 202 2581 edd.
231 2540 336 2596 M.):
370 2544 620 2591 „malifiaef‘
653 2545 700 2590 R.

218 2608 265 2664 ²)
295 2611 423 2654 Levit.
454 2614 526 2663 VI,
556 2615 595 2655 2.
625 2615 664 2657 3.
783 2616 829 2673 3)
860 2618 938 2659 Ed.
968 2618 1102 2659 Ruaei
1131 2620 1244 2660 sola:
1277 2620 1357 2662 hie.

220 2679 266 2736 4)
295 2682 407 2724 Edd.
436 2684 632 2725 Merlini:
664 2684 822 2728 dicunt.
944 2687 988 2743 ⁵)
1018 2689 1146 2730 Levit.
1178 2689 1247 2739 VI,
1276 2691 1317 2733 3.

220 2749 267 2804 ⁶)
296 2750 448 2794 Ezech.
477 2753 660 2804 XXVII,
687 2755 756 2799 36.

220 2819 264 2874 ⁷)
295 2821 412 2863 Libri
456 2821 554 2865 editi
600 2822 660 2880 (v,
712 2842 744 2869 c.
793 2827 889 2869 edd.
931 2826 1038 2885 M.):
1078 2828 1343 2880 ,‚multuni.“
1402 2829 1522 2873 Mss.:

104 2876 304 2926 „multa.“
332 2878 382 2919 R.
