1752 3136
238 127 325 172 226
845 118 1067 162 Omcssms

245 236 446 298 spernit.“
506 235 618 276 Cum
650 248 749 286 crgo
781 232 932 285 singuli
963 231 1287 288 prophetarum,
1316 231 1380 272 vel
1414 230 1536 272 etiam
1561 232 1682 287 Apo-

242 318 453 360 stolorum
487 311 713 355 consilinm
742 309 817 360 his,
850 309 922 365 qui
945 310 1213 365 delinquunt,
1237 307 1445 357 dederint,
1467 324 1553 363 quo
1573 325 1674 364 pos-

243 395 327 438 sint
357 391 570 445 corrigere
598 389 664 430 vel
694 388 923 429 emendare
953 399 1198 442 peccatum,
1244 385 1396 427 merito
1437 385 1500 426 his
1531 385 1678 426 vendi—

247 471 354 513 disse
384 469 532 511 arietes
563 467 617 509 ad
647 463 898 507 sacrificium
930 464 1200 506 videbuntur.
1262 463 1382 518 Quid
1414 474 1555 503 autem
1585 477 1684 517 pre-

246 549 293 590 tii
324 565 347 589 a
377 544 726 602 comparantibus
754 540 954 583 sumant?
1016 542 1130 582 Illud
1164 541 1341 596 opinor:
1384 540 1553 592 legendi
1593 551 1681 580 stu-

252 625 385 674 dium,
416 622 572 676 vigilias
604 618 807 661 audiendi
836 617 954 659 verbi
985 617 1091 667 Dei,
1120 629 1160 658 et
1189 634 1318 674 super
1349 616 1492 658 omnia
1525 615 1679 668 dignis-

249 702 402 744 simum
431 698 617 756 pretium
651 694 937 736 obedientiam
969 704 1090 749 puto,
1123 696 1175 735 de
1207 711 1288 750 qua
1321 694 1424 736 dicit
1445 694 1684 735 Dominus:

250 773 627 829 ‚,obedicntiam¹)
658 772 788 818 malo,
820 786 947 825 quam
979 769 1259 821 sacrificium,
1291 784 1331 813 et
1361 774 1473 813 dicto
1506 770 1683 811 audien-

250 859 352 896 tiam
383 850 529 902 magis,
562 865 692 905 quam
730 848 1019 888 holocausta.“

364 930 403 972 6.
439 928 546 970 Post
575 927 681 968 haec
711 923 1006 980 subsequitur:
1046 921 1177 978 „et²)
1221 922 1389 965 locutus
1420 935 1503 972 est,
1533 923 1685 979 inquit,

251 1008 471 1049 Dominus
502 1006 558 1046 ad
587 1004 758 1053 Mosen,
790 1002 956 1044 dicens:
986 999 1186 1055 praecipe
1208 1001 1367 1050 Aaron,
1399 1012 1438 1041 et
1458 1000 1554 1043 filiis
1585 999 1688 1057 ejus,

254 1086 416 1127 dicens:
446 1085 552 1124 hacc
585 1093 644 1122 est
674 1082 739 1122 lex
770 1077 1023 1120 holocausti.
1084 1077 1179 1118 Hoc
1202 1078 1502 1119 holocaustum
1522 1077 1567 1118 in
1597 1093 1688 1118 cre-

252 1161 442 1203 matione
473 1175 547 1201 sua
579 1157 655 1199 erit
684 1173 812 1212 super
842 1156 972 1196 altare
1002 1166 1093 1195 tota
1131 1166 1261 1195 nocte
1289 1171 1425 1209 usque
1465 1155 1507 1196 in
1539 1171 1685 1195 mane:

255 1252 295 1281 et
324 1238 429 1291 ignis
461 1236 601 1277 altaris
633 1233 799 1275 ardebit
838 1250 965 1289 super
996 1233 1127 1282 illud,
1170 1249 1249 1273 nec
1281 1232 1574 1284 exstinguetur.
1630 1232 1689 1273 Et

254 1317 403 1358 induet
431 1330 475 1355 se
504 1312 701 1353 sacerdos
730 1310 921 1351 tunicam
953 1310 1131 1360 lineam,
1171 1322 1209 1351 et
1253 1321 1485 1364 campestre
1524 1309 1686 1350 lineum

255 1394 403 1435 induet
433 1389 544 1429 circa
575 1403 733 1442 corpus
763 1403 910 1427 suum:
944 1398 983 1427 et
1013 1388 1177 1428 auferet
1201 1388 1394 1437 hostiam,
1425 1403 1550 1442 quam
1582 1402 1686 1427 con-

255 1468 448 1511 sumserit
478 1465 607 1519 ignis,
646 1476 686 1505 et
724 1464 1023 1506 holocaustum
1066 1465 1119 1505 de
1150 1463 1293 1512 altari,
1339 1475 1380 1504 et
1419 1474 1552 1518 ponet
1581 1463 1689 1503 illud

254 1563 373 1589 secus
403 1545 544 1585 altare.
610 1541 667 1582 Et
698 1539 1015 1597 despoliabit3)
1051 1556 1095 1582 se
1127 1541 1232 1581 stola
1273 1557 1368 1591 sua,
1409 1551 1450 1581 et
1487 1539 1689 1581 induetur

254 1622 362 1665 stola
396 1620 498 1662 alia:
532 1630 572 1660 et
602 1618 740 1675 ejiciet
769 1619 968 1668 hostiam,
1000 1634 1108 1673 quae
1138 1629 1322 1659 cremata
1353 1629 1434 1667 est,
1479 1628 1590 1658 extra
1621 1632 1691 1657 ca·

257 1713 340 1743 stra
370 1700 414 1740 in
444 1699 590 1739 locum
628 1696 853 1737 mundum.
925 1695 980 1735 Et
1016 1694 1121 1748 ignis
1169 1711 1297 1750 super
1336 1693 1466 1735 altare
1507 1693 1687 1743 ardebit,

255 1793 335 1819 nec
366 1762 667 1826 exstinguetur,
715 1784 754 1814 et
784 1772 1012 1813 comburet
1040 1789 1168 1827 super
1196 1770 1364 1826 illud4)
1404 1773 1602 1812 sacerdos
1638 1770 1688 1810 li-

258 1870 337 1907 gna
368 1868 506 1901 mane,
538 1862 576 1892 et
606 1849 864 1905 constipabit
892 1848 938 1890 in
966 1849 1075 1890 illud
1105 1849 1426 1897 holocaustum,
1466 1859 1506 1888 ct
1543 1847 1686 1902 impo-

257 1943 329 1972 net
355 1945 483 1985 super
513 1928 621 1969 illud
652 1926 823 1982 adipem
853 1925 1070 1968 salutaris:
1119 1938 1159 1967 et
1189 1925 1296 1979 ignis
1324 1941 1492 1980 semper
1523 1924 1690 1965 ardebit

255 2024 384 2064 super
415 2008 560 2055 altare,
589 2020 668 2046 nec
700 2003 1018 2057 exstinguetur.“
1077 2003 1205 2052 Audi,
1235 2019 1402 2060 semper
1421 2003 1579 2042 debere
1603 2016 1690 2041 esse

256 2087 398 2140 ignem
428 2099 556 2138 super
586 2081 739 2131 altare,
769 2092 809 2122 et
838 2091 907 2130 tu,
944 2080 978 2122 si
1009 2080 1066 2122 vis
1098 2097 1183 2123 esse
1212 2081 1408 2122 sacerdos
1438 2079 1545 2127 Dei,
1583 2077 1691 2119 sicut

256 2162 461 2217 scriptum
495 2171 574 2201 cst:
606 2157 846 2211 ‚,omnes⁵)
876 2158 988 2198 enim
1022 2175 1095 2200 vos
1126 2160 1365 2200 sacerdotes
1394 2154 1577 2198 Domini
1607 2154 1690 2195 eri·

257 2241 349 2281 tis.“
407 2239 462 2279 Et
492 2239 543 2279 ad
575 2248 616 2278 te
647 2235 759 2276 enim
791 2234 966 2277 dicitur:
998 2235 1185 2292 ,‚gens⁶)
1218 2237 1363 2286 electa,
1392 2235 1530 2287 regale
1548 2248 1688 2274 sacer·
1750 2257 1752 2262 ι

258 2316 437 2366 dotium,
466 2315 654 2371 populus
683 2312 729 2354 in
760 2310 1120 2368 acquisitionem.“
1189 2312 1236 2354 Si
1268 2328 1366 2365 ergo
1397 2311 1457 2352 vis
1487 2309 1689 2351 sacerdo·
1751 2308 1752 2319 ¹

259 2395 365 2435 tium
397 2409 519 2445 agere
551 2391 717 2433 animae
748 2401 868 2440 tuae,
896 2406 1118 2446 nunquam
1149 2391 1319 2433 recedat
1348 2389 1453 2441 iguis
1485 2389 1537 2428 de
1566 2383 1689 2426 altari
1751 2390 1752 2420 ἰ

375 2589 419 2643 ¹)
453 2587 540 2629 Cfr.
567 2587 586 2626 I
618 2585 731 2627 Sam.
765 2585 860 2634 XV,
890 2587 957 2628 22.
987 2585 1031 2641 (Ι
1060 2585 1212 2640 Regg.)

376 2658 422 2713 ²)
453 2657 587 2700 Levit.
619 2655 690 2705 Vl,
720 2656 888 2699 8—13.

375 2729 422 2783 3)
451 2727 563 2768 Edd.
591 2725 788 2767 Merlini:
822 2723 1085 2781 dispoliabit.

374 2797 420 2853 ⁴)
449 2797 659 2838 Eaedem:
691 2794 826 2836 illum.
947 2794 992 2839 ⁵)
1025 2792 1113 2833 Cfr.
1144 2790 1269 2834 Jesai.
1300 2791 1412 2842 LXI,
1441 2792 1478 2834 6.

372 2866 420 2922 ⁶)
448 2867 470 2907 Ι
500 2866 612 2908 Petr.
644 2864 698 2915 II,
727 2865 766 2907 9.
798 2889 849 2896 —
880 2863 990 2906 Edd.
1020 2860 1220 2904 Merlini:
1251 2877 1352 2915 gens
1380 2872 1535 2904 sancta.
