1752 3136
498 136 550 168 m
579 125 778 168 Exonum
809 124 1011 166 ΗοΜηῐΑ
1040 123 1091 164 ΙῘ.
1453 126 1507 170 17

87 234 258 277 rutilant
288 249 452 278 cruore.
514 238 580 277 Ab
611 235 676 277 his
706 250 805 288 ergo
836 236 1029 284 animae,
1061 250 1170 292 quae
1198 248 1433 279 nascuntur
1462 238 1508 280 in

86 313 273 364 ecclesia,
300 314 413 354 velut
443 312 738 354 obstetricibus
767 313 1060 373 medicantur,
1100 312 1199 368 quia
1239 329 1286 354 ex
1315 314 1509 371 Scriptu-

83 378 227 431 rarum
257 390 440 432 lectione
471 400 623 430 cuncta
651 389 696 430 in
717 405 799 431 eas
817 389 860 445 ¹)
891 389 1140 431 eruditionis
1158 389 1371 434 medicina
1401 408 1507 433 con-

79 466 226 508 fertur.
260 463 273 530 ἶ
300 465 456 506 Tentat
483 477 625 506 tamen
655 465 826 507 Pharao
863 483 942 522 per
981 468 1084 508 haec
1124 483 1279 508 necare
1309 468 1508 510 ecclesiae

82 544 308 592 masculos,
340 559 437 584 cum
480 543 679 584 studiosis
731 542 970 599 quibusque
1007 544 1051 585 in
1092 544 1309 599 scripturis
1354 545 1506 587 divinis

81 618 313 660 haereticos
337 635 493 670 sensus,
525 617 563 660 et
591 636 785 675 perversa
818 621 1015 671 dogmata
1045 620 1237 673 suggerit.
1307 621 1392 663 Sed
1422 632 1505 663 st-at

78 695 300 736 immobile
338 697 665 739 fundamentum
707 696 802 738 Dei.
885 696 1059 738 Timent
1097 697 1211 739 enim
1263 697 1506 740 obstetrices

77 772 234 821 Deum,
263 773 306 814 id
339 784 412 823 est,
441 773 639 815 timorem
676 773 760 814 Dei
791 775 971 823 docent,
1008 774 1107 831 quia
1145 774 1337 823 „initium
1358 774 1405 830 2)
1437 791 1503 816 sa-

24 886 28 895 x
76 849 261 905 pientiae
290 850 421 892 timor
448 848 672 891 Domini.“
730 850 802 891 Sic
826 850 1010 906 denique
1029 851 1340 907 competentius
1366 851 1505 907 aptari

0 928 3 943 '
47 930 53 937 '
80 938 185 982 puto
219 937 260 968 et
293 926 414 977 illud,
446 927 562 983 quod
594 927 638 967 in
668 927 977 982 posterioribus
1004 927 1209 983 scriptum
1236 939 1306 978 est,
1334 928 1408 969 ubi
1438 929 1502 969 di·

80 1002 156 1043 cit:
187 1003 374 1058 ‚,quia³)
404 1003 610 1045 timebant
641 1004 884 1045 obstetrices
914 1004 1071 1053 Deum,
1104 1006 1299 1045 fecerunt
1319 1005 1397 1046 sibi
1421 1007 1503 1047 do-

75 1086 209 1122 mos.“
269 1079 403 1134 Quod
434 1082 592 1122 dictum
623 1082 785 1122 nullam
807 1081 1155 1136 consequentiam
1184 1082 1420 1122 secundum
1453 1082 1503 1123 li-

75 1166 208 1198 teram
253 1157 411 1198 habere
458 1168 609 1213 potest.
689 1157 794 1219 Quis
844 1158 957 1199 enim
1001 1160 1110 1199 ordo
1153 1169 1234 1208 est,
1281 1170 1327 1199 ut
1367 1159 1501 1199 dicat:

73 1234 199 1289 „quia
215 1232 260 1289 4)
291 1234 501 1275 timebant
531 1235 776 1277 obstetrices
804 1235 962 1285 Deum,
981 1236 1174 1276 fecerunt
1190 1235 1270 1277 sibi
1292 1236 1500 1279 domos?“

75 1310 195 1366 quasi
223 1322 452 1366 propterea
483 1312 635 1353 domus
667 1313 762 1362 fiat,
803 1312 899 1368 quia
937 1312 1113 1354 timetur
1146 1312 1278 1354 Deus.
1339 1313 1436 1354 Hoc
1468 1314 1503 1355 si

74 1386 131 1430 ita
160 1388 413 1444 accipiatur,
457 1400 503 1429 ut
541 1389 744 1445 scriptum
784 1401 862 1438 est,
901 1406 991 1430 non
1028 1390 1170 1431 solum
1210 1390 1318 1431 nihil
1351 1407 1499 1433 conse-

76 1465 291 1519 quentiae,
337 1466 411 1506 sed
457 1477 497 1506 et
534 1464 745 1508 inanitatis
793 1465 1029 1522 plurimum
1072 1468 1231 1509 habere
1274 1467 1501 1511 videbitur.

77 1541 154 1583 Sin
185 1553 324 1582 autem
355 1541 509 1591 videas,
543 1545 768 1596 quomodo
799 1543 1030 1599 scripturae
1059 1544 1160 1585 novi
1190 1561 1237 1585 ac
1267 1545 1413 1586 veteris
1442 1557 1504 1586 te-

74 1619 268 1660 stamenti
307 1618 506 1659 timorem
536 1619 620 1660 Dei
660 1621 858 1662 docentes
904 1621 1056 1662 domos
1097 1620 1297 1661 ecclesiae
1334 1621 1504 1673 saciant,

75 1706 120 1736 ut
137 1695 181 1749 5)
211 1695 455 1736 universum
486 1697 634 1737 orbem
654 1707 791 1737 terrae
814 1696 1056 1737 orationum
1081 1697 1279 1738 domibus
1296 1699 1503 1754 repleant,

72 1784 187 1822 tunc,
219 1772 337 1827 quod
365 1772 569 1827 scriptum
603 1784 676 1823 est,
706 1772 1015 1814 rationabiliter
1043 1773 1246 1830 scriptum
1278 1775 1502 1816 videbitur.

74 1848 144 1890 Sic
177 1864 275 1900 engo
306 1848 409 1890 istae
440 1850 698 1899 obstetrices,
730 1850 828 1905 quia
858 1849 1008 1891 timent
1037 1850 1204 1901 Deum,
1234 1864 1274 1892 et
1302 1853 1504 1893 timorem

73 1926 157 1967 Dei
189 1927 358 1974 docent,
387 1943 479 1967 non
509 1926 670 1967 faciunt
691 1937 968 1982 praeceptum
995 1927 1098 1979 regis
1119 1929 1308 1985 Aegypti,
1337 1929 1410 1968 sed
1441 1928 1502 1969 vi-

72 2002 240 2045 vificant
268 2004 478 2045 masculos
507 2019 627 2044 suos:
658 2019 735 2043 nec
765 2015 906 2044 tamen
939 2003 1112 2054 dicitur,
1140 2005 1248 2059 'quia
1278 2005 1500 2060 paruerint

70 2091 301 2137 praecepto
331 2081 436 2133 regis
466 2080 659 2137 Aegypti,
689 2091 736 2120 ut
763 2066 1020 2122 vivificarent
1036 2082 1224 2124 seminas.
1279 2081 1371 2133 Ego
1394 2097 1498 2122 con-

73 2157 253 2198 fidenter
282 2158 419 2197 audeo
452 2157 592 2198 dicere
615 2159 851 2199 secundum
876 2157 1122 2213 Scripturae
1138 2158 1182 2214 6)
1200 2175 1386 2212 sensum,
1420 2159 1497 2198 ob-

71 2233 256 2275 stetrices
294 2233 394 2275 istae
432 2250 524 2274 non
562 2233 772 2275 vivificant
802 2234 992 2276 feminas.
1059 2236 1209 2290 Neque
1249 2235 1360 2276 enim
1401 2235 1497 2275 vitia

70 2311 284 2351 docentur
314 2310 360 2351 in
391 2309 588 2360 ecclesiis,
616 2322 687 2351 aut
716 2311 878 2354 luxuria
910 2312 1192 2367 praedicatur,
1223 2324 1294 2355 aut
1322 2323 1497 2367 peccata

188 2507 229 2563 ¹)
258 2507 372 2549 Edd.
402 2506 598 2548 Merlini:
631 2524 690 2549 ea.

184 2577 231 2632 2)
258 2576 413 2620 Psalm.
447 2575 559 2626 CXI,
591 2578 656 2619 10.
687 2577 830 2633 (CX.)

185 2646 231 2702 ³)
262 2646 399 2689 Exod.
430 2646 462 2696 Ῐ,
490 2647 558 2688 21.
591 2647 688 2688 coll.
723 2645 863 2688 Codd.
893 2647 946 2693 V,
981 2646 1032 2687 T.

183 2715 230 2771 4)
260 2715 397 2758 Exod.
427 2715 460 2768 I,
490 2717 558 2758 21.
590 2717 689 2758 coll.
718 2731 813 2772 pag.
844 2714 932 2773 huj.
962 2729 1051 2759 not.
1081 2717 1122 2760 3.

184 2784 230 2840 6)
259 2785 372 2827 Edd.
398 2785 598 2827 Merlini:
631 2797 683 2828 et.

181 2855 227 2909 6)
257 2855 372 2897 Alias
401 2854 460 2911 (e.
491 2872 522 2896 c.
553 2855 597 2896 in
628 2856 729 2897 edd.
761 2854 872 2910 M.):
903 2855 1164 2912 „scripturae
1195 2859 1378 2897 sensus.“
1408 2854 1458 2895 R.

72 2931 296 2973 Omenms
326 2930 500 2975 OPERA.
534 2931 658 2973 Tom.
691 2932 764 2973 IX.
1140 2933 1168 2974 2
