1752 3136
556 129 608 160 m
638 117 892 160 Lssvrrlcnm
923 116 1126 157 Hom1nA
1160 116 1232 157 ΙΙΙ.
1508 94 1602 163 ’205

179 239 277 270 sunt
304 227 499 270 animalia
529 228 691 268 munda
722 226 895 282 quidem
915 236 1095 281 propter
1120 225 1346 276 Christum,
1375 231 1604 275 morticina

181 317 321 346 autem
351 316 530 361 propter
556 298 791 358 peccatum.
849 301 974 356 Quae
1002 303 1036 344 si
1067 302 1158 358 quis
1186 303 1385 356 tetigerit,
1415 306 1498 347 hoc
1530 322 1602 360 est,

178 381 212 423 si
242 393 404 423 secutus
435 380 560 422 suerit
591 381 682 434 quis
710 378 752 420 in
786 391 986 435 peccate,
1020 378 1268 422 immundus
1308 382 1397 423 erit.
1466 385 1524 425 Et
1566 387 1601 428 si

179 459 269 514 quis
300 456 545 515 hujusmodi
568 455 749 496 hominis
768 454 1043 497 morticinum
1066 456 1297 509 contigerit,
1330 459 1374 500 id
1397 472 1468 511 est,
1498 461 1601 519 ejus,

177 535 250 589 qui
279 535 510 575 secundum
540 532 749 573 rationem
788 532 928 573 vivens
969 533 1136 588 primo,
1184 545 1223 574 et
1262 533 1305 575 in
1344 539 1474 579 verbo
1515 540 1601 582 Dei

174 622 304 651 semet
331 609 469 665 ipsum
502 626 720 660 exercens,
757 610 1035 663 postmodum
1080 609 1237 652 decidit
1274 610 1319 653 in
1355 627 1599 668 peccatum:

174 686 208 727 si
237 685 329 742 quis
359 702 454 728 eum
496 697 717 742 sequatur,
756 698 828 728 aut
865 686 1072 735 imitetur,
1111 687 1297 730 hominis
1334 691 1598 749 contingit¹)

173 762 462 813 morticinum,
494 775 533 804 et
564 764 641 804 erit
667 760 925 805 immundus.
985 763 1071 805 Sed
1113 775 1152 805 et
1191 781 1214 805 a
1245 766 1331 807 fera
1361 781 1534 822 captum
1563 772 1599 813 si

176 840 412 893 contigeris,
440 840 687 882 immundus
718 840 809 882 eris.
872 840 995 894 Quae
1035 852 1094 881 est
1133 841 1252 884 sera?
1310 843 1397 884 Leo
1428 858 1509 897 est,
1543 864 1599 891 an

173 919 312 973 lupus,
344 934 451 974 quae
482 917 593 973 rapit
620 918 827 968 homines,
857 919 921 958 vel
951 915 1171 972 jumenta?
1210 919 1301 969 Illa,
1333 923 1476 973 credo,
1505 926 1597 967 fera

175 1006 244 1043 est,
277 996 329 1035 de
359 1011 442 1049 qua
481 994 583 1036 dicit
622 994 772 1035 Petrus
814 994 1071 1050 Apostolus:
1108 995 1234 1050 „quia
1252 996 1297 1051 ²)
1337 999 1597 1044 adversarius

171 1083 306 1112 vester
336 1072 531 1113 diabolus
559 1070 665 1113 sicut
702 1072 771 1111 leo
812 1071 979 1122 rugiens
1010 1071 1178 1122 circuit,
1222 1089 1426 1128 quaerens
1469 1095 1597 1133 quem

171 1147 479 1202 t1-ansvoret.³)
541 1147 621 1188 Cui
651 1146 824 1189 resistite
855 1149 986 1188 fortes
1016 1146 1061 1188 in
1090 1149 1215 1190 fidc.“
1258 1149 1314 1192 Et
1342 1170 1510 1196 rursum
1541 1157 1596 1198 de

172 1224 325 1279 quibus
345 1223 446 1265 dicit
468 1226 699 1281 Apostolus
720 1225 918 1267 Paulus:“
945 1225 1163 1266 intrabunt
1178 1224 1223 1282 4)
1240 1229 1353 1289 enirn
1383 1242 1482 1285 post
1513 1233 1596 1275 dis-

172 1318 331 1344 cessum
366 1318 509 1342 meum
551 1302 656 1359 lupi
681 1319 876 1358 rapaces,
919 1287 1010 1343 noon
1049 1316 1267 1358 parcentes
1303 1307 1454 1360 gregi.“
1523 1311 1592 1350 Ab

168 1380 252 1422 istis
291 1395 388 1433 ergo
424 1368 523 1420 feris
563 1380 596 1421 si
636 1392 807 1434 captum
846 1378 1018 1429 videris,
1056 1380 1149 1421 noli
1187 1397 1283 1422 eum
1322 1383 1462 1440 sequi,
1502 1387 1595 1428 noli

170 1457 428 1510 contingere,
456 1473 511 1497 ne
542 1467 582 1497 et
610 1468 656 1497 tu
687 1456 880 1497 efficiaris
909 1456 1171 1499 immundus.
1240 1459 1349 1501 Sunt
1375 1474 1596 1516 praeterea

171 1546 211 1575 et
240 1534 319 1575 alia
347 1533 573 1574 immunda
602 1531 813 1581 animalia,
842 1548 1027 1587 quorum
1048 1534 1322 1577 morticinum
1349 1549 1459 1580 vetat
1489 1557 1593 1581 con-

168 1611 285 1663 tingi.
341 1611 568 1650 Immunda
599 1608 794 1650 animalia
823 1621 920 1649 sunt
949 1611 1169 1662 homines,
1208 1612 1279 1668 qui
1320 1627 1431 1657 extra
1466 1617 1592 1659 Chri-

167 1700 276 1730 stum
308 1697 418 1736 sunt‚
448 1687 492 1726 in
525 1684 677 1741 quibus
714 1702 853 1741 neque
879 1686 1010 1737 ratio,
1054 1705 1195 1744 neque
1224 1691 1370 1743 religio
1401 1695 1488 1736 ulla
1519 1706 1591 1737 est.

168 1765 336 1806 Horum
370 1778 469 1814 ergo
503 1761 696 1803 omnium
725 1762 963 1813 morticina,
995 1763 1040 1805 id
1071 1776 1142 1815 est,
1173 1781 1346 1822 peccata
1375 1769 1409 1810 si
1437 1771 1593 1823 videas,

168 1841 270 1884 dicit
297 1840 377 1882 tibi
406 1839 638 1892 legislator,
682 1855 737 1880 ne
778 1839 1028 1891 contigeris,
1073 1859 1130 1884 ne
1158 1845 1508 1903 adtamineris‚⁵)
1537 1866 1593 1891 ne

165 1917 468 1960 adtrectaveris.
529 1916 584 1957 Et
611 1915 713 1957 istae
742 1928 839 1958 sunt
865 1917 1174 1970 immunditiae,
1206 1937 1313 1977 quae
1340 1923 1493 1965 merito
1524 1926 1593 1967 fu-

168 1997 343 2048 giendae
372 2006 479 2036 sunt.
547 1992 744 2035 Hominis
783 2005 924 2039 autem
961 2006 1119 2037 tactum
1157 1997 1252 2040 noli
1282 2000 1495 2051 refugere,
1524 2003 1590 2044 vel

166 2071 326 2113 mortui
359 2071 573 2127 corporis,
613 2071 680 2113 cui
710 2071 840 2122 magis
879 2074 1096 2127 sepultura
1135 2073 1326 2126 religiosa
1359 2077 1591 2122 deferenda

168 2161 241 2193 est.
296 2148 503 2189 Judaicae
530 2149 631 2189 istae
660 2160 755 2190 sunt
786 2160 825 2189 et
853 2147 1020 2191 inutiles
1049 2151 1242 2199 fabulae,
1278 2151 1461 2207 speciem
1493 2155 1587 2211 qui-

168 2227 266 2267 dem
303 2224 469 2281 pietatis
507 2225 730 2276 babentes,
781 2224 979 2267 virtutem
1018 2242 1118 2268 vero
1153 2227 1282 2283 ipsius
1323 2230 1587 2281 denegantes.

165 2302 310 2344 Prima
342 2318 439 2355 ergo
479 2303 543 2343 lex
582 2302 635 2343 de
674 2302 952 2345 immunditiis
992 2304 1088 2345 data
1129 2316 1197 2346 est.
1267 2304 1313 2346 Si
1353 2307 1443 2362 quis
1471 2305 1588 2365 jura-

285 2524 330 2578 1)
358 2525 470 2567 Edd.
499 2522 695 2566 Merlini:
727 2523 913 2578 contigit.
1031 2524 1078 2579 2)
1107 2524 1128 2565 Ι
1156 2525 1267 2570 Petr.
1297 2527 1347 2578 V,
1371 2529 1409 2573 8.
1439 2530 1480 2574 9.

280 2600 327 2655 3)
358 2600 467 2654 Οοᾶ.
506 2601 801 2652 Sangerman.:
829 2606 1130 2654 „transvoret.“
1185 2602 1303 2646 Libri
1332 2604 1430 2649 editi
1460 2607 1518 2665 (v.
1550 2625 1584 2651 c.

165 2658 261 2700 edd.
291 2657 395 2712 Μ.)·
424 2658 666 2707 ‚,devoret.“
695 2658 748 2699 R.

279 2726 325 2781 ⁴)
357 2729 450 2769 Act.
479 2727 578 2777 XX,
607 2728 674 2771 29.

281 2794 325 2851 ⁵)
353 2795 465 2839 Cod.
497 2796 769 2850 Sangerman.
798 2796 964 2854 (itemq.
996 2801 1091 2843 edd.
1120 2800 1233 2857 M.):
1272 2801 1582 2852 „adtaminave-

162 2851 260 2898 ris.“
315 2851 432 2894 Libri
463 2853 585 2896 editi:
613 2854 950 2906 ‚,adtamineris.“
977 2856 1029 2899 R.
