1752 3136
491 150 536 179 m
570 137 822 177 LEmeUM
851 133 1051 174 HommA
1081 133 1154 172 IX.
1440 134 1525 177 345

123 261 211 292 cata
242 250 427 291 filiorum
458 249 604 295 Israel,
651 258 692 286 et
733 243 950 300 injustitias
981 260 1156 294 eorum,
1206 257 1246 286 et
1288 243 1527 298 iniquitates

121 327 322 383 ipsorum.
378 327 477 366 Non
510 323 618 364 enim
651 322 722 362 ille
751 321 914 370 hircus,
952 321 1023 378 qui
1054 321 1236 363 Domini
1277 338 1365 363 sors
1396 319 1527 360 effici=

120 415 202 454 tur,
231 404 302 445 sed
332 403 415 450 ille,
447 398 563 457 cujus
593 415 680 440 sors
711 405 780 448 est,
810 411 856 439 ut
884 398 925 439 in
954 415 1144 439 eremum
1176 397 1421 446 dimittatur,
1453 413 1526 436 au-

119 482 229 521 ferre
258 496 304 523 ea
335 477 508 524 dicitur,
546 477 777 517 secundum
810 474 937 525 illud,
983 476 1135 524 credo,
1177 477 1295 530 quod
1324 474 1528 529 scriptum

122 569 200 598 est:
232 554 414 609 ‚,dcdi¹)
447 553 824 594 commutationem
854 564 970 593 tuam
1002 553 1253 610 Aegyptum,
1287 564 1325 591 et
1355 549 1530 591 Aethio-

120 633 247 688 piam,
277 643 316 672 et
347 631 532 672 Soe'nem
549 629 594 684 ²)
625 639 704 685 pro
735 640 798 678 te,
831 646 877 670 ex
910 646 994 684 quo
1026 641 1071 669 tu
1102 629 1366 670 honorabilis
1397 629 1531 668 factus

121 724 161 749 es
190 707 232 748 in
265 718 494 763 conspectu
523 712 662 747 mco.“
719 706 896 747 Peccata
925 705 1050 757 igitur
1082 722 1245 755 eorum,
1277 707 1348 761 qui
1378 704 1530 760 poeni-

120 783 290 825 tentiam
324 796 518 836 egerunt,
560 795 599 824 et
631 800 805 833 eorum,
846 782 916 837 qui
962 781 1280 838 dereliquerunt
1318 781 1535 829 malitiam,

121 878 247 916 super
277 861 410 916 capita
441 876 515 901 sua
553 860 785 914 suscipiunt
814 859 880 910 hi,
931 859 1003 915 qui
1046 860 1184 900 effecti
1221 872 1317 900 sunt
1347 859 1389 900 in
1421 871 1535 907 sorte

123 935 224 995 ejus,
256 937 328 993 qui
356 937 400 978 in
432 954 621 979 eremum
654 935 894 986 dimittitur,
940 937 1012 992 qui
1049 953 1093 978 sc
1130 936 1242 992 ipsos
1285 938 1434 988 dignos
1464 936 1536 977 tali

122 1014 369 1064 ministerio,
399 1016 462 1055 vel
493 1013 740 1070 hujusmodi
771 1025 883 1054 sorte
902 1015 1103 1054 fecerunt.
1158 1013 1428 1066 Convenit3)
1462 1031 1536 1054 au-

121 1104 207 1132 tem
236 1092 350 1131 velut
380 1107 401 1131 e
434 1090 645 1130 contrario
686 1089 819 1144 aptari
861 1089 923 1131 his
962 1102 1002 1130 et
1043 1089 1169 1139 illud,
1216 1093 1334 1145 quod
1376 1091 1537 1131 dictum

86 1164 95 1167 i
125 1179 209 1209 est:
240 1165 399 1222 ‚‚qui⁴)
442 1167 590 1216 habet,
631 1166 801 1206 dabitur
839 1167 919 1208 ei.“
989 1166 1109 1208 Sicut
1149 1166 1260 1208 enim
1303 1168 1374 1223 qui
1413 1168 1540 1209 habet

121 1245 310 1302 justitias,
341 1242 510 1285 dabitur
540 1242 598 1283 ei:
635 1242 691 1284 ita
725 1254 764 1284 et
794 1243 866 1298 qui
895 1244 1024 1284 habet
1052 1255 1248 1299 peccata,
1286 1244 1329 1285 in
1360 1257 1538 1295 tantum,

124 1334 171 1363 ut
197 1321 242 1362 in
269 1332 381 1362 sorte
411 1319 700 1376 apopompaei
730 1320 967 1362 inveniatur
996 1320 1130 1371 illius,
1174 1320 1247 1375 qui
1276 1321 1319 1362 in
1352 1339 1538 1364 cremum

127 1399 355 1441 emittitur:
386 1400 600 1440 addentur
631 1397 667 1438 ei
698 1414 757 1447 ea,
788 1414 897 1452 quae
928 1399 1218 1450 abstergentur
1249 1415 1271 1438 a
1301 1399 1464 1449 sanctis,
1496 1412 1542 1440 ut

128 1488 168 1517 ct
196 1475 241 1515 in
270 1474 369 1530 ipsis
401 1474 680 1528 compleatur,
712 1475 830 1529 quod
859 1476 1061 1530 scriptum
1096 1486 1173 1515 est:
1206 1476 1345 1530 „ab⁵)
1379 1493 1429 1517 eo
1466 1495 1540 1518 au-

129 1565 227 1601 tem,
259 1550 331 1606 qui
359 1567 450 1592 non
481 1551 621 1600 habet,
654 1550 778 1591 etiam
810 1553 928 1607 quod
959 1552 1087 1592 habet
1116 1552 1328 1593 auferetur
1357 1556 1409 1595 ab
1442 1561 1543 1597 co:“

128 1640 176 1669 ut
207 1628 244 1669 ei
274 1622 467 1676 addat'ur,
497 1627 570 1683 qui
601 1628 727 1669 habet
754 1629 909 1670 multas
947 1644 1066 1668 mnas
1105 1643 1393 1683 peccatorum.
1457 1627 1558 1680 Vc·-

128 1722 224 1746 rum
255 1703 457 1759 quoniam
486 1703 534 1754 is,
565 1704 638 1758 qui
667 1704 711 1744 in
741 1716 854 1746 sorte
875 1704 1057 1745 Domini
1087 1717 1156 1752 est,
1188 1725 1303 1763 spem
1323 1710 1425 1761 gerit
1455 1728 1545 1753 non

128 1784 172 1826 in
202 1779 411 1837 praesenti
443 1782 633 1832 saeculo,
674 1782 746 1821 sed
777 1781 821 1821 in
851 1783 1019 1830 futuro,
1051 1794 1091 1822 et
1120 1781 1236 1839 cujus
1266 1802 1356 1826 sors
1390 1787 1546 1828 Domi-

129 1877 209 1901 nus
240 1870 320 1907 est,
363 1857 552 1913 quotidie
590 1857 791 1898 moritur:
843 1870 1070 1915 propterea
1109 1859 1141 1900 is
1181 1861 1374 1915 quidem,
1417 1880 1547 1919 super

132 1952 259 1992 quem
287 1951 378 1976 sors
407 1933 587 1975 Domini
618 1935 894 1991 cecide1·it‚⁵)
933 1934 1170 1992 jugulatur,
1203 1949 1240 1977 et
1270 1940 1472 1990 moritur,
1501 1953 1548 1981 ut

133 2012 330 2064 sanguine
361 2028 438 2053 suo
468 2009 664 2066 purificet
691 2012 903 2066 populum
949 2013 1057 2053 Dei:
1095 2013 1167 2055 ille
1198 2026 1361 2065 autem,
1402 2017 1473 2070 qui
1503 2017 1549 2058 in

133 2100 291 2132 sortem
323 2086 578 2129 contrariam
610 2088 820 2140 ceciderit,
851 2105 941 2130 non
972 2101 1033 2131 est
1063 2089 1224 2143 dignus,
1253 2103 1300 2131 ut
1328 2092 1549 2143 moriatur,

137 2164 234 2221 quia
265 2164 337 2220 qui
365 2165 410 2205 in
446 2176 558 2205 sorte
588 2163 767 2207 Domini
810 2177 888 2215 est,
932 2183 1022 2207 non
1062 2179 1120 2208 est
1157 2169 1210 2208 de
1250 2168 1331 2208 hoc
1363 2171 1546 2212 mundo:

138 2242 209 2283 ille
249 2258 349 2282 vero
399 2243 449 2282 de
481 2240 564 2282 hoc
594 2243 757 2282 mundo
791 2254 872 2293 est,
911 2244 983 2298 qui
1025 2243 1069 2284 in
1110 2246 1272 2285 mundo
1315 2245 1549 2298 dimittitur,

140 2331 180 2361 et
208 2319 405 2368 mundus,
435 2318 552 2373 quod
582 2335 704 2359 suum
737 2331 817 2368 est,
849 2319 991 2371 diligit.
1061 2319 1162 2362 Ideo
1201 2338 1290 2362 non
1332 2323 1550 2375 occiditur,

261 2528 304 2583 ¹)
334 2526 458 2569 Jesai.
488 2526 641 2577 XLIII,
669 2529 709 2572 3.
741 2528 779 2570 4,

257 2598 304 2653 ²)
333 2597 432 2640 Mss.
471 2598 744 2647 ‚,Soi3nem.“
827 2597 944 2640 Libri
985 2598 1084 2641 editi
1136 2600 1194 2653 (v,
1235 2617 1269 2642 c.
1310 2601 1404 2642 edd.
1446 2602 1551 2655 Μ.>;

146 2656 389 2710 ‚,Syenen.“
417 2654 468 2699 R.

260 2724 306 2777 3)
335 2723 448 2763 Edd.
479 2723 672 2765 Merlini:
706 2723 955 2767 Conveniet.

262 2793 308 2847 Δ1)
338 2792 489 2835 Matth.
520 2793 638 2843 XIII,
670 2794 733 2836 12.
852 2796 897 2850 ⁵)
930 2795 1078 2838 Matth.
1110 2793 1227 2848 XIII,
1257 2798 1323 2841 12.

261 2862 308 2916 ⁶)
338 2863 420 2907 Ed.
448 2863 584 2907 Ruaei
614 2865 728 2908 sola:
760 2864 968 2908 ceciderit.
