1752 3136
225 154 308 197 19⁴
823 148 1047 192 Omcnms

222 278 436 309 turturum
469 276 538 306 aut
569 265 676 304 dnos
707 264 849 320 pullos
896 263 1194 304 columbarum
1226 260 1421 303 Domino
1455 261 1657 304 obtuiisti.

224 345 361 400 Quod
390 346 422 386 si
454 343 538 392 illa,
569 358 678 397 quac
706 357 781 398 spe
815 352 854 382 et
885 340 968 382 fide
999 339 1138 398 major
1169 351 1252 390 cst,
1282 341 1431 381 caritas
1462 339 1654 381 abunda-

224 423 330 464 verit
369 421 413 462 in
455 420 586 462 corde
627 431 724 468 tuo,
768 418 824 460 ita
865 430 911 459 ut
950 418 1097 470 diligas
1138 417 1383 474 proximum
1416 429 1536 458 tuum
1566 432 1657 457 non

225 501 366 542 solum
396 498 501 540 sicut
531 510 570 538 te
602 497 764 552 ipsum,
794 497 866 536 scd
897 495 1003 538 sicut
1035 494 1219 537 ostendit
1248 494 1331 547 ille,
1365 495 1437 550 qui
1468 495 1659 535 dicebat:

226 576 458 634 „majorem
483 575 524 631 ¹)
556 573 698 627 hac2)
728 573 942 614 caritatem
968 589 1095 613 ncmo
1128 573 1279 621 habet,
1321 588 1448 627 quarn
1489 582 1535 611 ut
1566 569 1657 611 ani-

226 671 338 695 mam
369 670 485 695 suam
517 662 653 707 ponat
683 649 835 705 quis³)
865 666 947 704 pro
979 649 1120 691 amicis
1150 650 1233 691 suis
1248 651 1287 690 :“
1327 665 1458 704 panes
1498 647 1655 689 simila-

228 748 324 772 ceos
341 730 386 786 ⁴)
417 729 458 770 in
491 725 714 769 caritatatis
745 726 843 766 oleo
873 727 1070 766 subactos
1098 727 1186 767 sine
1214 727 1306 767 ullo
1335 728 1544 766 fermento
1568 742 1657 766 ma—

226 808 339 849 litiae
371 818 409 847 et
439 803 665 860 nequitiae,
695 802 739 843 in
771 801 924 860 azymis
954 800 1202 843 sinceritatis
1233 815 1271 843 et
1302 803 1483 844 veritatis
1515 815 1552 843 te
1581 803 1660 842 ob-

230 884 371 924 tulisse
403 896 624 933 cognosce.
694 879 742 920 Si
785 890 925 919 autem
966 879 1010 919 in
1056 877 1339 919 amaritudine
1377 879 1497 920 ssctus
1539 879 1661 934 tui⁵)

227 961 355 1002 fueris
387 960 515 1008 luctu,
544 957 729 999 lacrimis
762 969 801 998 et
829 954 1133 998 lamentatione
1164 955 1395 1004 consectus,
1425 955 1457 996 si
1489 972 1661 996 carnem

229 1052 345 1080 tuam
377 1034 670 1085 maceraveris,
701 1046 739 1076 et
770 1033 938 1092 jejuniis
972 1049 1019 1074 ac
1048 1032 1181 1073 multa
1213 1031 1464 1073 abstinentia
1497 1032 1660 1073 aridam

229 1113 389 1164 seceris,
420 1125 459 1155 et
494 1113 662 1162 dixeris,
696 1111 794 1168 quia
824 1110 930 1152 sicut
960 1110 1184 1152 frixorium
1216 1110 1408 1151 confrixa
1439 1121 1537 1151 sunt
1568 1126 1661 1152 ossa

229 1208 335 1241 mea,
364 1203 467 1232 tunc
501 1190 755 1233 sacrificium
785 1188 968 1230 similam
1000 1204 1021 1228 a
1050 1185 1279 1239 sartagine,
1309 1188 1374 1228 vel
1404 1203 1426 1228 a
1460 1186 1662 1228 craticula

231 1268 492 1323 obtulisse⁶)
532 1279 574 1308 te
602 1266 790 1308 noveris:
832 1276 872 1306 ct
909 1266 993 1306 hoc
1032 1266 1168 1306 modo
1201 1262 1399 1306 inveniris
1439 1275 1484 1304 tu
1513 1263 1664 1314 verius,

231 1359 270 1388 et
300 1346 525 1402 perfectius
549 1345 784 1386 secundum
815 1342 1090 1394 Evangelium
1121 1342 1279 1383 offerre
1307 1340 1525 1392 sacrificia,
1555 1357 1663 1397 quae

229 1424 467 1466 secundum
496 1422 631 1474 legem
664 1419 748 1477 jam
781 1421 938 1461 offerre
966 1436 1057 1460 non
1087 1430 1226 1475 potest
1254 1417 1394 1460 lsrael.

345 1501 384 1543 5.
419 1500 505 1541 Sed
536 1497 762 1547 videamus,
794 1496 898 1552 quid
931 1496 1054 1537 etiarn
1087 1497 1139 1536 de
1170 1495 1259 1546 his,
1291 1510 1398 1550 quae
1428 1510 1566 1549 nuper
1594 1510 1662 1534 re-

232 1577 355 1619 citata
386 1588 495 1626 sunt,
523 1575 792 1617 sentiendum
813 1574 886 1616 sit:
916 1572 1035 1628 „si⁷)
1066 1583 1221 1622 autem,
1250 1570 1400 1627 inquit,
1421 1570 1559 1612 anima
1578 1587 1664 1612 una

231 1654 469 1711 peccaverit
505 1654 658 1695 nolens
701 1669 748 1693 ex
785 1652 953 1708 populo
991 1661 1148 1700 terrae,
1196 1649 1394 1690 faciendo
1433 1664 1568 1689 unum
1609 1648 1663 1689 ab

232 1731 432 1773 omnibus
463 1728 672 1773 mandatis
702 1727 908 1778 Domini,
952 1728 1069 1783 quod
1100 1743 1188 1768 non
1218 1726 1311 1776 fiet,
1357 1737 1395 1766 et
1426 1724 1668 1780 deliquerit,

234 1820 275 1849 et
303 1820 454 1849 notum
486 1810 646 1848 factum
676 1804 803 1846 fuerit
832 1804 894 1845 illi
929 1815 1151 1859 peccatum
1184 1803 1302 1858 quod
1342 1802 1548 1858 peccavit,
1587 1803 1663 1844 ad—

233 1886 360 1926 ducet
391 1885 556 1925 donum
585 1900 724 1933 suum,
755 1898 925 1938 capram
957 1883 1011 1922 de
1040 1881 1190 1921 hoedis
1219 1878 1423 1920 feminam
1454 1878 1543 1920 sine
1572 1895 1663 1920 ma-

234 1963 330 2003 cula
361 1963 544 2002 adducet
583 1977 664 2017 pro
695 1971 891 2017 peccate,
937 1958 1055 2014 quod
1096 1956 1327 2012 peccavit.“
1391 1955 1447 1995 Et
1489 1971 1664 1995 omnem

231 2051 329 2094 post
359 2039 464 2080 haec
491 2036 686 2079 sacrificii
715 2035 856 2088 ritum,
883 2036 1120 2078 secundum
1160 2034 1279 2090 quod
1308 2049 1435 2087 supra
1467 2031 1662 2088 exposui-

353 2214 397 2270 ¹)
427 2214 504 2256 Ev.
535 2213 693 2255 Joann.
724 2212 820 2262 XV,
851 2211 919 2254 13.
1033 2209 1081 2265 ²)
1110 2209 1191 2249 Ed.
1220 2207 1358 2250 Ruaei
1386 2208 1499 2249 sola:
1538 2208 1662 2251 hanc.

351 2283 399 2339 3)
428 2284 559 2324 Deest
588 2281 732 2338 „quis“
755 2282 799 2323 in
829 2291 944 2321 textu
975 2279 1039 2320 ed.
1069 2278 1225 2328 Ruaei3
1269 2278 1415 2318 eadem
1445 2290 1587 2320 tamen
1617 2277 1661 2318 in

233 2340 366 2381 notis:
399 2340 523 2389 „libri
552 2352 676 2380 antea
708 2338 808 2380 editi
839 2339 898 2392 (v.
932 2353 965 2377 c.
996 2336 1091 2376 edd.
1121 2334 1233 2389 M.):
1267 2340 1415 2389 ponat
1453 2336 1549 2389 quis
1570 2345 1660 2389 pro

236 2409 327 2447 etc„
357 2407 398 2436 at
427 2397 529 2438 Mss.
559 2407 607 2437 ut
634 2396 679 2436 in
708 2405 854 2436 nostro
885 2398 1038 2433 textu.“

349 2465 395 2519 4)
429 2466 546 2507 Libri
576 2476 698 2506 antea
730 2462 829 2504 editi
858 2461 917 2517 (v.
952 2479 984 2504 c.
1017 2462 1112 2502 edd.
1143 2461 1249 2512 7M.):
1278 2476 1433 2516 „panes
1462 2457 1662 2510 similagi-

233 2529 365 2565 neos“
398 2537 488 2572 etc„
523 2534 564 2564 at
594 2522 693 2562 Mss.
726 2532 772 2561 ut
800 2519 844 2559 in
874 2530 1020 2560 nostro
1052 2530 1175 2559 textu.
1206 2518 1241 2557 R

349 2594 393 2647 ⁵)
424 2593 676 2633 Pronomcn
705 2589 820 2640 ‚,tui“
849 2590 963 2630 deest
991 2590 1036 2630 in
1065 2600 1187 2629 antea
1218 2585 1357 2635 editis,
1395 2586 1468 2626 sed
1498 2583 1659 2638 reperi-

233 2662 303 2690 tur
332 2648 374 2689 in
398 2648 506 2690 Cod.
525 2647 919 2699 Sangermanensi.“
938 2646 988 2687 R.
1014 2671 1065 2678 —
1085 2644 1254 2696 Legitur
1278 2642 1392 2692 „tui“
1420 2641 1464 2681 in
1485 2642 1582 2681 edd.
1601 2639 1660 2680 M.

352 2719 397 2773 ⁶)
430 2718 540 2760 Cod.
581 2715 977 2769 Sangermanensis:
1018 2713 1272 2768 „obtuta-is,
1320 2724 1360 2753 et
1400 2712 1485 2752 hoc
1524 2710 1659 2751 modo

231 2775 483 2817 invenieris“
514 2787 587 2816 etc.
618 2772 668 2814 R.

349 2844 393 2899 ⁷)
423 2843 549 2884 Levit.
587 2841 669 2891 IV,
703 2842 770 2884 27.
805 2842 873 2884 28.
910 2868 965 2877 —
998 2840 1109 2883 Edd.
1151 2839 1346 2883 Merlini:
1390 2853 1476 2880 una
1518 2835 1659 2877 anima

230 2901 469 2957 peccaverit
497 2899 642 2941 volens
674 2913 722 2939 ex
752 2898 917 2955 populo
951 2910 1028 2939 etc.
