1752 3136
227 114 283 158 78
830 111 1052 154 Omessms

225 227 491 275 referuntur,
538 240 615 282 per
664 239 772 280 quos
809 226 973 281 palmas
1023 224 1225 267 victoriae
1267 223 1425 266 Christi
1467 226 1654 268 mundus

226 315 485 358 agnosceret.
545 303 646 344 Non
679 317 779 354 ergo
810 302 968 344 sufficit
998 304 1166 359 populo
1198 300 1282 344 Dei
1314 318 1468 358 aquam
1506 301 1656 345 Marae

224 383 386 431 bibere,
419 380 608 437 quamvis
637 379 681 420 in
715 380 986 421 dulcedinem
1018 396 1133 422 versa
1165 381 1238 422 sit:
1271 379 1462 436 quamvis
1493 395 1570 435 per
1601 379 1653 420 li-

225 475 352 511 gnum
386 458 505 508 vitae,
538 470 577 499 et
606 457 853 516 mysterium
887 457 1020 498 crucis
1064 459 1204 500 omnis
1235 458 1381 500 literae
1411 455 1653 498 amaritudo

225 536 403 592 depulsa
443 536 504 577 sit.
575 535 730 576 Solum
768 547 882 576 vetus
922 533 1251 577 instrumentum
1297 551 1386 576 non
1415 533 1570 577 sufficit
1601 535 1655 576 ad

223 613 486 664 bibendum;
515 613 588 653 sed
618 612 875 652 veniendum
908 623 968 652 est
992 614 1044 653 ad
1066 629 1224 654 novum
1257 623 1567 662 testamentum,
1601 613 1654 653 de

224 707 310 746 quo
342 691 501 746 absque
530 689 734 744 scrupulo
765 688 951 738 bibitur,
980 690 1140 744 absque
1172 690 1259 731 ulla
1292 689 1543 731 difficultate
1572 706 1653 744 po-

222 778 347 807 tatur.
406 765 561 806 Judaei
593 765 714 806 etiam
744 781 860 805 nunc
894 767 1008 820 apud
1039 765 1206 806 Maram
1237 778 1346 817 sunt,
1379 766 1503 808 etiam
1535 783 1652 807 nunc

223 843 405 884 assident
446 841 562 897 ad¹)
605 859 732 898 aquas
775 858 950 883 amaras.
1035 842 1241 883 Nondum
1287 844 1400 884 enim
1445 843 1494 885 iis
1533 844 1652 885 Deus

224 920 410 961 ostendit
439 918 628 972 lignum,
656 936 735 976 per
766 920 885 975 quod
917 919 1059 961 dulces
1091 919 1242 960 fierent
1280 935 1414 976 aquae
1444 921 1651 976 ipsorum.

220 996 391 1038 Etenim
431 995 639 1052 praedixit
676 996 724 1039 iis
764 996 998 1053 propheta,
1040 995 1138 1052 quia
1168 995 1337 1054 „nisi²)
1377 997 1650 1048 credideritis,

220 1091 363 1130 neque
393 1073 671 1129 intelligetis.“

333 1152 373 1194 4.
404 1154 508 1194 Post
537 1152 640 1193 haec
671 1151 874 1207 scriptum
910 1162 990 1192 est:
1021 1150 1092 1200 „in
1111 1150 1156 1205 3)
1175 1153 1365 1193 secundo
1397 1169 1554 1203 mense,
1584 1151 1651 1194 in-

221 1228 324 1285 quit,
355 1240 585 1285 postquam
617 1230 670 1270 de
702 1231 895 1287 Aegypto
936 1228 1120 1284 profecti
1150 1241 1269 1279 sunt,
1309 1230 1455 1285 quinta
1486 1229 1650 1272 decima

221 1307 290 1348 die
320 1307 487 1356 mensis,
518 1307 799 1348 murmuravit
832 1300 1032 1362 populus
1054 1308 1274 1348 adversum
1300 1306 1455 1348 Mosen
1484 1307 1646 1349 dicens:

217 1384 380 1425 utinam
420 1383 578 1425 mortui
617 1383 841 1424 fuissemus
881 1383 925 1423 in
966 1395 1078 1424 terra
1110 1383 1310 1442 Aegypti,
1353 1401 1448 1425 cum
1481 1387 1648 1427 sedere-

218 1479 312 1503 mus
342 1479 470 1518 supcr
501 1463 605 1502 ollas
637 1462 787 1510 carnis,
819 1471 859 1500 et
887 1461 1246 1502 manducaremus
1277 1477 1408 1516 panes
1440 1461 1493 1501 ad
1523 1461 1648 1502 satie-

215 1551 367 1580 tatem:
415 1539 621 1594 quoniam
660 1536 836 1578 eduxisti
877 1553 956 1578 nos
1007 1536 1052 1578 in
1093 1538 1305 1579 desertum
1345 1538 1451 1587 hoc,
1494 1554 1649 1579 necare

218 1633 391 1657 omnem
423 1630 676 1673 synagogam
708 1615 860 1655 famef!
902 1614 1022 1664 Esto,
1055 1617 1174 1671 quod
1196 1627 1376 1672 propter
1407 1615 1646 1672 correptio-

213 1710 313 1735 nem
344 1694 575 1746 legentium
606 1692 1000 1747 indiceturpopuli
1031 1704 1277 1749 peccatum,
1318 1692 1416 1748 quia
1448 1710 1646 1734 murmu-

214 1771 378 1821 raverit,
410 1783 450 1812 et
477 1770 664 1822 ingratus
694 1768 822 1810 fuerit
859 1767 1076 1810 beneficiis
1108 1767 1280 1819 divinis,
1335 1786 1432 1810 cum
1464 1771 1647 1812 coeleste

212 1865 371 1891 manna
410 1847 659 1902 susciperet:
715 1846 818 1902 quid
861 1846 985 1887 etiam
1035 1845 1122 1886 dies
1164 1846 1439 1896 describitur,
1486 1847 1531 1888 in
1563 1864 1646 1904 qua

211 1924 541 1966 murmuraverit
568 1923 786 1980 populus?
813 1921 1118 1978 ‚‚Secundo‚4)
1138 1922 1289 1978 inquit,
1308 1940 1464 1976 mense,
1497 1925 1646 1981 quinta

212 2002 375 2044 decima
406 2003 474 2043 die
503 2001 710 2055 {mensis.“
787 2000 922 2056 Quod
959 2000 1105 2056 utique
1144 2017 1235 2041 non
1279 2003 1440 2058 absque
1478 2002 1645 2044 ratione

210 2079 416 2135 scriptum
448 2092 519 2122 est.
587 2079 834 2120 Recordare
879 2080 932 2120 de
975 2078 1137 2131 legibus
1180 2079 1363 2134 paschae
1403 2097 1513 2136 quae
1541 2080 1645 2121 scri-

209 2168 282 2213 pta
312 2169 422 2208 sunt,
455 2169 494 2198 et
525 2156 712 2198 invenies
743 2156 816 2207 ibi,
848 2157 930 2197 hoc
962 2172 1046 2197 esse
1076 2167 1267 2212 tempus,
1299 2157 1418 2213 quod
1447 2158 1644 2200 statuitur

209 2236 265 2276 ad
304 2237 542 2277 secundum
580 2235 740 2290 pascha
782 2234 1026 2275 faciendum
1074 2233 1161 2284 his,
1215 2234 1288 2290 qui
1334 2234 1549 2275 immundi
1596 2234 1643 2276 in

209 2312 349 2354 anima
382 2313 563 2362 fuerint,
608 2312 673 2353 vel
716 2310 912 2368 occupati
954 2310 999 2352 in
1037 2310 1216 2363 negotiis
1245 2310 1492 2368 peregrinis.
1553 2311 1642 2366 Qui

210 2403 309 2441 ergo
340 2405 432 2429 non
464 2390 637 2430 fuerunt
666 2389 881 2431 immundi
911 2389 956 2431 in
988 2388 1141 2439 anima,
1171 2389 1238 2430 vel
1266 2405 1357 2430 non
1372 2391 1498 2441 longe
1514 2405 1639 2444 pere-

207 2466 508 2522 grinabantur,
540 2477 689 2522 quarta
721 2466 887 2509 decima
919 2465 986 2507 die
1027 2466 1157 2522 primi
1198 2466 1352 2508 mensis
1382 2467 1538 2522 pascha
1576 2468 1639 2507 fe-

203 2554 370 2590 ⁸cerunt.
432 2543 521 2597 Qui
551 2555 693 2586 autem
734 2545 863 2598 longe
894 2544 1298 2600 peregrinabantur,
1340 2554 1380 2584 et
1424 2543 1638 2585 immundi

326 2725 368 2780 Ι)
398 2725 532 2771 Deest
559 2727 668 2775 „ad“
696 2727 741 2768 in
773 2727 868 2768 edd.
895 2726 957 2770 M.

323 2795 370 2848 ²)
400 2793 526 2835 Jesai.
558 2795 652 2845 VII,
683 2796 722 2838 9.
842 2796 891 2851 3)
923 2797 1011 2841 Cfr.
1038 2797 1174 2840 Exod.
1204 2796 1323 2846 XVI,
1353 2799 1393 2841 1.
1421 2797 1461 2839 ‘2-
1491 2796 1531 2839 3.

321 2866 367 2920 4)
396 2864 528 2907 Exod.
561 2865 677 2916 XVI,
707 2866 745 2908 1.
