1752 3136
204 95 290 140 280
811 95 1031 138 Omen-‚ms

209 207 379 250 mitram
414 222 543 263 super
573 219 701 264 caput
732 208 861 266 ejus.“
933 209 1019 251 Sed
1049 207 1290 258 videamus,
1332 208 1434 264 quid
1463 210 1638 263 logium,

209 286 329 342 quod
361 297 419 327 cst
449 284 682 352 rnationale,
726 285 941 339 significet.
1017 287 1304 341 Posteaquam
1335 286 1503 328 nuditas
1532 300 1639 328 tecta

208 375 282 414 est,
315 374 355 404 ct
385 361 646 404 indumentis
677 362 899 419 turpitudo
931 365 1082 413 velata,
1102 362 1145 419 1>
1188 375 1470 420 posteaquam
1501 364 1641 405 muni·

206 453 271 482 tus
306 439 507 496 operibus
547 451 589 480 et
629 438 797 493 cingulo
829 453 1014 499 utroque
1055 441 1246 482 firmatus
1279 452 1361 490 est,
1400 440 1558 494 logium
1593 441 1642 490 ei,

207 516 253 558 id
285 528 357 567 est,
386 516 598 559 rationale
636 528 738 559 tunc
779 519 972 561 traditur.
1039 517 1220 571 Logium
1262 517 1491 573 sapientiae
1527 517 1641 559 indi-

208 594 323 635 cium
356 604 436 643 est,
481 592 579 648 quia
619 593 826 650 sapientia
856 595 899 636 in
931 596 1099 637 ratione
1131 595 1331 637 consistit.
1419 594 1504 636 Sed
1536 610 1644 650 quae

205 670 259 713 sit
287 669 521 728 sapientiae
566 669 693 727 hujus
731 682 771 711 et
810 671 988 714 rationis
1029 673 1158 715 virtus
1189 672 1387 715 ostendit.
1453 671 1646 727 Imponit

207 748 322 790 enim
368 763 497 803 super
544 746 824 798 rationalem,
870 747 1278 800 manifestationem,
1327 762 1368 791 et
1416 749 1646 792 veritatem.

203 827 306 867 Non
350 823 463 866 enim
505 822 663 865 sufficit
705 823 905 880 pontifici
945 825 1103 865 habere
1142 827 1418 881 sapientiam,
1460 839 1499 867 et
1539 826 1644 867 scire

206 901 406 943 omnium
439 899 675 951 rationem,
713 900 795 943 nisi
838 900 969 958 possit
1007 901 1133 942 etiam
1169 901 1335 957 populo
1377 903 1645 944 manifestare

205 994 320 1035 quae
350 976 478 1018 novit.
558 976 664 1018 Ideo
704 992 804 1030 ergo
844 976 1085 1034 imponitur
1123 978 1319 1019 rationali
1349 979 1647 1028 manifestatio,

208 1067 258 1097 ut
286 1054 420 1112 possit
449 1054 711 1110 respondere
752 1054 872 1096 omni
913 1054 1106 1112 poscenti
1147 1072 1190 1097 se
1230 1056 1439 1098 rationem
1481 1055 1533 1095 de
1562 1056 1649 1097 fide

208 1143 252 1175 et
281 1131 470 1174 veritate.
534 1129 719 1172 Ponitur
749 1143 888 1173 autem
920 1148 1048 1188 super
1080 1131 1185 1173 illud
1218 1144 1258 1172 ct
1288 1132 1451 1182 veritas,
1482 1143 1529 1173 ut
1556 1149 1648 1174 non

206 1209 280 1252 illa
311 1210 527 1258 adstruat,
559 1224 668 1264 quae
697 1209 877 1265 proprio
912 1209 1148 1262 excogitare
1177 1220 1317 1264 potest
1347 1207 1542 1260 ingenio,
1573 1209 1649 1250 sed

211 1303 322 1343 quae
355 1285 505 1328 veritas
537 1286 679 1336 habet,
708 1302 788 1327 nec
818 1302 1009 1342 unquam
1042 1302 1065 1327 a
1096 1285 1268 1328 veritate
1295 1287 1497 1337 discedat,
1526 1297 1571 1327 ut
1601 1285 1647 1327 in

210 1362 332 1406 omni
364 1378 564 1405 sermone
595 1360 685 1419 ejus
717 1378 888 1419 semper
918 1363 1065 1404 veritas
1095 1376 1276 1405 maneat.
1328 1362 1426 1404 Hoc
1458 1374 1517 1404 est
1548 1379 1647 1415 ergo

210 1439 535 1497 superposuisse
564 1439 765 1480 rationali
796 1439 1185 1482 manifestationem
1218 1452 1258 1480 et
1288 1439 1516 1481 veritatem.
1577 1440 1649 1480 ln·

210 1517 356 1560 felices
390 1515 477 1566 illi,
522 1516 596 1572 qui
627 1516 731 1558 haec
759 1516 944 1568 legentes
976 1523 1149 1558 omnem
1180 1515 1498 1568 intelligentiam
1529 1532 1649 1558 suam

213 1611 310 1648 erga
341 1611 510 1636 sensum
546 1592 782 1635 vestimenti
813 1593 1050 1650 corporalis
1082 1594 1327 1635 effundunt.
1380 1592 1539 1636 Dicant
1568 1611 1650 1635 no-

208 1673 288 1723 bis,
321 1673 447 1728 quale
478 1682 537 1713 est
566 1670 861 1713 vestimentum
901 1670 1277 1720 manifestationis,
1319 1681 1391 1710 aut
1419 1669 1650 1712 indumen-

208 1763 303 1792 tum
334 1738 462 1805 quale
492 1759 552 1789 est
583 1746 776 1788 veritatis.
836 1746 883 1788 Si
915 1747 1007 1802 quis
1027 1764 1216 1803 unquam
1239 1747 1356 1795 vidit,
1385 1747 1419 1788 si
1451 1747 1542 1802 quis
1573 1764 1647 1789 au-

210 1827 316 1869 divit
355 1823 745 1867 manifestationem
790 1835 830 1865 et
877 1825 1092 1866 veritatem
1137 1825 1383 1866 vestimenta
1420 1824 1650 1876 nominari,

210 1904 354 1948 dicant
385 1902 514 1945 nobis
547 1918 657 1958 quae
697 1900 779 1944 sint
816 1900 1035 1952 mulieres,
1083 1917 1192 1957 quae
1219 1901 1294 1943 ista
1323 1902 1558 1952 texuerint,
1603 1902 1647 1944 in

216 1999 304 2039 quo
338 1982 442 2022 haec
472 1996 660 2035 unquam
699 1977 783 2020 sint
824 1978 1018 2020 confecta
1048 1978 1241 2022 textrino.
1317 1980 1404 2021 Sed
1438 1980 1471 2021 si
1501 1997 1647 2021 verum

210 2059 333 2101 vultis
365 2059 526 2106 audire,
555 2055 763 2112 sapientia
794 2066 865 2107 est,
897 2071 1006 2111 quae
1036 2054 1288 2113 hujusmodi
1311 2055 1497 2098 confecit
1521 2058 1649 2098 indu-

210 2148 369 2178 menta.
433 2135 511 2174 Illa
544 2134 816 2175 occultorum
845 2132 1245 2184 manifestationem,
1274 2134 1348 2175 illa
1377 2134 1478 2175 texit
1506 2151 1651 2176 rerum

213 2213 411 2256 omnium
445 2212 673 2253 veritatem.
743 2211 868 2252 Hanc
907 2226 1005 2263 ergo
1049 2228 1218 2255 oremus
1261 2211 1347 2266 a²)
1378 2211 1573 2254 Domino
1604 2223 1652 2254 ut

211 2290 406 2347 accipere
437 2305 690 2338 mereamur,
722 2302 761 2332 et
792 2288 882 2344 ipsa
912 2305 991 2329 nos
1022 2288 1176 2331 talibus
1209 2288 1491 2330 circumdabit
1520 2288 1650 2329 indu-

215 2367 385 2411 mentis.
457 2367 545 2408 Sed
585 2377 626 2406 et
667 2365 758 2422 ipse
799 2367 909 2407 ordo
949 2382 1091 2407 rerum
1137 2382 1266 2422 quam
1303 2377 1469 2407 sanctus
1499 2364 1573 2414 sit,
1609 2377 1649 2406 et

213 2462 342 2500 quam
375 2443 593 2492 mirabilis,
621 2444 799 2484 intuere.
861 2444 961 2484 Non
992 2443 1290 2495 antelogium,
1323 2454 1364 2483 et
1389 2454 1535 2498 postea
1569 2441 1648 2482 hu-

210 2522 393 2571 merale,
425 2521 522 2576 quia
548 2537 638 2561 non
670 2533 767 2562 ante
797 2520 1021 2577 sapientia,
1061 2537 1190 2577 quam
1220 2536 1373 2577 opera,
1422 2520 1496 2561 sed
1527 2518 1647 2575 prius

331 2653 374 2709 ¹)
408 2654 572 2696 Omnes
604 2652 726 2694 Mss.:
756 2654 956 2703 ‚,velata.“
985 2654 1103 2696 Libri
1139 2653 1238 2696 editi
1260 2658 1321 2710 (v,
1345 2670 1376 2694 c.
1412 2654 1506 2695 edd.
1538 2652 1648 2707 Μ.);

220 2712 451 2762 ‚,velatur.“
484 2711 531 2751 R.

327 2779 373 2835 ²)
407 2780 568 2821 Omnes
591 2780 711 2824 Mss:
744 2797 792 2830 „a
825 2780 1058 2825 Domino.“
1112 2780 1230 2823 Libri
1262 2780 1363 2823 editi
1393 2779 1452 2835 (e.
1485 2796 1518 2820 c.
1552 2778 1645 2820 edd.

212 2838 320 2893 M.):
353 2839 434 2889 „ad
469 2836 710 2879 Dominum
730 2844 751 2860 ‘⁶
784 2837 832 2878 R.
