1752 3136
240 123 326 167 426
842 126 1065 168 Omomws

241 243 383 285 adhuc
412 239 635 284 sublimius
665 238 709 280 in
740 239 824 281 hoc
853 256 977 282 sensu
998 239 1040 295 ¹)
1073 239 1276 282 debemus
1304 238 1526 296 inspicere,
1558 258 1667 297 quo-

238 324 374 363 modo
407 322 562 361 domus
593 318 864 359 sacerdotum
909 330 948 358 et
978 317 1242 368 Levitarum,
1271 318 1317 359 id
1349 330 1425 369 est,
1457 321 1667 374 perfecta-

238 418 335 442 rum
364 396 572 439 mentium
604 411 774 451 semper
792 396 941 437 delicta
968 395 1248 444 redimantur,
1278 413 1532 453 semperque
1561 415 1666 452 pur-

236 490 399 533 gentur.
444 475 681 530 Siquando
704 473 931 529 scripturas
962 474 1124 515 divinas
1143 475 1331 526 legimus,
1366 487 1404 515 et
1419 486 1666 516 sanctorum

234 569 406 614 patrum
438 555 481 595 in
506 554 554 596 iis
575 552 727 593 delicta
747 553 886 607 aliqua
912 568 1200 594 recensemus:
1232 552 1264 593 si
1287 553 1522 594 secundum
1547 554 1664 607 Apo-

235 634 334 676 stoli
366 633 487 674 Pauli
519 629 773 673 sententiam
809 629 1010 682 dicimus,
1060 630 1157 684 qnia
1199 630 1390 686 ‚,haec²)
1433 629 1577 671 omnia
1618 630 1664 670 in

236 714 368 765 figura
402 708 704 760 contingebant
733 707 827 755 illis,
857 706 1013 761 scripta
1044 719 1142 747 sunt
1173 719 1312 749 autem
1335 720 1516 763 propter
1546 723 1665 747 com-

234 788 521 831 monitionem
554 795 744 825 nostram
760 788 796 824 :“
836 784 920 823 hoc
959 785 1095 824 modo
1128 800 1297 840 semper
1328 788 1480 826 domus
1513 802 1663 825 eorum

232 867 470 913 redimitur,
503 861 600 919 quia
630 878 800 917 semper
829 878 909 917 pro
945 863 1079 917 culpis
1121 879 1271 903 eorum
1301 863 1498 918 purgatio
1532 874 1571 902 et
1600 879 1665 902 sa-

231 944 413 987 tissactio
447 960 466 983 a
501 940 753 981 doctoribus
785 939 1032 989 adhibetur,
1073 940 1392 982 ostendentibus
1435 956 1481 980 ex
1514 939 1664 980 divinis

229 1022 446 1079 scripturis
476 1021 636 1060 formas
666 1017 793 1059 fuisse
824 1018 927 1058 haec
959 1028 999 1058 et
1028 1017 1227 1069 imagines
1245 1034 1388 1058 rerum
1406 1019 1663 1066 futurarum,

229 1119 321 1143 non
365 1100 516 1155 quibus
558 1107 837 1147 arguerentur
876 1094 1028 1136 delicta
1067 1107 1342 1144 sanctorum,
1393 1097 1467 1137 sed
1508 1095 1663 1150 quibus

230 1180 526 1221 ostenderetur
562 1185 808 1229 peccatores
847 1184 888 1214 et
925 1172 1082 1228 impios
1125 1172 1169 1213 in
1209 1184 1374 1228 partem
1415 1184 1662 1214 sanctorum

229 1257 562 1308 societatemque
593 1250 811 1292 conscisci.
869 1251 1105 1305 Nunquam
1136 1266 1235 1302 ergo
1255 1250 1527 1292 sacerdotalis
1559 1267 1660 1305 pos-

229 1336 357 1378 sessio
400 1351 421 1374 a
462 1331 683 1373 sacerdote
724 1340 966 1383 separatur,
1021 1327 1183 1368 etiamsi
1232 1330 1286 1369 ad
1326 1340 1493 1384 tempus
1532 1327 1662 1370 fuerit

227 1415 381 1461 ablata,
412 1408 574 1451 etiamsi
604 1407 734 1447 fuerit
765 1405 985 1453 distracta,
1014 1421 1183 1460 semper
1212 1405 1462 1456 redimitur,
1493 1422 1662 1462 semper

224 1500 472 1547 reparatur,
517 1486 635 1526 velut
670 1483 703 1525 si
745 1483 926 1531 diceret,
973 1484 1147 1532 caritas,
1191 1499 1300 1538 quae
1347 1486 1535 1539 perfecta
1587 1496 1658 1533 cst,

226 1567 463 1623 „omnia³)
492 1563 666 1620 patitur,
699 1560 842 1601 omnia
859 1559 904 1615 4)
933 1572 1096 1616 sperat,
1129 1560 1276 1601 omnia
1307 1563 1479 1612 tolerat,
1510 1561 1658 1604 caritas

224 1662 449 1702 nunquam
486 1641 638 1683 cadit.“
697 1638 768 1680 Sic
800 1653 899 1689 ergo
935 1650 974 1679 et
1002 1639 1209 1694 possessio
1237 1655 1285 1680 ac
1313 1640 1469 1681 domus
1488 1651 1658 1680 sancto-

224 1743 320 1768 rum
352 1737 576 1778 nunquam
609 1718 733 1767 cadit,
762 1733 985 1771 nunquam
1009 1718 1210 1766 aufertur,
1240 1734 1463 1773 nunquam
1495 1719 1548 1758 ab
1581 1735 1657 1759 eo-

223 1820 322 1845 rum
352 1800 445 1858 jure
485 1806 717 1853 separatur.
791 1795 1033 1848 Quomodo
1072 1795 1261 1850 separari
1301 1811 1324 1836 a
1362 1797 1655 1839 sacerdotibus

224 1891 363 1937 potest
401 1878 576 1924 domus,
622 1888 731 1928 quae
777 1872 998 1913 aedificata
1047 1884 1107 1913 est
1154 1890 1282 1928 supra
1322 1874 1654 1914 fundamentum

223 1957 534 2014 Apostolorum
568 1963 607 1993 et
636 1950 959 2007 prophetarum,
989 1950 1032 1991 in
1067 1967 1150 2005 qua
1181 1950 1330 2007 ipse⁵>
1360 1964 1419 1992 est
1440 1953 1651 2003 angularis

223 2035 331 2090 lapis
365 2034 486 2074 Jesus
520 2027 741 2072 Christus?
803 2027 940 2082 Quod
972 2041 1112 2070 autem
1142 2030 1277 2084 possit
1306 2029 1538 2084 aliquando
1573 2033 1653 2071 do-

222 2130 318 2154 mus
347 2111 425 2152 ista
457 2106 644 2157 distrahi,
675 2108 761 2148 hoe
793 2119 866 2156 est,
895 2105 1143 2162 hujusmodi
1183 2107 1421 2148 aedificatio
1462 2109 1652 2150 incidere

220 2193 265 2232 in
297 2200 532 2246 peccatum,
563 2185 662 2227 audi
693 2186 924 2240 Apostolus
955 2184 1114 2225 Paulus
1155 2187 1380 2241 quomodo
1414 2187 1466 2226 de
1496 2187 1651 2228 talibus

222 2266 346 2308 dicit:
376 2263 511 2318 „ut⁶)
544 2263 709 2318 sapiens
740 2263 992 2304 architectus
1011 2264 1356 2313 fundamentum,
1386 2263 1537 2318 inquit,
1566 2280 1650 2319 po-

220 2343 298 2394 sui,
329 2342 433 2384 alius
463 2341 809 2396 superaedificat,
845 2339 1137 2396 unusquisque
1173 2352 1316 2382 autem
1354 2341 1505 2392 videat,
1537 2358 1648 2396 quo-

341 2503 385 2558 1)
419 2503 551 2544 Deest
592 2506 770 2552 „sensu“
809 2501 853 2542 in
894 2501 1012 2543 libris
1051 2513 1174 2543 antea
1216 2501 1336 2544 editis
1375 2502 1434 2558 (e.
1478 2520 1511 2546 c.
1551 2503 1646 2546 edd.

221 2559 325 2616 M),
352 2562 425 2601 sed
457 2560 679 2615 suppletur
709 2576 732 2600 e
761 2558 861 2601 Mss.
890 2558 942 2599 R.

336 2631 383 2686 2)
416 2631 434 2670 I
468 2629 570 2671 Cor.
600 2630 655 2679 X,
686 2630 754 2671 11.
874 2629 920 2683 3>
952 2629 972 2668 I
1006 2627 1107 2670 Cor.
1136 2629 1256 2678 XIII,
1286 2631 1324 2671 7.
1354 2631 1393 2673 8.

335 2701 382 2756 ⁴)
413 2701 512 2742 Mss.
542 2699 718 2751 „omnia
746 2705 928 2757 sperat.“
974 2699 1094 2742 Libri
1125 2699 1226 2741 editi
1254 2699 1314 2756 (v.
1349 2718 1383 2742 c.
1417 2701 1514 2742 edd.
1539 2699 1646 2755 M.>:

219 2760 393 2812 „omnia
422 2762 635 2812 superat.“
664 2757 717 2799 R.

337 2829 382 2882 ⁵)
414 2828 527 2870 Edd.
555 2827 754 2869 Merlini:
787 2839 846 2869 est
873 2827 975 2883 ipse.
1006 2851 1062 2861 -—
1093 2826 1183 2872 Cfr.
1213 2826 1370 2884 Ephes.
1399 2825 1453 2878 II,
1481 2826 1548 2870 20.

335 2898 384 2954 ὓ)
414 2899 434 2941 Ι
467 2898 566 2941 Cor.
599 2896 672 2949 III,
703 2899 769 2943 10.
801 2899 866 2942 11.
898 2898 963 2941 12.
