1752 3136
230 107 315 149 440
831 108 1058 151 OmGENJs

234 219 361 270 dIem‚
392 236 413 262 a
445 220 616 273 negotio
658 221 985 276 perambulante
1025 222 1068 262 in
1109 221 1314 271 tenebris,
1364 239 1386 264 a
1433 224 1575 274 ruina,
1620 237 1661 267 et

233 298 463 340 daemonio
495 298 776 340 meridian0.“
834 300 970 341 Addit
1002 310 1042 340 et
1070 298 1198 339 illud:
1229 298 1469 349 „Dominus
1489 302 1531 358 ι)
1562 299 1660 343 illu-

230 374 409 415 minatio
441 392 549 424 mea,
580 387 620 417 et
650 377 905 433 Salvat0r2)
938 394 1069 427 meus,
1101 395 1227 433 quem
1260 377 1452 419 timebo?
1503 379 1660 420 Domi-

232 468 313 493 nus
347 453 548 494 desensor
578 453 686 494 vitae
717 471 850 504 meae,
880 471 903 495 a
935 471 1020 509 quo
1054 454 1341 509 trepidabo?“
1399 455 1455 496 Et
1484 456 1660 497 iterum:

231 528 350 580 „si³)
394 530 624 572 consistant
663 533 886 573 adversum
927 548 998 572 me
1041 543 1197 580 castra,
1248 549 1339 574 non
1382 533 1548 574 timebit
1585 550 1661 574 cor

229 612 414 648 meum.“
473 607 600 651 Vides
632 608 927 657 constantiam,
959 619 999 648 et
1018 607 1212 649 virtutem
1234 609 1399 651 animae
1417 610 1658 652 custodien-

229 684 279 726 tis
310 686 513 726 mandata
544 686 640 736 Dei,
676 698 715 726 et
746 684 938 726 habentis
970 685 1169 726 fiduciam
1203 686 1407 730 libertatis
1437 689 1659 740 ingenuae.

229 762 332 803 Post
363 764 465 804 haec
496 763 900 817 „exterminaho‚⁴)
931 762 1091 818 inquit,
1122 763 1274 805 bestias
1303 766 1433 806 malas
1465 767 1517 805 de
1548 777 1660 806 terra

227 846 400 882 vestra.“
459 840 639 891 Bestiae,
669 840 820 896 inquit,
851 841 952 882 istae
978 822 1229 896 porporales
1261 858 1351 881 nou
1381 853 1480 882 sunt
1508 843 1659 892 malae,

229 934 368 972 neque
398 919 563 969 bonae,
606 920 679 960 sed
717 919 908 960 medium
952 918 1170 975 quiddam.
1249 918 1360 960 Sunt
1401 919 1512 959 enim
1544 931 1662 960 muta

229 995 441 1036 animalia.
503 997 589 1039 Sed
620 995 717 1038 illae
747 996 904 1038 bestiae
943 997 1080 1037 malae
1118 1007 1217 1036 sunt
1252 996 1512 1051 spirituales,
1557 1013 1660 1051 quas

229 1074 464 1129 Apostolus
495 1073 600 1115 dicit
638 1074 971 1130 „spi1-ituales5)
1023 1073 1232 1128 nequitias
1281 1074 1325 1114 in
1366 1073 1694 1114 coelestibus.“·

228 1151 284 1191 Et
314 1151 386 1194 illa
420 1163 479 1194 est
509 1152 620 1192 mala
652 1151 797 1201 bestia,
829 1153 882 1193 de
901 1166 983 1206 qua
1012 1150 1112 1192 dicit
1130 1151 1373 1206 Scriptura:
1398 1151 1657 1206 ‚,serpens⁶)

229 1241 368 1288 autem
402 1240 492 1270 erat
522 1227 756 1283 sapientior
787 1227 982 1268 omnium
1022 1227 1275 1277 bestiarum,
1315 1245 1425 1283 quae
1463 1241 1561 1269 sunt
1588 1246 1660 1271 su-

226 1323 306 1362 per
336 1312 532 1347 ter1·am.“
591 1306 688 1360 Ipsa
719 1320 817 1356 ergo
853 1316 910 1345 est
943 1304 1046 1345 haec
1078 1306 1189 1345 mala
1219 1304 1362 1354 bestia,
1394 1321 1522 1360 quam
1553 1322 1656 1360 pro-

226 1382 354 1424 mittit
395 1384 514 1426 Deus
554 1382 935 1424 exterminaturum
974 1398 1018 1423 se
1056 1382 1109 1422 de
1147 1393 1258 1422 terra
1291 1392 1461 1431 nostra,
1506 1381 1538 1421 si
1569 1382 1659 1438 ejus

226 1462 428 1503 mandata
459 1478 684 1502 servemus.
752 1460 825 1501 Vis
855 1458 998 1501 videre
1038 1471 1077 1499 et
1106 1459 1231 1500 aliam
1263 1459 1440 1500 bestiam
1471 1458 1662 1500 malam?

227 1537 590 1595 „Adversarius⁷>
619 1549 774 1588 vester,
815 1537 978 1593 inquit,
1016 1536 1215 1578 diabolus
1252 1537 1360 1578 sicut
1390 1539 1457 1578 leo
1490 1536 1657 1589 rugiens

229 1615 399 1666 circuit,
441 1633 648 1672 quaerens
684 1633 811 1672 quem
842 1615 1162 1671 transvoret28)
1205 1615 1272 1656 cui
1313 1614 1487 1656 resistite
1526 1617 1658 1655 fortes

225 1694 271 1735 in
304 1695 428 1735 fide.“
485 1693 619 1748 Quod
648 1693 682 1735 si
713 1694 854 1735 adhuc
883 1695 1026 1749 plures
1056 1692 1208 1734 bestias
1239 1693 1298 1734 vis
1329 1692 1502 1741 discere,
1526 1694 1656 1733 doce-

226 1771 288 1812 bit
318 1784 358 1813 te
389 1771 532 1814 Esaias
561 1772 796 1827 propbeta,
840 1771 913 1825 qui
943 1771 1021 1810 sub
1055 1770 1235 1820 visione,
1274 1786 1401 1826 quam
1435 1769 1658 1811 attitulavit

228 1851 559 1905 quadrupedum
591 1850 636 1890 in
667 1850 846 1897 deserto,
878 1847 973 1888 talia
999 1848 1206 1902 quaedam
1230 1849 1485 1903 prophetico
1507 1847 1656 1903 spiritu

228 1929 282 1968 de
312 1927 452 1968 bestiis
480 1925 694 1981 loquitur:
724 1925 797 1976 „in
813 1924 858 1978 9)
888 1923 1185 1974 tribulatione,
1217 1925 1366 1980 inquit,
1396 1938 1435 1965 et
1466 1924 1656 1975 angustia

228 2006 320 2055 leo,
362 2017 401 2046 et
430 2005 592 2045 catulus
623 2001 780 2043 leonis:
820 2001 922 2042 inde
965 2013 1004 2042 et
1043 2002 1130 2043 uati
1171 2003 1364 2058 aspidum
1406 2001 1655 2049 volantium,

230 2084 303 2139 qui
342 2084 573 2139 portabant
611 2097 738 2137 super
777 2080 916 2121 asinos
961 2091 1001 2120 et
1043 2081 1228 2121 camelos
1270 2079 1433 2122 divitias
1467 2096 1560 2121 suas
1601 2081 1653 2119 ad

229 2173 420 2213 gentem,
450 2177 559 2216 quae
589 2176 678 2200 non
709 2158 904 2214 proderit
933 2158 1022 2199 iis.“
1089 2159 1204 2199 Num
1249 2158 1352 2213 quid
1393 2158 1483 2198 ullo
1519 2159 1653 2198 modo

347 2337 390 2389 ¹)
416 2336 576 2377 Psalm-
609 2333 794 2383 XXVII,
826 2338 862 2375 1.

344 2407 390 2462 ²)
424 2407 541 2448 Libri
578 2405 677 2447 editi
717 2404 776 2459 (v.
819 2421 852 2445 c.
895 2406 992 2445 edd.
1026 2404 1127 2459 M.):
1171 2406 1306 2454 „salus
1345 2411 1478 2444 mea.“
1551 2402 1651 2443 'Mss.

228 2465 450 2515 „Salvator
479 2467 641 2505 meus.“
674 2462 725 2502 R.

341 2535 388 2589 3)
419 2535 574 2594 Psallm.
607 2533 791 2583 XXVII,
820 2532 861 2576 3.
981 2531 1027 2586 ⁴)
1056 2530 1183 2572 Levit.
1215 2528 1376 2581 XXVI,
1404 2530 1444 2572 6.

345 2607 389 2659 ⁵)
420 2606 575 2662 Ephes.
605 2604 676 2654 VI,
709 2606 774 2645 12.
897 2602 943 2658 ὅ)
976 2602 1129 2644 Genes.
1160 2602 1234 2654 Ill,
1269 2602 1307 2642 1.

343 2676 388 2731 ⁷)
419 2677 436 2716 Ι
468 2676 580 2715 Petr.
609 2675 661 2724 V,
691 2674 730 2716 8.
761 2674 801 2716 9.

345 2745 391 2801 Β)
423 2745 540 2787 Libri
571 2745 671 2786 editi
702 2748 765 2800 (v.
787 2761 820 2785 c.
844 2746 939 2787 edd.
959 2742 1068 2800 M.):
1099 2743 1339 2794 „devoret.“
1359 2742 1458 2786 Mss.
1490 2752 1649 2793 „trans-

226 2810 383 2846 voret.“
410 2803 449 2843 R

344 2873 390 2929 ⁹)
419 2835 544 2915 Jisai.
574 2871 718 2922 XXX,
749 2873 786 2916 6.
