1752 3136
421 147 466 179 m
495 136 751 178 Levrrxcum
778 132 980 176 HommA
1001 133 1093 174 VII.
1402 133 1486 177 289

34 278 37 279 ν
69 249 209 292 briant
239 265 345 300 eam,
374 251 447 291 sed
478 248 675 289 ebrietate
704 256 846 287 sancta
874 243 970 294 illa,
1001 245 1055 286 de
1086 260 1168 300 qua
1198 243 1364 286 dicebat
1394 244 1488 301 qui-

71 328 170 368 dam
209 337 475 368 sanctorum:
524 322 652 378 „et¹)
697 322 902 378 poculum
945 333 1066 363 tuum
1104 321 1317 362 inebrians
1357 336 1486 376 quam

13 408 18 411 ’
71 404 335 458 praeclarum
362 398 464 441 est!“
523 398 610 440 Sed
648 398 927 454 postmodum
966 398 1021 439 de
1065 397 1273 440 ebrietatis
1313 397 1484 440 diversi-

70 489 156 520 tate
185 476 428 524 videbimus,
456 491 572 515 nunc
600 473 770 515 interim
798 473 896 515 vide
926 486 1082 530 quanta
1112 486 1222 525 sunt,
1253 486 1361 530 quae
1392 474 1487 516 ine-

70 555 209 596 briant
238 552 446 593 animam:
484 562 524 591 et
562 551 750 591 formido
781 551 963 592 inebriat
991 567 1110 600 eam,
1150 564 1189 592 et
1219 568 1323 592 vana
1352 551 1487 606 suspi-

72 632 150 672 cio.
226 626 387 669 Invidia
431 640 575 669 autem
621 639 660 669 et
701 627 831 677 livor,
878 645 1006 684 supra
1037 643 1210 670 omnem
1242 626 1486 669 ebrietatem

68 716 282 748 macerant
311 720 421 745 eam.
472 705 558 746 Sed
582 703 820 746 enumerari
850 721 940 746 non
968 718 1158 761 possunt,
1190 716 1344 761 quanta
1375 714 1487 753 sunt,

69 798 177 838 quae
218 781 432 824 infelicem
471 780 656 823 animam
695 781 795 823 vitio
840 781 1050 824 ebrietatis
1088 777 1285 824 afficiant.
1360 781 1486 821 Nunc

65 858 232 900 interim
264 859 316 899 de
347 857 638 900 sacerdotibus
667 857 896 908 videamus,
929 875 1035 915 quos
1065 860 1311 901 accedentes
1342 858 1396 899 ad
1426 858 1486 898 al-

63 948 166 986 tare,
195 935 293 976 vino
333 935 399 976 lex
439 933 648 990 praecipit
689 933 908 976 abstinere.
975 934 1031 975 Et
1069 935 1242 990 quidem
1281 945 1487 990 quantum

65 1015 121 1054 ad
159 1012 405 1054 historicum
445 1011 626 1067 pertinet
663 1023 960 1066 praeceptum,
1008 1012 1222 1053 sufficiant
1264 1011 1339 1053 ista
1379 1027 1486 1067 quae

67 1090 180 1132 dicta
208 1100 319 1131 sunt.
388 1087 610 1142 Quantum
640 1098 780 1128 autem
821 1088 876 1128 ad
911 1087 1230 1141 intelligentiam
1267 1088 1485 1146 mysticam

64 1177 236 1222 spectat,
264 1164 310 1205 in
327 1164 372 1220 ²)
401 1163 673 1219 sequentibus
702 1165 918 1206 tenebitur
946 1176 1090 1207 nostra
1115 1165 1335 1222 professio,
1369 1166 1487 1221 quod

63 1243 298 1286 secundum
327 1240 621 1282 auctoritatem
651 1240 775 1282 Pauli
806 1242 1027 1297 Apostoli,
1065 1241 1282 1284 Dominus
1315 1254 1354 1283 et
1392 1242 1487 1283 Sat-

65 1331 188 1361 vator
214 1330 361 1360 noster
393 1319 640 1359 futurorum
659 1318 879 1359 bonorum
901 1318 1091 1375 pontifex
1116 1319 1343 1375 dicitur.³)
1393 1319 1487 1374 Ipse

67 1409 126 1439 est
155 1413 255 1450 ergo
295 1396 462 1445 Aar0n3
501 1394 578 1436 filii
617 1411 716 1436 vero
751 1396 861 1452 ejus,
901 1396 1102 1450 Apostoli
1143 1393 1230 1452 ejus
1268 1408 1388 1445 sunt,
1433 1397 1487 1437 ad

66 1491 174 1531 quos
202 1474 292 1529 ipse
323 1471 511 1514 dicebat:
556 1469 793 1525 ‚,fi1ioli,⁴)
840 1473 978 1513 adhuc
1015 1474 1235 1514 modicum
1266 1473 1487 1514 vobiscum

67 1555 200 1592 sum.“
257 1547 377 1603 Quid
408 1563 507 1600 ergo
547 1547 765 1603 praecepit
795 1549 858 1589 lex
890 1550 1035 1590 Aaron
1068 1560 1109 1590 et
1137 1549 1232 1592 filiis
1261 1548 1380 1607 ejus?
1429 1550 1488 1591 Ut

67 1627 235 1675 vinum,
280 1635 322 1666 et
347 1623 525 1666 siceram
555 1642 644 1666 non
674 1626 845 1675 bibant,
892 1642 989 1667 cum
1021 1627 1230 1667 accedunt
1259 1628 1313 1667 ad
1344 1627 1486 1669 altare.

66 1702 318 1752 Videamus,
356 1700 594 1756 quomodo*
619 1702 663 1742 id
700 1717 801 1742 vero
832 1702 1028 1757 pontifici
1057 1703 1161 1746 Jesu
1192 1701 1360 1745 Christo
1393 1704 1488 1745 Do-

15 1807 19 1820 ,
65 1780 185 1820 mino
216 1789 385 1828 nostro,
427 1789 466 1819 et
504 1778 795 1820 sacerdotibus
836 1778 924 1833 ejus
965 1796 1012 1820 ac
1042 1779 1162 1829 filiis,
1205 1780 1357 1822 nostris
1387 1797 1486 1822 vero

69 1854 298 1913 Apostolis,
326 1855 535 1911 possimus
568 1866 724 1911 aptare.
785 1854 838 1895 Et
865 1855 1209 1911 perspiciendum
1240 1856 1380 1913 primo
1414 1870 1489 1908 est,

67 1933 290 1989 quom'odo
326 1932 443 1988 prius
485 1931 680 1987 quidem,
720 1949 849 1988 quam
888 1935 1059 1974 accedat
1098 1936 1150 1975 ad
1197 1935 1325 1974 altare
1366 1952 1487 1976 verus

69 2010 139 2052 hic
178 2010 395 2066 pontifex,
443 2025 541 2050 cum
580 2009 870 2051 sacerdotibus
908 2010 990 2052 suis
1029 2011 1140 2052 bibit
1182 2011 1348 2051 vinum:
1392 2029 1488 2053 cum

70 2086 172 2128 <vero
202 2086 353 2142 incipit
380 2086 582 2127 accedere
613 2088 666 2128 ad
698 2087 849 2136 altare,
892 2098 932 2128 et
969 2086 1131 2139 ingredi
1163 2087 1207 2128 in
1237 2089 1490 2130 tabernacu-

69 2155 163 2206 lum¹
190 2161 440 2213 testimonii,
496 2163 673 2205 abstinet
702 2165 814 2206 vino.
883 2164 1010 2206 Putas
1048 2182 1272 2221 possumus
1302 2164 1491 2207 invenire

49 2242 151 2282 'tale
182 2239 343 2296 aliquid
373 2240 426 2279 ab
458 2255 508 2280 eo
552 2241 745 2291 gestum?
804 2241 932 2283 Putas
971 2258 1198 2297 possumus
1238 2244 1384 2284 veteris
1422 2243 1488 2283 in—

69 2316 289 2360 strumenti
326 2317 510 2366 formas,
560 2318 661 2358 novi
704 2318 939 2361 testamenti
978 2318 1097 2371 gestis
1143 2331 1182 2360 et
1219 2320 1489 2361 sermonibus

70 2393 300 2450 coaptare?
330 2393 573 2442 Possumus,
603 2392 636 2435 si
666 2412 745 2436 nos
774 2396 913 2452 ipsum
943 2395 1027 2436 Dei
1054 2394 1243 2437 Verbum
1276 2407 1315 2437 et
1344 2395 1491 2453 juvare

72 2482 112 2512 et
139 2470 347 2528 inspirare
386 2470 593 2523 dignetur.
669 2471 922 2526 Quaerimus
965 2488 1088 2525 ergO,
1128 2475 1350 2528 quomodo
1392 2474 1487 2515 Do-

71 2548 210 2589 minus
237 2559 279 2589 et
309 2548 504 2589 Salvator
531 2560 689 2599 noster,
720 2550 791 2605 qui
823 2561 881 2592 est
911 2565 1030 2592 verus
1060 2548 1265 2605 pontifex,
1295 2567 1390 2593 cum
1424 2550 1487 2592 di-

189 2673 235 2729 1)
265 2671 418 2714 Psalm.
446 2672 610 2724 xxm,
639 2677 677 2718 5.

185 2741 233 2796 ²)
263 2743 363 2784 Mss.
407 2743 478 2792 „in
515 2746 785 2799 sequentibus
824 2744 1077 2788 tenebiturf‘
1144 2746 1262 2790 Libri
1302 2745 1402 2789 editi
1432 2746 1491 2803 (v.

74 2813 108 2839 c.
138 2799 235 2841 edd.
264 2798 374 2854 Μ.);
403 2800 473 2848 „in
502 2801 794 2857 superioribus
825 2809 1028 2845 tenetur.“
1058 2803 1111 2844 R.

187 2867 234 2923 ³)
265 2866 351 2909 Cfr.
385 2869 515 2911 Hebr.
546 2869 623 2920 IX,
653 2871 718 2912 11.
839 2870 884 2929 ⁴)
917 2873 987 2918 Ev.
1016 2874 1177 2916 Joanu.
1205 2872 1323 2924 xm,
1351 2873 1418 2916 33.

54 2941 294 2989 Omenms
324 2944 650 2992 orrannum.
682 2947 755 2989 IX.
1106 2948 1160 2992 19
