1752 3136
452 139 499 167 m
531 126 786 168 ann-icttm
815 124 1018 167 HommA
1045 125 1140 167 XV.
1428 128 1512 172 425

87 254 158 280 rus
187 253 278 279 non
309 248 377 279 est.
437 237 554 280 Haec
573 237 616 292 ¹)
647 253 745 289 ergo
777 237 964 280 venditio
996 250 1034 279 et
1057 237 1355 294 hujuscemodi
1387 242 1512 296 culpa

87 331 255 370 semper
283 314 469 370 reparari
498 326 648 371 potest,
677 330 757 355 nec
781 306 1019 370 aliquando
1051 315 1129 356 tibi
1158 314 1428 358 interdicitur
1458 319 1511 358 de

88 391 320 433 commissis
348 391 595 449 hujusmodi
624 391 950 446 poenitudinem
967 391 1013 446 2)
1044 408 1178 444 agere.
1237 394 1289 433 In
1309 392 1512 444 graviori-

86 467 166 508 bus
198 469 307 509 enim
342 467 586 509 criminibus
615 467 807 522 seme13)
838 479 1002 508 tantum
1034 469 1323 524 poenitentiae
1355 488 1509 512 conce-

87 543 202 584 ditur
230 546 370 586 locus:
404 545 479 585 ista
509 560 609 584 vero
646 543 916 593 eommunia,
949 561 1056 600 quae
1086 547 1332 601 frequenter
1363 548 1509 589 incur-

84 620 237 671 rimus,
275 638 442 677 semper
482 620 795 676 poenitentiam
834 621 1068 677 recipiunt,
1109 634 1148 663 et
1176 622 1266 665 sine
1296 625 1510 667 intermis-

83 697 203 739 sione
232 699 513 739 redimuntur.

194 776 233 817 3.
262 774 429 829 „Quod
447 774 492 830 ⁴)
518 776 558 817 ,si
587 775 860 816 sacerdotalis
891 776 1030 827 suerit,
1058 777 1208 833 inquit,
1239 777 1315 819 ista
1342 780 1508 830 domus,

84 852 148 891 vel
186 851 392 902 Levitica,
437 851 683 908 ubieunque
722 851 870 901 fuerit,
916 852 1000 893 sive
1038 854 1083 894 in
1115 853 1301 905 civitate,
1350 857 1435 898 sive
1463 856 1510 898 in

87 945 203 981 agro,
232 945 400 984 semper
429 929 558 969 habet
586 927 936 969 redemtionem.“
994 929 1043 969 In
1063 930 1148 971 hoc
1177 931 1278 973 loco
1310 934 1510 975 sacerdo-

83 1005 212 1047 talem
243 1023 432 1056 sensum,
475 1017 515 1047 et
552 1005 780 1046 Leviticam
819 1006 1138 1060 intelligentiam
1178 1024 1351 1063 quaero.
1408 1012 1509 1052 Non

85 1083 196 1123 enim
229 1081 408 1124 inferior
438 1099 523 1126 esse
554 1084 681 1124 debet
711 1081 940 1138 auditorff)
972 1084 1142 1132 horum,
1173 1086 1206 1126 si
1236 1086 1328 1127 fieri
1358 1100 1510 1143 potest,

82 1159 157 1201 illo
188 1161 295 1216 ipso,
311 1160 400 1216 ‘qui
430 1160 535 1200 haee
563 1159 740 1214 scripsit,
772 1171 811 1199 et
831 1161 978 1200 sanxit.
1025 1160 1143 1214 Quid
1166 1173 1226 1202 est
1244 1180 1355 1216 ergo,
1389 1166 1509 1220 quod

83 1237 292 1286 sacerdos,
326 1248 365 1277 et
393 1236 534 1277 Levita
568 1237 719 1277 domus
751 1253 850 1278 suae
869 1254 1049 1293 semper,
1083 1251 1122 1280 et
1145 1239 1393 1296 ubicunque
1414 1244 1508 1282 sue-

82 1312 158 1363 rit,
200 1314 329 1354 habet
367 1312 707 1354 redemtionem?
766 1313 1015 1356 Secundum
1053 1316 1314 1370 spiritualem
1352 1317 1509 1360 intelli-

83 1390 263 1443 gentiam
293 1393 489 1433 sacerdos
519 1407 638 1432 mens
671 1391 766 1431 Deo
801 1404 1044 1433 consecrata
1076 1392 1253 1444 dicitur,
1297 1406 1337 1436 et
1365 1396 1508 1437 Levita

84 1468 322 1523 appellatur
349 1468 405 1518 is,
446 1468 518 1523 qui
548 1467 835 1509 indesinenter
867 1467 1024 1509 adsistit
1054 1469 1174 1520 Deo,
1216 1483 1257 1512 et
1300 1474 1508 1515 voluntati

82 1542 171 1601 ejus
200 1544 420 1587 ministrat.
478 1544 688 1586 Perfeetio
723 1561 821 1598 ergo
853 1545 897 1585 in
927 1544 1166 1596 intellectu,
1209 1560 1248 1589 et
1280 1566 1432 1605 opere,
1460 1550 1507 1592 in

83 1622 181 1672 fide,
212 1635 252 1663 et
280 1623 440 1664 actibus
469 1623 665 1663 sacerdos
699 1633 739 1662 et
767 1623 909 1663 Levita
943 1623 1215 1678 accipiendus
1257 1637 1326 1668 est.
1394 1626 1507 1669 Huic

79 1699 226 1755 itaque
260 1701 472 1756 perfectae
509 1698 643 1740 menti
691 1698 725 1740 si
775 1698 975 1740 acciderit
1024 1701 1256 1756 aliquando
1312 1704 1505 1755 domum,

85 1792 213 1831 quam
243 1776 374 1818 habet
400 1793 491 1818 non
521 1793 653 1817 manu
682 1777 862 1826 factam,
902 1789 1114 1817 aeternam
1146 1778 1190 1819 in
1222 1780 1374 1830 coelis,
1403 1797 1506 1822 ven-

81 1853 183 1894 dere
214 1866 252 1895 et
281 1854 326 1895 in
356 1871 504 1895 manus
535 1852 704 1895 alterius
744 1856 864 1894 dare:
908 1855 1016 1896 sicut
1058 1856 1231 1908 contigit
1273 1857 1504 1912 aliquando

79 1946 235 1981 magno
276 1932 543 1987 patriarchae
583 1931 747 1980 David,
793 1947 888 1970 cum
931 1932 983 1971 de
1012 1943 1123 1972 tecto
1154 1950 1231 1973 suo
1263 1934 1393 1975 Uriae
1425 1936 1506 1977 Ce-

82 2007 256 2062 thaeifi)
289 2008 476 2063 adspexit
506 2025 704 2048 uxorem:
746 2007 883 2048 statim
925 2024 1018 2048 eam
1048 2009 1230 2059 redimit,
1262 2012 1400 2052 statim
1436 2029 1502 2054 re-

82 2095 216 2140 parat,
245 2087 386 2126 statim
417 2084 530 2125 enim
562 2084 681 2125 dixit:
713 2083 952 2139 „peccavi.“
972 2085 1014 2140 7)
1086 2085 1179 2128 Iino
1212 2103 1311 2128 vero
1344 2089 1505 2145 aliquid

198 2265 243 2319 1)
274 2266 385 2308 Edd.
403 2267 600 2308 Merlini:
626 2267 743 2308 Haec
765 2282 862 2319 ergo
881 2266 1070 2307 venditio
1094 2265 1342 2324 hujusmodi
1365 2273 1503 2328 culpa.

197 2336 245 2391 2)
275 2337 374 2378 Mss.
405 2337 757 2393 „poenitudinem
791 2343 951 2389 agere.“
999 2337 1115 2379 Libri
1148 2339 1248 2380 editi
1278 2342 1337 2397 (v.
1356 2358 1388 2384 c.
1408 2344 1504 2384 edd.

79 2392 190 2449 M.):
222 2392 574 2448 „poenitudinem
605 2399 789 2446 gercre.“
818 2395 866 2435 R.

197 2463 243 2515 3)
274 2463 390 2504 Libri
423 2462 522 2503 editi
552 2467 611 2518 (e.
644 2480 676 2503 c.
708 2464 802 2505 edd.
834 2464 921 2517 M.)
954 2464 1133 2504 habent:
1166 2468 1320 2514 „semel
1340 2479 1503 2510 tantum

80 2519 146 2559 vel
177 2535 273 2560 raro
314 2519 628 2573 poenitentiae“
669 2531 744 2560 etc.
813 2520 900 2561 Sed
940 2520 1051 2562 istud
1090 2524 1181 2571 „vel
1221 2529 1349 2566 raro“
1386 2526 1504 2568 abest

83 2576 136 2615 ab
169 2577 367 2617 omnibus
398 2576 497 2617 Mss.
538 2575 676 2617 Codd.
707 2588 780 2616 etc.
811 2576 867 2622 R,

195 2648 241 2701 ⁴)
277 2646 365 2691 Cfr.
396 2645 522 2687 Levit.
545 2646 686 2695 XXV,
705 2646 772 2688 32.
799 2648 894 2688 coll.
922 2647 1057 2689 LXX.
1076 2648 1265 2690 virorum
1297 2650 1500 2693 versione.

199 2715 243 2767 ⁵)
277 2714 384 2756 Cod.
416 2716 689 2768 Sangerman.
722 2728 900 2766 „auctor
929 2723 1108 2758 aurum“
1140 2730 1214 2760 etc.
1247 2719 1296 2759 R.

198 2784 244 2837 ⁶)
278 2784 387 2826 Edd.
418 2787 613 2828 Merlini:
644 2786 873 2836 „Caethei“
905 2790 968 2829 cd.
1000 2788 1156 2832 Ruaei:
1188 2789 1440 2846 ,‚Cethaei.“

201 2855 246 2910 7)
277 2855 315 2895 lI
345 2856 458 2898 Sam.
490 2856 588 2908 XII,
618 2859 684 2901 13,
714 2858 777 2914 (II
807 2857 958 2915 Regg.)
