1752 3136
200 92 255 134 40
800 91 1028 137 Omossms

201 202 426 244 hominum
458 202 777 255 exstinguuntur
817 216 857 246 ct
894 220 1126 262 pecorum:
1167 203 1443 259 „vocavit·,')
1480 202 1633 260 inquit,

204 281 373 321 Pharao
406 280 559 321 Mosen
591 292 631 322 ct
673 282 820 322 Aaron
862 294 1010 331 nocte,
1054 293 1094 322 et
1134 281 1236 323 dixit
1265 280 1369 322 illis:
1411 280 1563 331 surgite
1604 291 1643 320 et

209 356 314 402 exite
347 357 400 398 de
429 357 598 413 populo
631 375 754 407 n1e0,
786 370 826 400 et
858 358 935 400 filii
966 359 1115 401 Israel:
1161 359 1239 409 ite,
1271 357 1420 400 servite
1450 356 1644 398 Domino

210 435 308 474 Deo
340 444 491 483 vestm,
521 433 628 476 sieut
659 435 820 477 dicitis:
860 452 957 477 oves
997 448 1037 477 ct
1081 439 1210 477 boves
1240 447 1398 476 vestros
1430 449 1647 475 assumen—

211 522 270 553 tes
300 511 473 567 pergite,
499 512 604 553 sicut
636 511 803 553 dixistis.
878 511 1127 554 Benedicite
1159 525 1312 554 ‘autem
1359 523 1398 552 ct
1438 528 1518 552 mc.
1593 509 1649 550 Et

214 590 424 641 cogebant
459 587 660 644 Aegyptii
690 591 902 644 populum
934 607 1061 646 quarn
1096 590 1315 631 celerrime
1338 589 1447 630 exire
1466 589 1518 629 de
1537 599 1649 628 terra

216 665 408 724 Aegypti.
452 666 669 707 Dicebant
701 665 828 716 enim,
863 667 1066 722 quoniam
1084 684 1230 708 omnes
1260 684 1339 708 nos
1369 664 1647 706 moriemur.“

330 745 369 785 5.
404 742 511 797 Quis
544 754 602 783 est
630 741 714 791 ille,
748 759 874 798 quem
906 745 1067 799 repleat
1095 745 1169 786 illo
1202 745 1348 800 spiritu
1380 744 1521 792 Deus,
1564 758 1648 796 quo

216 818 394 874 replevit
420 818 576 860 Mosen
608 831 648 860 et
679 822 838 869 Aaron,
870 837 968 861 cum
987 820 1089 861 haec
1121 820 1315 875 prodigia
1338 831 1377 860 ct
1408 819 1525 872 signa
1553 835 1651 874 per-

217 896 404 945 ficerent,
434 907 481 936 ut
511 897 662 938 eodem
684 896 834 952 spiritu
855 896 1119 939 illuminatus
1149 897 1294 954 possit,
1321 912 1430 952 quae
1460 912 1538 951 per
1554 894 1651 935 illos

222 984 320 1014 sunt
351 984 474 1024 gesta,
504 973 735 1015 disserere?
769 973 899 1016 Aliter
929 975 1042 1016 enim
1071 991 1159 1016 non
1190 974 1377 1016 arbitror
1407 974 1483 1013 has
1505 973 1652 1023 ingen-

222 1049 330 1090 tium
358 1066 501 1091 rerum
535 1050 749 1091 varietates
783 1067 830 1091 ac
851 1050 1107 1093 differentias
1126 1051 1357 1107 explanari,
1387 1049 1469 1091 nisi
1501 1050 1656 1091 eodem

226 1126 387 1182 spiritu,
421 1144 506 1182 quo
539 1139 652 1180 gesta
684 1139 793 1177 sunt,
826 1127 1106 1178 disserantur,
1147 1128 1246 1184 quia
1277 1141 1317 1170 et
1346 1129 1504 1170 Paulus
1535 1130 1656 1183 Apo-

226 1204 358 1245 stolus
391 1203 567 1259 dicit‚²)
613 1205 732 1260 quod
763 1205 934 1261 spiritus
964 1205 1274 1261 prophetarum
1303 1204 1524 1263 prophetis
1556 1205 1657 1245 sub-

226 1277 359 1338 jectus
389 1280 451 1324 sit.
524 1282 626 1324 Non
664 1298 762 1335 ergo
807 1282 1133 1338 quibuscunque
1163 1284 1217 1324 ad
1249 1283 1563 1339 explanandum
1595 1279 1658 1323 di-

231 1360 296 1399 ‘cta
335 1360 668 1414 prophetarum,
714 1360 788 1400 sed
827 1360 1049 1415 prophetis
1091 1361 1292 1402 dicuntur
1332 1377 1419 1402 esse
1457 1358 1660 1416 subjecta.

230 1436 394 1477 Verum
426 1436 631 1492 quoniam
658 1436 774 1478 idem
803 1438 950 1478 beatus
986 1438 1214 1492 Apostolus
1246 1437 1372 1496 hujus
1403 1437 1579 1489 gratiae,
1616 1437 1662 1479 id

231 1524 303 1561 est,
333 1512 594 1568 prophetalis
626 1514 747 1563 doni,
777 1525 982 1570 tanquam
1015 1498 1068 1553 ex·
1090 1525 1211 1569 parte
1240 1514 1292 1556 sit
1324 1526 1364 1555 et
1391 1514 1434 1555 in
1452 1523 1662 1570 potestate

231 1601 387 1641 nostra,
416 1589 648 1631 imitatores
680 1608 759 1632 nos
791 1591 885 1632 fieri
915 1589 1058 1648 jubet,
1091 1591 1261 1633 dicens:
1302 1588 1664 1644 ‚,aemulamini³)

235 1678 376 1708 autem
411 1669 524 1708 dona
557 1667 751 1717 meliora,
781 1666 910 1720 magis
943 1679 1086 1709 autem
1116 1680 1164 1709 ut
1188 1668 1501 1724 prophetetis:“
1530 1678 1666 1709 tente-

235 1761 329 1784 mus
362 1756 399 1784 et
427 1760 507 1785 nos
538 1746 875 1786 aemulationem
906 1743 1119 1800 suscipere
1147 1746 1389 1795 bonorum,
1430 1757 1469 1786 et
1497 1743 1666 1799 siquid

238 1832 296 1862 est
328 1821 369 1860 in
399 1819 540 1870 nobis,
572 1837 594 1861 a
624 1820 752 1861 nobis
785 1821 971 1874 exigere,
1010 1838 1033 1862 a
1065 1822 1258 1863 Domino
1301 1838 1400 1862 vero
1432 1819 1665 1876 plenitudi-

238 1914 337 1938 nem
367 1897 555 1938 muneris
586 1909 835 1953 exspectare.
905 1897 992 1939 Pro
1036 1898 1119 1941 hoc
1161 1900 1275 1941 enim
1312 1897 1470 1938 dicitur
1507 1913 1530 1937 a
1570 1896 1664 1937 Do-

236 1975 356 2015 mino
387 1990 466 2029 per
502 1974 780 2030 prophetam:
821 1974 966 2031 „aperi
982 1975 1027 2031 ¹²)
1060 1993 1105 2018 os
1135 1988 1279 2027 tuum,
1327 1985 1366 2016 et
1406 1974 1583 2029 replebo
1614 1971 1668 2012 il-

239 2051 363 2092 lud:“
395 2067 476 2106 pro
521 2050 597 2092 illo
629 2069 729 2093 vero
763 2052 844 2093 alia
885 2051 1093 2108 scriptura
1125 2053 1251 2094 dicit:
1291 2050 1522 2108 „punge⁵)
1567 2066 1670 2091 ocu-

241 2129 344 2176 lum,
377 2140 417 2168 et
446 2128 647 2183 producit
679 2128 921 2169 lacrimam:
959 2145 1100 2184 punge
1131 2146 1227 2180 cor,
1272 2141 1311 2171 et
1339 2127 1544 2185 producit
1574 2143 1669 2168 sen-

351 2208 375 2229 ‘t

238 2222 345 2248 sum.
445 2205 510 2245 Ne
548 2219 647 2255 ergo
696 2221 744 2245 ex
783 2205 1077 2261 desperatione
1115 2207 1281 2248 silentio
1323 2223 1402 2248 nos
1440 2206 1669 2254 tradamus,

243 2283 363 2338 quod
392 2282 541 2338 utique
570 2299 662 2323 non
692 2281 886 2323 aedificat
917 2283 1135 2325 ecclesiam
1166 2283 1262 2334 Dei,
1295 2284 1349 2324 de
1381 2283 1534 2339 quibus
1566 2298 1668 2338 pos-

241 2376 398 2410 sumus,
430 2371 469 2401 et
502 2360 543 2401 in
575 2371 780 2414 quantum
810 2375 1045 2415 possumus,
1075 2360 1258 2403 breviter
1286 2357 1602 2416 repetamus.⁶)

367 2489 410 2547 ¹)
441 2491 580 2532 Exod.
610 2492 707 2541 XIl,
735 2493 804 2536 31.
834 2492 901 2534 32.
932 2492 1001 2535 33.

362 2561 409 2614 ²)
443 2560 531 2603 Cfr.
568 2563 583 2600 l
619 2561 718 2604 Cor.
749 2561 866 2614 XW,
896 2563 964 2605 32.

363 2630 410 2684 ³)
443 2630 529 2673 Cfr.
560 2630 579 2669 Ι
613 2630 712 2672 Cor.
743 2631 840 2681 ΧΠ,
867 2633 936 2677 31.
968 2633 1064 2674 coll.
1095 2633 1210 2683 XIV,
1245 2633 1284 2675 1.

364 2699 410 2754 ⁴²)
442 2699 598 2743 Psalm.
629 2699 828 2751 LXXXI,
859 2703 924 2745 10.

363 2769 409 2825 ⁵)
442 2769 528 2811 Cfr.
562 2771 660 2825 Sap.
694 2771 822 2812 Sirac.
853 2772 994 2822 XXII,
1026 2774 1090 2817 19.
1123 2771 1454 2830 (EcclesiastIC.)

365 2839 411 2894 ὃ>
442 2839 552 2886 Edd.
581 2840 779 2883 Merlini:
810 2853 1070 2898 reputamus.

1726 34 1746 190 .,,-
