1752 3136
492 139 537 169 m
567 127 820 167 LEvmcUM
851 108 1052 165 Homini&
1081 123 1155 162 VI.
1463 121 1549 165 285

129 260 183 284 ne
212 242 320 284 {ilios
350 250 608 294 generarent,
640 236 736 291 quia
765 235 922 276 scilicet
953 236 1056 275 tales
1087 244 1205 274 erant
1238 232 1474 281 auditores,
1502 233 1548 274 in

131 319 284 375 quibus
313 331 352 360 et
378 331 519 359 semen
549 313 726 370 periret,
766 324 807 353 et
843 328 934 352 non
973 322 1113 366 posset
1150 309 1299 351 haberi
1327 310 1546 351 successio.

132 398 204 438 Sic
235 412 334 448 ergo
364 391 560 434 ecclesiae
590 390 852 438 sacerdotes,
892 405 988 429 cum
1027 388 1248 442 incapaces
1278 403 1398 428 aures
1431 387 1548 427 vide-

134 473 231 522 rint,
261 468 330 512 aut
360 486 456 510 cum
490 467 707 509 simulatos
726 465 767 522 ¹)
797 464 1056 521 inspexerint
1086 475 1124 504 et
1144 464 1396 520 hypocritas
1425 464 1550 505 audi-

131 562 256 598 tores,
284 548 509 601 imponant
539 554 785 598 campestre,
818 554 989 583 utantur
1009 541 1301 590 femoralibus,
1330 558 1421 581 non
1451 557 1550 596 per-

131 636 196 666 eat
224 640 366 665 semen
404 620 522 662 verbi
552 620 658 668 Dei,
703 620 802 674 quia
843 631 883 661 et
924 618 1138 660 Dominus
1178 619 1326 658 eadem
1364 619 1553 667 mandat,

130 687 171 742 et
201 698 321 741 dicit:
351 697 511 748 „nolite
531 697 577 750 ²)
606 696 771 737 mittere
809 708 1000 738 sanctum
1034 695 1231 744 canibus,
1269 710 1409 749 neque
1438 711 1551 734 mar-

128 776 277 829 garitas
308 787 460 816 vestras
491 785 588 814 ante
617 790 788 829 porcos,
819 790 873 814 ne
903 775 1014 814 forte
1046 774 1299 813 conculcent
1330 788 1397 813 eas
1428 772 1551 827 pedi-

126 855 220 903 bus,
251 864 290 893 et
320 850 511 892 conversi
541 849 787 906 dirumpant
815 855 929 892 vos.“
992 849 1224 904 Propterea
1264 865 1363 900 ergo
1393 849 1427 891 si
1458 850 1552 905 quis

127 932 217 972 vult
247 929 436 986 pontifex
464 944 553 968 non
584 939 669 968 tam
701 929 912 969 vocabulo
943 943 1053 976 esse,
1094 943 1221 981 quam
1251 927 1424 975 merito,
1452 925 1552 967 imi-

128 1018 239 1047 tetur
269 1006 436 1054 Mosen,
465 1003 653 1045 imitetur
682 1006 840 1046 Aaron.
913 1003 1031 1056 Quid
1063 1003 1176 1043 enim
1208 1003 1360 1044 dicitur
1392 1004 1445 1044 de
1475 1002 1554 1045 iis?

133 1084 247 1138 Quia
276 1099 368 1124 non
397 1081 622 1122 discedunt
652 1083 705 1122 de
734 1082 1012 1122 tabernaculo
1044 1079 1237 1122 Domini.
1304 1080 1409 1122 Erat
1450 1097 1551 1133 ergo

130 1161 272 1202 Moses
300 1157 588 1200 indesinenter
616 1156 660 1198 in
688 1159 966 1199 tabernaculo
1000 1157 1189 1199 Domini.
1250 1157 1385 1212 Quod
1414 1170 1555 1200 autem

132 1253 240 1293 opus
271 1235 359 1293 ejus
389 1235 510 1278 erat?
569 1234 629 1276 Ut
659 1246 731 1275 aut
761 1251 784 1275 a
815 1235 912 1276 Deo
944 1233 1105 1290 aliquid
1136 1233 1339 1285 disceret,
1369 1247 1442 1276 aut
1464 1235 1554 1292 ipse

129 1313 343 1371 populum
374 1315 558 1355 doceret.
626 1311 744 1354 Haec
788 1313 875 1353 duo
917 1323 1016 1353 sunt
1054 1311 1269 1368 pontificis
1311 1329 1462 1368 opera,
1508 1325 1556 1354 ut

133 1403 206 1433 aut
235 1408 258 1433 a
297 1392 394 1432 Deo
439 1389 570 1431 discat
606 1391 785 1441 legendo
828 1387 1053 1444 scripturas
1095 1388 1275 1439 divinas,
1321 1402 1362 1431 et
1391 1390 1557 1447 saepius

132 1467 395 1517 meditando,
425 1478 497 1507 aut
525 1468 735 1522 populum
770 1467 934 1506 doceat.
1004 1466 1090 1506 Sed
1129 1466 1202 1506 illa
1235 1467 1409 1518 doceat,
1446 1485 1556 1524 quae

133 1547 222 1603 ipse
254 1563 276 1586 a
307 1546 402 1585 Deo
439 1542 652 1592 didicerit,
691 1560 780 1583 non
821 1559 868 1583 ex
898 1542 1075 1598 proprio
1108 1545 1260 1594 corde,
1299 1545 1363 1585 vel
1395 1562 1441 1586 ex
1474 1546 1556 1588 hu-

134 1638 266 1664 mano
298 1638 433 1670 sensu,
464 1621 537 1662 sed
569 1636 678 1675 quae
708 1619 887 1675 Spiritus
925 1632 1090 1662 sanctus
1122 1621 1257 1662 docet.
1330 1621 1406 1662 Est
1437 1635 1476 1663 et
1505 1623 1557 1664 il-

136 1702 212 1741 lud
228 1702 271 1754 3)
305 1715 435 1753 opus,
482 1698 599 1751 quod
631 1691 730 1737 facit
757 1697 922 1738 Moses:
963 1698 1016 1737 ad
1047 1698 1159 1737 bella
1188 1714 1278 1738 non
1309 1699 1435 1748 vadit,
1466 1717 1557 1741 non

136 1787 295 1833 pugnat
326 1786 475 1816 contra
504 1773 713 1815 inimicos.
775 1775 861 1815 Sed
902 1774 1003 1828 quid
1045 1773 1172 1815 facit?
1230 1774 1357 1816 Orat:
1398 1788 1437 1816 et
1477 1778 1556 1818 do-

135 1870 214 1895 nec
243 1854 315 1894 ille
346 1863 452 1904 orat,
482 1850 609 1892 vincit
640 1851 827 1906 populus
859 1849 959 1907 ejus.
1014 1852 1060 1893 Si
1090 1852 1332 1892 relaxaverit
1363 1864 1401 1893 et
1432 1854 1559 1895 dimi-

137 1931 235 1972 serit
264 1946 427 1978 manus,
457 1929 644 1984 populus
676 1927 762 1984 ejus
794 1927 974 1970 vincitur
1006 1942 1043 1970 et
1072 1931 1254 1981 fugatur.
1321 1929 1428 1972 Oret
1457 1947 1557 1984 ergo

141 2021 179 2049 et
207 2009 402 2049 sacerdos
435 2006 634 2046 ec‘clesiae
665 2004 971 2055 indesinenter,
1001 2019 1046 2047 ut
1074 2007 1213 2047 vincat
1243 2009 1452 2063 populus,
1485 2011 1558 2065 qui

141 2085 218 2125 sub
249 2083 341 2139 ipso
382 2082 521 2136 est‚⁴)
563 2083 703 2124 hostes
742 2083 968 2124 invisibiles
1006 2084 1310 2134 Amalechitas,
1354 2085 1426 2140 qui
1463 2099 1560 2128 sunt

140 2162 394 2211 daemones,
438 2158 732 2219 impugnantes
775 2176 870 2208 eos,
917 2159 989 2214 qui
1030 2161 1180 2201 volunt
1225 2163 1293 2218 pie
1340 2162 1477 2204 vivere
1512 2165 1559 2206 in

142 2237 323 2279 Christo.
392 2236 448 2277 Et
477 2236 574 2277 ideo
604 2253 682 2277 nos
712 2237 961 2284 meditantes
990 2237 1036 2278 in
1065 2237 1152 2287 his,
1195 2251 1234 2279 et
1272 2240 1374 2280 haec
1414 2241 1482 2282 die
1511 2257 1560 2284 ac

140 2326 269 2356 nocte
300 2314 353 2355 ad
384 2312 636 2354 memoriam
666 2327 930 2364 revocantes,
970 2325 1008 2355 et
1039 2315 1220 2356 orationi
1249 2316 1472 2370 instantes,
1511 2337 1560 2361 ac

143 2390 355 2443 vigilantes
385 2391 429 2431 in
460 2406 521 2440 ea,
554 2392 832 2447 deprecemur
862 2385 1114 2442 Dominum,
1144 2403 1192 2432 ut
1220 2393 1344 2435 nobis
1366 2394 1454 2451 ipse
1479 2397 1561 2438 ho-

144 2486 252 2519 rum,
282 2485 392 2524 quae
420 2467 609 2519 legimus,
637 2469 855 2510 scientiam
886 2471 1070 2510 revelare
1102 2469 1318 2522 dignetur,
1348 2483 1388 2511 et
1419 2484 1560 2514 osteu-

145 2547 270 2594 dere,
313 2546 535 2601 quomodo
579 2544 841 2600 spiritualem
878 2547 1012 2598 legem
1042 2563 1130 2586 non
1162 2548 1300 2590 solum
1330 2547 1374 2589 in
1403 2548 1561 2592 intelli-

265 2678 308 2733 ι>
341 2677 502 2720 Omnes
531 2679 651 2719 Mss.:
692 2679 974 2730 „simulatos.“
1032 2679 1150 2721 Libri
1181 2681 1280 2723 editi
1311 2681 1369 2738 (v.
1399 2699 1434 2730 c.
1465 2684 1561 2726 edd.

147 2734 253 2790 M.):
284 2734 614 2783 „simulatores.“
645 2736 694 2777 R.

262 2804 308 2857 ²)
338 2804 490 2845 Mauh.
524 2804 617 2854 VH,
647 2805 685 2847 6.
803 2807 850 2861 ³)
882 2807 988 2850 Edd
1020 2807 1213 2850 Merlini:
1245 2808 1374 2851 aliud.

256 2873 303 2930 ¹²)
333 2875 413 2916 Ed.
443 2874 599 2917 Ruaei:
631 2887 680 2918 et.
