<?xml version="1.0" encoding="UTF-8"?>
<!DOCTYPE html PUBLIC "-//W3C//DTD XHTML 1.0 Transitional//EN"
    "http://www.w3.org/TR/xhtml1/DTD/xhtml1-transitional.dtd">
<html xmlns="http://www.w3.org/1999/xhtml" xml:lang="en" lang="en">
 <head>
  <title>
</title>
<meta http-equiv="Content-Type" content="text/html;charset=utf-8" />
  <meta name='ocr-system' content='tesseract 3.04.00' />
  <meta name='ocr-capabilities' content='ocr_page ocr_carea ocr_par ocr_line ocrx_word'/>
</head>
<body>
  <div class='ocr_page' id='page_1' title='image "./operaomniaquaegr09orig_0323.png"; bbox 0 0 1752 3136; ppageno 0'>
   <div class='ocr_carea' id='block_1_1' title="bbox 516 50 1561 95">
    <p class='ocr_par' dir='ltr' id='par_1_1' title="bbox 516 50 1561 95">
     <span class='ocr_line' id='line_1_1' title="bbox 516 50 1561 95; baseline 0 -3"><span class='ocrx_word' id='word_1_1' title='bbox 516 65 562 94; x_wconf 78' lang='lat' dir='ltr'><strong>m</strong></span> <span class='ocrx_word' id='word_1_2' title='bbox 592 54 850 94; x_wconf 70' lang='lat' dir='ltr'><strong>Levrncmu</strong></span> <span class='ocrx_word' id='word_1_3' title='bbox 881 50 1081 91; x_wconf 66' lang='lat' dir='ltr'><strong>HonumA</strong></span> <span class='ocrx_word' id='word_1_4' title='bbox 1108 50 1200 90; x_wconf 81' lang='lat' dir='ltr'><strong>Vll.</strong></span> <span class='ocrx_word' id='word_1_5' title='bbox 1479 50 1561 95; x_wconf 73' lang='lat'><strong>311</strong></span> 
     </span>
    </p>
   </div>
   <div class='ocr_carea' id='block_1_2' title="bbox 129 159 1560 2434">
    <p class='ocr_par' dir='ltr' id='par_1_2' title="bbox 129 159 1560 2434">
     <span class='ocr_line' id='line_1_2' title="bbox 149 159 1560 221; baseline -0.006 -15"><span class='ocrx_word' id='word_1_6' title='bbox 149 166 258 206; x_wconf 82' lang='lat' dir='ltr'><strong>circa</strong></span> <span class='ocrx_word' id='word_1_7' title='bbox 288 166 425 221; x_wconf 88' lang='lat' dir='ltr'><strong>ipsum</strong></span> <span class='ocrx_word' id='word_1_8' title='bbox 456 181 637 205; x_wconf 87' lang='lat' dir='ltr'><strong>coenum</strong></span> <span class='ocrx_word' id='word_1_9' title='bbox 669 165 968 203; x_wconf 85' lang='lat' dir='ltr'>demorentur:</span> <span class='ocrx_word' id='word_1_10' title='bbox 1007 159 1115 200; x_wconf 89' lang='lat' dir='ltr'><strong>sicut</strong></span> <span class='ocrx_word' id='word_1_11' title='bbox 1143 170 1240 201; x_wconf 87' lang='lat' dir='ltr'><strong>sunt</strong></span> <span class='ocrx_word' id='word_1_12' title='bbox 1269 159 1490 212; x_wconf 73' lang='lat' dir='ltr'>anguillae,</span> <span class='ocrx_word' id='word_1_13' title='bbox 1521 173 1560 202; x_wconf 80' lang='lat' dir='ltr'><strong>et</strong></span> 
     </span>
     <span class='ocr_line' id='line_1_3' title="bbox 147 237 1556 296; baseline -0.005 -13"><span class='ocrx_word' id='word_1_14' title='bbox 147 242 245 282; x_wconf 76' lang='lat' dir='ltr'><strong>huic</strong></span> <span class='ocrx_word' id='word_1_15' title='bbox 274 241 435 291; x_wconf 75' lang='lat' dir='ltr'>similia,</span> <span class='ocrx_word' id='word_1_16' title='bbox 468 256 574 296; x_wconf 85' lang='lat' dir='ltr'><strong>quae</strong></span> <span class='ocrx_word' id='word_1_17' title='bbox 602 256 691 279; x_wconf 88' lang='lat' dir='ltr'><strong>non</strong></span> <span class='ocrx_word' id='word_1_18' title='bbox 722 247 898 293; x_wconf 88' lang='lat' dir='ltr'><strong>possunt</strong></span> <span class='ocrx_word' id='word_1_19' title='bbox 929 237 1185 277; x_wconf 79' lang='lat' dir='ltr'>adscendere</span> <span class='ocrx_word' id='word_1_20' title='bbox 1215 237 1268 277; x_wconf 84' lang='lat' dir='ltr'><strong>ad</strong></span> <span class='ocrx_word' id='word_1_21' title='bbox 1291 251 1426 291; x_wconf 80' lang='lat' dir='ltr'><strong>aquae</strong></span> <span class='ocrx_word' id='word_1_22' title='bbox 1441 253 1556 276; x_wconf 90' lang='lat' dir='ltr'><strong>sum-</strong></span> 
     </span>
     <span class='ocr_line' id='line_1_4' title="bbox 148 312 1555 372; baseline -0.004 -13"><span class='ocrx_word' id='word_1_23' title='bbox 148 319 359 367; x_wconf 86' lang='lat' dir='ltr'><strong>mitatem,</strong></span> <span class='ocrx_word' id='word_1_24' title='bbox 406 332 543 372; x_wconf 86' lang='lat' dir='ltr'><strong>neque</strong></span> <span class='ocrx_word' id='word_1_25' title='bbox 581 316 634 356; x_wconf 86' lang='lat' dir='ltr'><strong>ad</strong></span> <span class='ocrx_word' id='word_1_26' title='bbox 674 312 761 370; x_wconf 87' lang='lat' dir='ltr'><strong>ejus</strong></span> <span class='ocrx_word' id='word_1_27' title='bbox 798 312 1018 368; x_wconf 77' lang='lat' dir='ltr'>superiora</span> <span class='ocrx_word' id='word_1_28' title='bbox 1047 313 1281 368; x_wconf 82' lang='lat' dir='ltr'><strong>pervenire.</strong></span> <span class='ocrx_word' id='word_1_29' title='bbox 1358 313 1423 353; x_wconf 78' lang='lat' dir='ltr'><strong>Illi</strong></span> <span class='ocrx_word' id='word_1_30' title='bbox 1455 329 1555 354; x_wconf 75' lang='lat' dir='ltr'><strong>vero</strong></span> 
     </span>
     <span class='ocr_line' id='line_1_5' title="bbox 146 382 1555 450; baseline -0.004 -15"><span class='ocrx_word' id='word_1_31' title='bbox 146 395 290 450; x_wconf 77' lang='lat' dir='ltr'><strong>pisces,</strong></span> <span class='ocrx_word' id='word_1_32' title='bbox 322 395 392 449; x_wconf 89' lang='lat' dir='ltr'><strong>qui</strong></span> <span class='ocrx_word' id='word_1_33' title='bbox 420 382 604 447; x_wconf 84' lang='lat' dir='ltr'><strong>pinnulis</strong></span> <span class='ocrx_word' id='word_1_34' title='bbox 635 390 844 446; x_wconf 83' lang='lat' dir='ltr'><strong>juvantur,</strong></span> <span class='ocrx_word' id='word_1_35' title='bbox 874 406 921 430; x_wconf 84' lang='lat' dir='ltr'><strong>ac</strong></span> <span class='ocrx_word' id='word_1_36' title='bbox 950 389 1134 445; x_wconf 78' lang='lat' dir='ltr'><strong>squamis</strong></span> <span class='ocrx_word' id='word_1_37' title='bbox 1165 390 1438 439; x_wconf 88' lang='lat' dir='ltr'><strong>muniuntur,</strong></span> <span class='ocrx_word' id='word_1_38' title='bbox 1479 391 1555 430; x_wconf 89' lang='lat' dir='ltr'><strong>ad-</strong></span> 
     </span>
     <span class='ocr_line' id='line_1_6' title="bbox 144 466 1554 523; baseline -0.004 -12"><span class='ocrx_word' id='word_1_39' title='bbox 144 472 350 512; x_wconf 83' lang='lat' dir='ltr'><strong>scendunt</strong></span> <span class='ocrx_word' id='word_1_40' title='bbox 378 468 505 520; x_wconf 81' lang='lat' dir='ltr'><strong>magis</strong></span> <span class='ocrx_word' id='word_1_41' title='bbox 536 469 590 508; x_wconf 87' lang='lat' dir='ltr'><strong>ad</strong></span> <span class='ocrx_word' id='word_1_42' title='bbox 618 468 851 523; x_wconf 82' lang='lat' dir='ltr'><strong>superiora,</strong></span> <span class='ocrx_word' id='word_1_43' title='bbox 883 479 922 507; x_wconf 91' lang='lat' dir='ltr'><strong>et</strong></span> <span class='ocrx_word' id='word_1_44' title='bbox 951 466 1037 508; x_wconf 69' lang='lat' dir='ltr'><strong>aeri</strong></span> <span class='ocrx_word' id='word_1_45' title='bbox 1067 466 1163 507; x_wconf 88' lang='lat' dir='ltr'><strong>huic</strong></span> <span class='ocrx_word' id='word_1_46' title='bbox 1184 466 1401 507; x_wconf 74' lang='lat' dir='ltr'><strong>viciniores</strong></span> <span class='ocrx_word' id='word_1_47' title='bbox 1433 466 1554 515; x_wconf 84' lang='lat' dir='ltr'><strong>fiunt,</strong></span> 
     </span>
     <span class='ocr_line' id='line_1_7' title="bbox 143 543 1555 601; baseline -0.002 -15"><span class='ocrx_word' id='word_1_48' title='bbox 143 549 254 588; x_wconf 82' lang='lat' dir='ltr'><strong>velut</strong></span> <span class='ocrx_word' id='word_1_49' title='bbox 284 544 354 601; x_wconf 88' lang='lat' dir='ltr'><strong>qui</strong></span> <span class='ocrx_word' id='word_1_50' title='bbox 385 545 617 585; x_wconf 83' lang='lat' dir='ltr'><strong>libertatem</strong></span> <span class='ocrx_word' id='word_1_51' title='bbox 647 545 815 600; x_wconf 86' lang='lat' dir='ltr'><strong>spiritus</strong></span> <span class='ocrx_word' id='word_1_52' title='bbox 847 555 1060 599; x_wconf 85' lang='lat' dir='ltr'><strong>quaerant.</strong></span> <span class='ocrx_word' id='word_1_53' title='bbox 1110 543 1224 585; x_wconf 86' lang='lat' dir='ltr'><strong>Talis</strong></span> <span class='ocrx_word' id='word_1_54' title='bbox 1254 555 1313 584; x_wconf 89' lang='lat' dir='ltr'><strong>est</strong></span> <span class='ocrx_word' id='word_1_55' title='bbox 1331 559 1428 594; x_wconf 85' lang='lat' dir='ltr'><strong>crgo</strong></span> <span class='ocrx_word' id='word_1_56' title='bbox 1461 559 1555 584; x_wconf 85' lang='lat' dir='ltr'><strong>san-</strong></span> 
     </span>
     <span class='ocr_line' id='line_1_8' title="bbox 143 618 1556 677; baseline -0.002 -15"><span class='ocrx_word' id='word_1_57' title='bbox 143 633 230 662; x_wconf 89' lang='lat' dir='ltr'><strong>ctus</strong></span> <span class='ocrx_word' id='word_1_58' title='bbox 262 622 449 676; x_wconf 85' lang='lat' dir='ltr'><strong>quisque,</strong></span> <span class='ocrx_word' id='word_1_59' title='bbox 483 622 578 677; x_wconf 87' lang='lat' dir='ltr'><strong>quia</strong></span> <span class='ocrx_word' id='word_1_60' title='bbox 601 622 636 675; x_wconf 87' lang='lat'><strong>¹)</strong></span> <span class='ocrx_word' id='word_1_61' title='bbox 667 623 774 663; x_wconf 85' lang='lat' dir='ltr'><strong>intra</strong></span> <span class='ocrx_word' id='word_1_62' title='bbox 806 620 907 661; x_wconf 85' lang='lat' dir='ltr'><strong>retia</strong></span> <span class='ocrx_word' id='word_1_63' title='bbox 935 619 1032 662; x_wconf 76' lang='lat' dir='ltr'><strong>fidei</strong></span> <span class='ocrx_word' id='word_1_64' title='bbox 1055 620 1289 669; x_wconf 85' lang='lat' dir='ltr'><strong>conclusus,</strong></span> <span class='ocrx_word' id='word_1_65' title='bbox 1319 621 1458 661; x_wconf 90' lang='lat' dir='ltr'><strong>bonus</strong></span> <span class='ocrx_word' id='word_1_66' title='bbox 1489 618 1556 674; x_wconf 77' lang='lat' dir='ltr'><strong>pi-</strong></span> 
     </span>
     <span class='ocr_line' id='line_1_9' title="bbox 137 696 1556 752; baseline -0.003 -13"><span class='ocrx_word' id='word_1_67' title='bbox 137 697 215 739; x_wconf 80' lang='lat' dir='ltr'><strong>scis</strong></span> <span class='ocrx_word' id='word_1_68' title='bbox 245 715 267 739; x_wconf 82' lang='lat' dir='ltr'><strong>a</strong></span> <span class='ocrx_word' id='word_1_69' title='bbox 299 698 518 739; x_wconf 66' lang='lat' dir='ltr'><strong>Salv-‘nore</strong></span> <span class='ocrx_word' id='word_1_70' title='bbox 547 699 816 739; x_wconf 88' lang='lat' dir='ltr'><strong>nominatur:</strong></span> <span class='ocrx_word' id='word_1_71' title='bbox 848 697 920 752; x_wconf 85' lang='lat' dir='ltr'><strong>qui</strong></span> <span class='ocrx_word' id='word_1_72' title='bbox 950 698 1074 738; x_wconf 83' lang='lat' dir='ltr'><strong>etiam</strong></span> <span class='ocrx_word' id='word_1_73' title='bbox 1105 696 1341 737; x_wconf 74' lang='lat' dir='ltr'><strong>mittitur-in</strong></span> <span class='ocrx_word' id='word_1_74' title='bbox 1374 712 1457 745; x_wconf 87' lang='lat' dir='ltr'><strong>vas,</strong></span> <span class='ocrx_word' id='word_1_75' title='bbox 1487 711 1556 735; x_wconf 84' lang='lat' dir='ltr'><strong>ve-</strong></span> 
     </span>
     <span class='ocr_line' id='line_1_10' title="bbox 139 772 1555 831; baseline -0.002 -17"><span class='ocrx_word' id='word_1_76' title='bbox 139 773 215 815; x_wconf 83' lang='lat' dir='ltr'><strong>luti</strong></span> <span class='ocrx_word' id='word_1_77' title='bbox 246 774 395 831; x_wconf 83' lang='lat' dir='ltr'><strong>pinnas</strong></span> <span class='ocrx_word' id='word_1_78' title='bbox 427 775 610 825; x_wconf 87' lang='lat' dir='ltr'><strong>habens,</strong></span> <span class='ocrx_word' id='word_1_79' title='bbox 657 786 697 814; x_wconf 88' lang='lat' dir='ltr'><strong>et</strong></span> <span class='ocrx_word' id='word_1_80' title='bbox 726 791 930 830; x_wconf 78' lang='lat' dir='ltr'><strong>squamas.</strong></span> <span class='ocrx_word' id='word_1_81' title='bbox 1003 773 1094 815; x_wconf 66' lang='lat' dir='ltr'><strong>Nisi</strong></span> <span class='ocrx_word' id='word_1_82' title='bbox 1115 774 1160 829; x_wconf 85' lang='lat'><strong>²)</strong></span> <span class='ocrx_word' id='word_1_83' title='bbox 1200 772 1310 814; x_wconf 86' lang='lat' dir='ltr'><strong>enim</strong></span> <span class='ocrx_word' id='word_1_84' title='bbox 1343 772 1555 813; x_wconf 82' lang='lat' dir='ltr'><strong>habuisset</strong></span> 
     </span>
     <span class='ocr_line' id='line_1_11' title="bbox 136 849 1556 905; baseline -0.001 -15"><span class='ocrx_word' id='word_1_85' title='bbox 136 851 300 905; x_wconf 78' lang='lat' dir='ltr'><strong>pinnas,</strong></span> <span class='ocrx_word' id='word_1_86' title='bbox 330 868 420 892; x_wconf 90' lang='lat' dir='ltr'><strong>non</strong></span> <span class='ocrx_word' id='word_1_87' title='bbox 450 850 736 892; x_wconf 76' lang='lat' dir='ltr'><strong>resurrexisset</strong></span> <span class='ocrx_word' id='word_1_88' title='bbox 767 853 818 892; x_wconf 86' lang='lat' dir='ltr'><strong>de</strong></span> <span class='ocrx_word' id='word_1_89' title='bbox 851 867 987 892; x_wconf 83' lang='lat' dir='ltr'><strong>coeno</strong></span> <span class='ocrx_word' id='word_1_90' title='bbox 1028 850 1350 900; x_wconf 75' lang='lat' dir='ltr'><strong>incredulitatis,</strong></span> <span class='ocrx_word' id='word_1_91' title='bbox 1392 865 1471 890; x_wconf 89' lang='lat' dir='ltr'><strong>nec</strong></span> <span class='ocrx_word' id='word_1_92' title='bbox 1500 849 1556 889; x_wconf 85' lang='lat' dir='ltr'><strong>ad</strong></span> 
     </span>
     <span class='ocr_line' id='line_1_12' title="bbox 135 925 1553 984; baseline -0.001 -17"><span class='ocrx_word' id='word_1_93' title='bbox 135 939 223 967; x_wconf 78' lang='lat' dir='ltr'><strong>rete</strong></span> <span class='ocrx_word' id='word_1_94' title='bbox 255 926 354 967; x_wconf 87' lang='lat' dir='ltr'><strong>fidei</strong></span> <span class='ocrx_word' id='word_1_95' title='bbox 383 927 646 982; x_wconf 82' lang='lat' dir='ltr'><strong>pervenisset,</strong></span> <span class='ocrx_word' id='word_1_96' title='bbox 677 927 755 967; x_wconf 89' lang='lat' dir='ltr'><strong>nisi</strong></span> <span class='ocrx_word' id='word_1_97' title='bbox 785 928 925 982; x_wconf 84' lang='lat' dir='ltr'><strong>pinnis</strong></span> <span class='ocrx_word' id='word_1_98' title='bbox 957 927 1123 984; x_wconf 79' lang='lat' dir='ltr'><strong>adjutus</strong></span> <span class='ocrx_word' id='word_1_99' title='bbox 1155 929 1206 968; x_wconf 86' lang='lat' dir='ltr'><strong>ad</strong></span> <span class='ocrx_word' id='word_1_100' title='bbox 1233 925 1453 982; x_wconf 82' lang='lat' dir='ltr'><strong>superiora</strong></span> <span class='ocrx_word' id='word_1_101' title='bbox 1484 940 1553 965; x_wconf 83' lang='lat' dir='ltr'><strong>ve—</strong></span> 
     </span>
     <span class='ocr_line' id='line_1_13' title="bbox 136 1001 1554 1059; baseline 0.001 -17"><span class='ocrx_word' id='word_1_102' title='bbox 136 1003 274 1044; x_wconf 86' lang='lat' dir='ltr'><strong>nisset.</strong></span> <span class='ocrx_word' id='word_1_103' title='bbox 335 1002 453 1057; x_wconf 79' lang='lat' dir='ltr'><strong>Quid</strong></span> <span class='ocrx_word' id='word_1_104' title='bbox 485 1014 542 1043; x_wconf 87' lang='lat' dir='ltr'><strong>est</strong></span> <span class='ocrx_word' id='word_1_105' title='bbox 573 1016 726 1052; x_wconf 86' lang='lat' dir='ltr'><strong>autem,</strong></span> <span class='ocrx_word' id='word_1_106' title='bbox 759 1007 874 1059; x_wconf 84' lang='lat' dir='ltr'><strong>quod</strong></span> <span class='ocrx_word' id='word_1_107' title='bbox 909 1016 949 1045; x_wconf 87' lang='lat' dir='ltr'><strong>et</strong></span> <span class='ocrx_word' id='word_1_108' title='bbox 978 1021 1172 1059; x_wconf 87' lang='lat' dir='ltr'><strong>squamas</strong></span> <span class='ocrx_word' id='word_1_109' title='bbox 1198 1004 1353 1044; x_wconf 75' lang='lat' dir='ltr'><strong>habere</strong></span> <span class='ocrx_word' id='word_1_110' title='bbox 1371 1001 1554 1043; x_wconf 78' lang='lat' dir='ltr'><strong>dicitur?</strong></span> 
     </span>
     <span class='ocr_line' id='line_1_14' title="bbox 136 1077 1554 1135; baseline -0.001 -16"><span class='ocrx_word' id='word_1_111' title='bbox 136 1079 357 1135; x_wconf 79' lang='lat' dir='ltr'><strong>Tanquam</strong></span> <span class='ocrx_word' id='word_1_112' title='bbox 391 1079 462 1134; x_wconf 88' lang='lat' dir='ltr'><strong>qui</strong></span> <span class='ocrx_word' id='word_1_113' title='bbox 491 1092 660 1134; x_wconf 80' lang='lat' dir='ltr'><strong>paratus</strong></span> <span class='ocrx_word' id='word_1_114' title='bbox 687 1081 737 1120; x_wconf 87' lang='lat' dir='ltr'><strong>sit</strong></span> <span class='ocrx_word' id='word_1_115' title='bbox 768 1092 904 1121; x_wconf 78' lang='lat' dir='ltr'><strong>vetera</strong></span> <span class='ocrx_word' id='word_1_116' title='bbox 936 1080 1186 1121; x_wconf 85' lang='lat' dir='ltr'><strong>indumenta</strong></span> <span class='ocrx_word' id='word_1_117' title='bbox 1219 1081 1447 1135; x_wconf 76' lang='lat' dir='ltr'><strong>deponere.</strong></span> <span class='ocrx_word' id='word_1_118' title='bbox 1497 1077 1554 1118; x_wconf 85' lang='lat' dir='ltr'><strong>Hi</strong></span> 
     </span>
     <span class='ocr_line' id='line_1_15' title="bbox 132 1154 1555 1211; baseline -0.002 -14"><span class='ocrx_word' id='word_1_119' title='bbox 132 1157 259 1205; x_wconf 85' lang='lat' dir='ltr'><strong>enim,</strong></span> <span class='ocrx_word' id='word_1_120' title='bbox 293 1156 364 1211; x_wconf 91' lang='lat' dir='ltr'><strong>qui</strong></span> <span class='ocrx_word' id='word_1_121' title='bbox 397 1173 591 1211; x_wconf 84' lang='lat' dir='ltr'><strong>squamas</strong></span> <span class='ocrx_word' id='word_1_122' title='bbox 619 1174 707 1197; x_wconf 85' lang='lat' dir='ltr'><strong>non</strong></span> <span class='ocrx_word' id='word_1_123' title='bbox 749 1158 930 1206; x_wconf 69' lang='lat' dir='ltr'><strong>habent,</strong></span> <span class='ocrx_word' id='word_1_124' title='bbox 969 1159 1082 1198; x_wconf 81' lang='lat' dir='ltr'><strong>velut</strong></span> <span class='ocrx_word' id='word_1_125' title='bbox 1122 1173 1167 1198; x_wconf 86' lang='lat' dir='ltr'><strong>ex</strong></span> <span class='ocrx_word' id='word_1_126' title='bbox 1207 1158 1370 1208; x_wconf 81' lang='lat' dir='ltr'><strong>integro</strong></span> <span class='ocrx_word' id='word_1_127' title='bbox 1411 1154 1555 1196; x_wconf 85' lang='lat' dir='ltr'><strong>carnei</strong></span> 
     </span>
     <span class='ocr_line' id='line_1_16' title="bbox 133 1230 1554 1290; baseline -0.002 -16"><span class='ocrx_word' id='word_1_128' title='bbox 133 1245 252 1282; x_wconf 86' lang='lat' dir='ltr'><strong>sunt,</strong></span> <span class='ocrx_word' id='word_1_129' title='bbox 306 1245 345 1274; x_wconf 84' lang='lat' dir='ltr'><strong>ct</strong></span> <span class='ocrx_word' id='word_1_130' title='bbox 387 1233 464 1273; x_wconf 89' lang='lat' dir='ltr'><strong>toti</strong></span> <span class='ocrx_word' id='word_1_131' title='bbox 497 1235 704 1283; x_wconf 72' lang='lat' dir='ltr'><strong>carnales,</strong></span> <span class='ocrx_word' id='word_1_132' title='bbox 755 1234 825 1290; x_wconf 81' lang='lat' dir='ltr'><strong>qui</strong></span> <span class='ocrx_word' id='word_1_133' title='bbox 860 1236 1076 1290; x_wconf 81' lang='lat' dir='ltr'><strong>deponere</strong></span> <span class='ocrx_word' id='word_1_134' title='bbox 1106 1235 1212 1275; x_wconf 81' lang='lat' dir='ltr'><strong>nihil</strong></span> <span class='ocrx_word' id='word_1_135' title='bbox 1244 1244 1433 1289; x_wconf 79' lang='lat' dir='ltr'><strong>possunt.</strong></span> <span class='ocrx_word' id='word_1_136' title='bbox 1508 1230 1554 1272; x_wconf 88' lang='lat' dir='ltr'><strong>Si</strong></span> 
     </span>
     <span class='ocr_line' id='line_1_17' title="bbox 134 1310 1551 1371; baseline -0.001 -22"><span class='ocrx_word' id='word_1_137' title='bbox 134 1311 224 1364; x_wconf 84' lang='lat' dir='ltr'><strong>quis</strong></span> <span class='ocrx_word' id='word_1_138' title='bbox 257 1325 354 1361; x_wconf 83' lang='lat' dir='ltr'><strong>ergo</strong></span> <span class='ocrx_word' id='word_1_139' title='bbox 388 1310 514 1351; x_wconf 79' lang='lat' dir='ltr'><strong>habet</strong></span> <span class='ocrx_word' id='word_1_140' title='bbox 543 1310 707 1366; x_wconf 84' lang='lat' dir='ltr'><strong>pinnas,</strong></span> <span class='ocrx_word' id='word_1_141' title='bbox 740 1310 892 1366; x_wconf 82' lang='lat' dir='ltr'><strong>quibus</strong></span> <span class='ocrx_word' id='word_1_142' title='bbox 915 1313 966 1352; x_wconf 87' lang='lat' dir='ltr'><strong>ad</strong></span> <span class='ocrx_word' id='word_1_143' title='bbox 989 1312 1208 1367; x_wconf 79' lang='lat' dir='ltr'><strong>superiora</strong></span> <span class='ocrx_word' id='word_1_144' title='bbox 1228 1310 1396 1371; x_wconf 79' lang='lat' dir='ltr'><strong>nitatur,</strong></span> <span class='ocrx_word' id='word_1_145' title='bbox 1426 1326 1551 1350; x_wconf 84' lang='lat' dir='ltr'><strong>mun-</strong></span> 
     </span>
     <span class='ocr_line' id='line_1_18' title="bbox 133 1372 1552 1443; baseline -0.001 -16"><span class='ocrx_word' id='word_1_146' title='bbox 133 1388 211 1427; x_wconf 85' lang='lat' dir='ltr'><strong>dus</strong></span> <span class='ocrx_word' id='word_1_147' title='bbox 242 1398 312 1428; x_wconf 83' lang='lat' dir='ltr'><strong>est.</strong></span> <span class='ocrx_word' id='word_1_148' title='bbox 374 1386 462 1440; x_wconf 84' lang='lat' dir='ltr'><strong>Qui</strong></span> <span class='ocrx_word' id='word_1_149' title='bbox 490 1372 589 1428; x_wconf 76' lang='lat' dir='ltr'><strong>vero</strong></span> <span class='ocrx_word' id='word_1_150' title='bbox 621 1405 709 1428; x_wconf 90' lang='lat' dir='ltr'><strong>non</strong></span> <span class='ocrx_word' id='word_1_151' title='bbox 741 1388 868 1428; x_wconf 82' lang='lat' dir='ltr'><strong>habet</strong></span> <span class='ocrx_word' id='word_1_152' title='bbox 898 1387 1069 1443; x_wconf 81' lang='lat' dir='ltr'><strong>pinnas,</strong></span> <span class='ocrx_word' id='word_1_153' title='bbox 1099 1390 1173 1429; x_wconf 87' lang='lat' dir='ltr'><strong>sed</strong></span> <span class='ocrx_word' id='word_1_154' title='bbox 1204 1388 1244 1429; x_wconf 89' lang='lat' dir='ltr'><strong>in</strong></span> <span class='ocrx_word' id='word_1_155' title='bbox 1278 1381 1552 1430; x_wconf 81' lang='lat' dir='ltr'><strong>inferioribus</strong></span> 
     </span>
     <span class='ocr_line' id='line_1_19' title="bbox 133 1464 1552 1519; baseline -0.001 -16"><span class='ocrx_word' id='word_1_156' title='bbox 133 1475 375 1519; x_wconf 82' lang='lat' dir='ltr'><strong>permanet,</strong></span> <span class='ocrx_word' id='word_1_157' title='bbox 418 1476 456 1504; x_wconf 87' lang='lat' dir='ltr'><strong>et</strong></span> <span class='ocrx_word' id='word_1_158' title='bbox 501 1464 543 1505; x_wconf 88' lang='lat' dir='ltr'><strong>in</strong></span> <span class='ocrx_word' id='word_1_159' title='bbox 587 1481 722 1505; x_wconf 87' lang='lat' dir='ltr'><strong>coeno</strong></span> <span class='ocrx_word' id='word_1_160' title='bbox 753 1482 921 1519; x_wconf 85' lang='lat' dir='ltr'><strong>semper</strong></span> <span class='ocrx_word' id='word_1_161' title='bbox 952 1475 1163 1515; x_wconf 82' lang='lat' dir='ltr'><strong>versatur,</strong></span> <span class='ocrx_word' id='word_1_162' title='bbox 1204 1464 1449 1507; x_wconf 87' lang='lat' dir='ltr'><strong>immundus</strong></span> <span class='ocrx_word' id='word_1_163' title='bbox 1480 1473 1552 1503; x_wconf 84' lang='lat' dir='ltr'><strong>est.</strong></span> 
     </span>
     <span class='ocr_line' id='line_1_20' title="bbox 133 1539 1553 1596; baseline -0.001 -15"><span class='ocrx_word' id='word_1_164' title='bbox 133 1539 338 1581; x_wconf 80' lang='lat' dir='ltr'><strong>Similiter</strong></span> <span class='ocrx_word' id='word_1_165' title='bbox 368 1552 507 1580; x_wconf 84' lang='lat' dir='ltr'><strong>autem</strong></span> <span class='ocrx_word' id='word_1_166' title='bbox 540 1542 592 1581; x_wconf 88' lang='lat' dir='ltr'><strong>de</strong></span> <span class='ocrx_word' id='word_1_167' title='bbox 623 1542 779 1581; x_wconf 87' lang='lat' dir='ltr'><strong>avibus.</strong></span> <span class='ocrx_word' id='word_1_168' title='bbox 839 1541 1025 1596; x_wconf 78' lang='lat' dir='ltr'><strong>„Non³)</strong></span> <span class='ocrx_word' id='word_1_169' title='bbox 1066 1541 1366 1590; x_wconf 84' lang='lat' dir='ltr'><strong>manducabis,</strong></span> <span class='ocrx_word' id='word_1_170' title='bbox 1404 1539 1553 1595; x_wconf 72' lang='lat' dir='ltr'><strong>inquit,</strong></span> 
     </span>
     <span class='ocr_line' id='line_1_21' title="bbox 132 1615 1552 1673; baseline 0 -17"><span class='ocrx_word' id='word_1_171' title='bbox 132 1617 248 1665; x_wconf 80' lang='lat' dir='ltr'><strong>haec,</strong></span> <span class='ocrx_word' id='word_1_172' title='bbox 280 1615 376 1671; x_wconf 74' lang='lat' dir='ltr'><strong>qui&#39;a</strong></span> <span class='ocrx_word' id='word_1_173' title='bbox 405 1616 627 1658; x_wconf 84' lang='lat' dir='ltr'><strong>immunda</strong></span> <span class='ocrx_word' id='word_1_174' title='bbox 657 1630 774 1659; x_wconf 86' lang='lat' dir='ltr'><strong>sunt:</strong></span> <span class='ocrx_word' id='word_1_175' title='bbox 807 1619 1013 1673; x_wconf 86' lang='lat' dir='ltr'><strong>aquilam,</strong></span> <span class='ocrx_word' id='word_1_176' title='bbox 1051 1631 1091 1659; x_wconf 86' lang='lat' dir='ltr'><strong>et</strong></span> <span class='ocrx_word' id='word_1_177' title='bbox 1123 1621 1329 1660; x_wconf 81' lang='lat' dir='ltr'><strong>vulturem</strong></span> <span class='ocrx_word' id='word_1_178' title='bbox 1346 1624 1383 1667; x_wconf 92' lang='lat'><strong>,“</strong></span> <span class='ocrx_word' id='word_1_179' title='bbox 1416 1630 1454 1658; x_wconf 85' lang='lat' dir='ltr'><strong>et</strong></span> <span class='ocrx_word' id='word_1_180' title='bbox 1486 1634 1552 1656; x_wconf 87' lang='lat' dir='ltr'><strong>ce-</strong></span> 
     </span>
     <span class='ocr_line' id='line_1_22' title="bbox 131 1693 1552 1751; baseline 0.001 -19"><span class='ocrx_word' id='word_1_181' title='bbox 131 1705 216 1733; x_wconf 87' lang='lat' dir='ltr'><strong>tera</strong></span> <span class='ocrx_word' id='word_1_182' title='bbox 248 1693 311 1734; x_wconf 86' lang='lat' dir='ltr'><strong>his</strong></span> <span class='ocrx_word' id='word_1_183' title='bbox 341 1693 505 1734; x_wconf 82' lang='lat' dir='ltr'><strong>similia.</strong></span> <span class='ocrx_word' id='word_1_184' title='bbox 578 1693 652 1734; x_wconf 86' lang='lat' dir='ltr'><strong>His</strong></span> <span class='ocrx_word' id='word_1_185' title='bbox 697 1695 850 1734; x_wconf 82' lang='lat' dir='ltr'><strong>etenim</strong></span> <span class='ocrx_word' id='word_1_186' title='bbox 891 1696 1034 1737; x_wconf 76' lang='lat' dir='ltr'><strong>avibus</strong></span> <span class='ocrx_word' id='word_1_187' title='bbox 1074 1712 1239 1751; x_wconf 81' lang='lat' dir='ltr'><strong>semper</strong></span> <span class='ocrx_word' id='word_1_188' title='bbox 1281 1706 1552 1735; x_wconf 85' lang='lat' dir='ltr'><strong>mortuorum</strong></span> 
     </span>
     <span class='ocr_line' id='line_1_23' title="bbox 132 1770 1549 1825; baseline -0.001 -15"><span class='ocrx_word' id='word_1_189' title='bbox 132 1787 366 1825; x_wconf 86' lang='lat' dir='ltr'><strong>corporum</strong></span> <span class='ocrx_word' id='word_1_190' title='bbox 407 1770 523 1810; x_wconf 88' lang='lat' dir='ltr'><strong>cibus</strong></span> <span class='ocrx_word' id='word_1_191' title='bbox 567 1781 646 1818; x_wconf 80' lang='lat' dir='ltr'><strong>est,</strong></span> <span class='ocrx_word' id='word_1_192' title='bbox 692 1782 732 1811; x_wconf 84' lang='lat' dir='ltr'><strong>et</strong></span> <span class='ocrx_word' id='word_1_193' title='bbox 779 1789 826 1811; x_wconf 78' lang='lat' dir='ltr'><strong>ex</strong></span> <span class='ocrx_word' id='word_1_194' title='bbox 871 1772 1047 1814; x_wconf 83' lang='lat' dir='ltr'><strong>mortuis</strong></span> <span class='ocrx_word' id='word_1_195' title='bbox 1084 1771 1356 1812; x_wconf 83' lang='lat' dir='ltr'><strong>cadaveribus</strong></span> <span class='ocrx_word' id='word_1_196' title='bbox 1396 1770 1549 1810; x_wconf 74' lang='lat' dir='ltr'><strong>vivunt.</strong></span> 
     </span>
     <span class='ocr_line' id='line_1_24' title="bbox 131 1846 1552 1903; baseline -0.002 -14"><span class='ocrx_word' id='word_1_197' title='bbox 131 1848 294 1889; x_wconf 80' lang='lat' dir='ltr'><strong>Omnes</strong></span> <span class='ocrx_word' id='word_1_198' title='bbox 326 1863 438 1898; x_wconf 81' lang='lat' dir='ltr'><strong>ergo,</strong></span> <span class='ocrx_word' id='word_1_199' title='bbox 470 1847 541 1903; x_wconf 89' lang='lat' dir='ltr'><strong>qui</strong></span> <span class='ocrx_word' id='word_1_200' title='bbox 582 1846 829 1903; x_wconf 71' lang='lat' dir='ltr'><strong>hujusmodi</strong></span> <span class='ocrx_word' id='word_1_201' title='bbox 869 1849 994 1889; x_wconf 86' lang='lat' dir='ltr'><strong>vitam</strong></span> <span class='ocrx_word' id='word_1_202' title='bbox 1026 1860 1196 1901; x_wconf 79' lang='lat' dir='ltr'><strong>gerunt,</strong></span> <span class='ocrx_word' id='word_1_203' title='bbox 1237 1846 1448 1889; x_wconf 83' lang='lat' dir='ltr'><strong>immundi</strong></span> <span class='ocrx_word' id='word_1_204' title='bbox 1480 1847 1552 1886; x_wconf 42' lang='lat' dir='ltr'><strong>ha*</strong></span> 
     </span>
     <span class='ocr_line' id='line_1_25' title="bbox 131 1923 1548 1979; baseline -0.001 -14"><span class='ocrx_word' id='word_1_205' title='bbox 131 1925 263 1965; x_wconf 79' lang='lat' dir='ltr'><strong>hendi</strong></span> <span class='ocrx_word' id='word_1_206' title='bbox 293 1936 400 1966; x_wconf 86' lang='lat' dir='ltr'><strong>sunt.</strong></span> <span class='ocrx_word' id='word_1_207' title='bbox 457 1925 549 1975; x_wconf 83' lang='lat' dir='ltr'><strong>Ego</strong></span> <span class='ocrx_word' id='word_1_208' title='bbox 582 1937 686 1979; x_wconf 87' lang='lat' dir='ltr'><strong>puto</strong></span> <span class='ocrx_word' id='word_1_209' title='bbox 721 1936 760 1965; x_wconf 82' lang='lat' dir='ltr'><strong>et</strong></span> <span class='ocrx_word' id='word_1_210' title='bbox 790 1925 885 1967; x_wconf 86' lang='lat' dir='ltr'><strong>illos</strong></span> <span class='ocrx_word' id='word_1_211' title='bbox 915 1925 958 1966; x_wconf 89' lang='lat' dir='ltr'><strong>in</strong></span> <span class='ocrx_word' id='word_1_212' title='bbox 992 1926 1055 1966; x_wconf 69' lang='lat' dir='ltr'><strong>his</strong></span> <span class='ocrx_word' id='word_1_213' title='bbox 1085 1925 1315 1972; x_wconf 83' lang='lat' dir='ltr'><strong>nominari,</strong></span> <span class='ocrx_word' id='word_1_214' title='bbox 1346 1925 1418 1978; x_wconf 87' lang='lat' dir='ltr'><strong>qui</strong></span> <span class='ocrx_word' id='word_1_215' title='bbox 1450 1923 1548 1963; x_wconf 80' lang='lat' dir='ltr'><strong>atie-</strong></span> 
     </span>
     <span class='ocr_line' id='line_1_26' title="bbox 133 1997 1550 2058; baseline -0.001 -17"><span class='ocrx_word' id='word_1_216' title='bbox 133 2002 196 2041; x_wconf 88' lang='lat' dir='ltr'><strong>nis</strong></span> <span class='ocrx_word' id='word_1_217' title='bbox 227 1997 430 2041; x_wconf 84' lang='lat' dir='ltr'><strong>incubant</strong></span> <span class='ocrx_word' id='word_1_218' title='bbox 459 2001 693 2051; x_wconf 70' lang='lat' dir='ltr'><strong>mortibus,</strong></span> <span class='ocrx_word' id='word_1_219' title='bbox 726 2014 766 2042; x_wconf 90' lang='lat' dir='ltr'><strong>et</strong></span> <span class='ocrx_word' id='word_1_220' title='bbox 797 2014 884 2043; x_wconf 86' lang='lat' dir='ltr'><strong>arte</strong></span> <span class='ocrx_word' id='word_1_221' title='bbox 915 2004 1121 2058; x_wconf 84' lang='lat' dir='ltr'><strong>quadam,</strong></span> <span class='ocrx_word' id='word_1_222' title='bbox 1151 2002 1215 2042; x_wconf 85' lang='lat' dir='ltr'><strong>vel</strong></span> <span class='ocrx_word' id='word_1_223' title='bbox 1246 2002 1396 2042; x_wconf 76' lang='lat' dir='ltr'><strong>fraude</strong></span> <span class='ocrx_word' id='word_1_224' title='bbox 1426 2011 1550 2041; x_wconf 81' lang='lat' dir='ltr'><strong>testa-</strong></span> 
     </span>
     <span class='ocr_line' id='line_1_27' title="bbox 134 2063 1552 2136; baseline -0.001 -18"><span class='ocrx_word' id='word_1_225' title='bbox 134 2090 272 2119; x_wconf 83' lang='lat' dir='ltr'><strong>menta</strong></span> <span class='ocrx_word' id='word_1_226' title='bbox 305 2077 546 2133; x_wconf 72' lang='lat' dir='ltr'><strong>subjiciunt.</strong></span> <span class='ocrx_word' id='word_1_227' title='bbox 605 2078 863 2136; x_wconf 83' lang='lat' dir='ltr'><strong>Hujusmodi</strong></span> <span class='ocrx_word' id='word_1_228' title='bbox 895 2080 1007 2120; x_wconf 84' lang='lat' dir='ltr'><strong>enirn</strong></span> <span class='ocrx_word' id='word_1_229' title='bbox 1040 2063 1254 2126; x_wconf 26' lang='lat' dir='ltr'><strong>homine-s,</strong></span> <span class='ocrx_word' id='word_1_230' title='bbox 1299 2079 1481 2117; x_wconf 68' lang='lat' dir='ltr'><strong>vultures</strong></span> <span class='ocrx_word' id='word_1_231' title='bbox 1513 2089 1552 2117; x_wconf 78' lang='lat' dir='ltr'><strong>et</strong></span> 
     </span>
     <span class='ocr_line' id='line_1_28' title="bbox 135 2154 1548 2212; baseline -0.001 -16"><span class='ocrx_word' id='word_1_232' title='bbox 135 2155 300 2211; x_wconf 79' lang='lat' dir='ltr'><strong>aquilae</strong></span> <span class='ocrx_word' id='word_1_233' title='bbox 330 2157 482 2196; x_wconf 78' lang='lat' dir='ltr'><strong>merito</strong></span> <span class='ocrx_word' id='word_1_234' title='bbox 515 2157 798 2212; x_wconf 88' lang='lat' dir='ltr'><strong>appellantur,</strong></span> <span class='ocrx_word' id='word_1_235' title='bbox 830 2158 941 2197; x_wconf 85' lang='lat' dir='ltr'><strong>velut</strong></span> <span class='ocrx_word' id='word_1_236' title='bbox 970 2167 1240 2196; x_wconf 87' lang='lat' dir='ltr'><strong>mortuorum</strong></span> <span class='ocrx_word' id='word_1_237' title='bbox 1275 2154 1548 2195; x_wconf 81' lang='lat' dir='ltr'><strong>cadaveribus</strong></span> 
     </span>
     <span class='ocr_line' id='line_1_29' title="bbox 130 2228 1551 2293; baseline -0.001 -21"><span class='ocrx_word' id='word_1_238' title='bbox 130 2232 352 2274; x_wconf 84' lang='lat' dir='ltr'><strong>inhiantes.</strong></span> <span class='ocrx_word' id='word_1_239' title='bbox 410 2232 508 2273; x_wconf 83' lang='lat' dir='ltr'><strong>Scio</strong></span> <span class='ocrx_word' id='word_1_240' title='bbox 543 2245 581 2274; x_wconf 91' lang='lat' dir='ltr'><strong>et</strong></span> <span class='ocrx_word' id='word_1_241' title='bbox 611 2234 690 2275; x_wconf 81' lang='lat' dir='ltr'><strong>alia</strong></span> <span class='ocrx_word' id='word_1_242' title='bbox 720 2232 926 2293; x_wconf 57' lang='lat' dir='ltr'><strong>xsolatilia,</strong></span> <span class='ocrx_word' id='word_1_243' title='bbox 951 2228 1063 2287; x_wconf 74' lang='lat' dir='ltr'><strong>quae</strong></span> <span class='ocrx_word' id='word_1_244' title='bbox 1094 2244 1217 2288; x_wconf 80' lang='lat' dir='ltr'><strong>raptu</strong></span> <span class='ocrx_word' id='word_1_245' title='bbox 1246 2232 1400 2272; x_wconf 77' lang='lat' dir='ltr'><strong>vivunt.</strong></span> <span class='ocrx_word' id='word_1_246' title='bbox 1461 2231 1551 2271; x_wconf 86' lang='lat' dir='ltr'><strong>Hae</strong></span> 
     </span>
     <span class='ocr_line' id='line_1_30' title="bbox 129 2308 1552 2366; baseline -0.004 -14"><span class='ocrx_word' id='word_1_247' title='bbox 129 2322 227 2352; x_wconf 87' lang='lat' dir='ltr'><strong>sunt</strong></span> <span class='ocrx_word' id='word_1_248' title='bbox 246 2310 433 2359; x_wconf 81' lang='lat' dir='ltr'><strong>animae,</strong></span> <span class='ocrx_word' id='word_1_249' title='bbox 465 2327 571 2366; x_wconf 85' lang='lat' dir='ltr'><strong>quae</strong></span> <span class='ocrx_word' id='word_1_250' title='bbox 600 2314 834 2352; x_wconf 88' lang='lat' dir='ltr'><strong>secundum</strong></span> <span class='ocrx_word' id='word_1_251' title='bbox 865 2311 949 2350; x_wconf 87' lang='lat' dir='ltr'><strong>hoc</strong></span> <span class='ocrx_word' id='word_1_252' title='bbox 981 2309 1174 2364; x_wconf 79' lang='lat' dir='ltr'><strong>quidem,</strong></span> <span class='ocrx_word' id='word_1_253' title='bbox 1218 2309 1334 2363; x_wconf 88' lang='lat' dir='ltr'><strong>quod</strong></span> <span class='ocrx_word' id='word_1_254' title='bbox 1366 2308 1552 2348; x_wconf 84' lang='lat' dir='ltr'><strong>rationa-</strong></span> 
     </span>
     <span class='ocr_line' id='line_1_31' title="bbox 131 2374 1550 2434; baseline -0.003 -5"><span class='ocrx_word' id='word_1_255' title='bbox 131 2389 235 2429; x_wconf 84' lang='lat' dir='ltr'><strong>biles</strong></span> <span class='ocrx_word' id='word_1_256' title='bbox 268 2400 307 2434; x_wconf 87' lang='lat' dir='ltr'><strong>et</strong></span> <span class='ocrx_word' id='word_1_257' title='bbox 339 2388 527 2429; x_wconf 74' lang='lat' dir='ltr'><strong>imbutae</strong></span> <span class='ocrx_word' id='word_1_258' title='bbox 556 2401 652 2428; x_wconf 88' lang='lat' dir='ltr'><strong>sunt</strong></span> <span class='ocrx_word' id='word_1_259' title='bbox 682 2374 927 2430; x_wconf 83' lang='lat' dir='ltr'><strong>liberalibus</strong></span> <span class='ocrx_word' id='word_1_260' title='bbox 958 2385 1166 2434; x_wconf 84' lang='lat' dir='ltr'><strong>institutis,</strong></span> <span class='ocrx_word' id='word_1_261' title='bbox 1198 2386 1261 2426; x_wconf 74' lang='lat' dir='ltr'><strong>vel</strong></span> <span class='ocrx_word' id='word_1_262' title='bbox 1288 2385 1550 2426; x_wconf 79' lang='lat' dir='ltr'><strong>rationabili-</strong></span> 
     </span>
    </p>
   </div>
   <div class='ocr_carea' id='block_1_3' title="bbox 129 2462 1549 2521">
    <p class='ocr_par' dir='ltr' id='par_1_3' title="bbox 129 2462 1549 2521">
     <span class='ocr_line' id='line_1_32' title="bbox 129 2462 1549 2521; baseline -0.002 -16"><span class='ocrx_word' id='word_1_263' title='bbox 129 2467 209 2507; x_wconf 85' lang='lat' dir='ltr'><strong>bus</strong></span> <span class='ocrx_word' id='word_1_264' title='bbox 241 2465 482 2521; x_wconf 78' lang='lat' dir='ltr'><strong>disciplinis,</strong></span> <span class='ocrx_word' id='word_1_265' title='bbox 511 2465 696 2507; x_wconf 66' lang='lat' dir='ltr'><strong>volatilia</strong></span> <span class='ocrx_word' id='word_1_266' title='bbox 729 2466 935 2508; x_wconf 79' lang='lat' dir='ltr'><strong>videntur.</strong></span> <span class='ocrx_word' id='word_1_267' title='bbox 1003 2464 1164 2516; x_wconf 79' lang='lat' dir='ltr'><strong>Legunt</strong></span> <span class='ocrx_word' id='word_1_268' title='bbox 1194 2464 1303 2504; x_wconf 79' lang='lat' dir='ltr'><strong>enim</strong></span> <span class='ocrx_word' id='word_1_269' title='bbox 1338 2474 1376 2504; x_wconf 87' lang='lat' dir='ltr'><strong>et</strong></span> <span class='ocrx_word' id='word_1_270' title='bbox 1406 2462 1549 2517; x_wconf 79' lang='lat' dir='ltr'><strong>requi-</strong></span> 
     </span>
    </p>
   </div>
   <div class='ocr_carea' id='block_1_4' title="bbox 247 2640 1103 2763">
    <p class='ocr_par' dir='ltr' id='par_1_4' title="bbox 247 2640 1103 2763">
     <span class='ocr_line' id='line_1_33' title="bbox 251 2640 777 2695; baseline 0.002 -14"><span class='ocrx_word' id='word_1_271' title='bbox 251 2642 293 2694; x_wconf 72' lang='lat'><strong>¹)</strong></span> <span class='ocrx_word' id='word_1_272' title='bbox 326 2642 434 2682; x_wconf 86' lang='lat' dir='ltr'><strong>Edd.</strong></span> <span class='ocrx_word' id='word_1_273' title='bbox 462 2640 660 2682; x_wconf 75' lang='lat' dir='ltr'><strong>,Merliniz</strong></span> <span class='ocrx_word' id='word_1_274' title='bbox 694 2641 777 2695; x_wconf 84' lang='lat' dir='ltr'><strong>qui.</strong></span> 
     </span>
     <span class='ocr_line' id='line_1_34' title="bbox 247 2710 1103 2763; baseline 0.001 -12"><span class='ocrx_word' id='word_1_275' title='bbox 247 2713 292 2763; x_wconf 72' lang='lat'><strong>²)</strong></span> <span class='ocrx_word' id='word_1_276' title='bbox 323 2712 403 2752; x_wconf 85' lang='lat' dir='ltr'><strong>Ed.</strong></span> <span class='ocrx_word' id='word_1_277' title='bbox 437 2711 570 2751; x_wconf 76' lang='lat' dir='ltr'><strong>Ruaei</strong></span> <span class='ocrx_word' id='word_1_278' title='bbox 604 2712 718 2751; x_wconf 83' lang='lat' dir='ltr'><strong>sola:</strong></span> <span class='ocrx_word' id='word_1_279' title='bbox 753 2712 848 2753; x_wconf 67' lang='lat' dir='ltr'><strong>Nou</strong></span> <span class='ocrx_word' id='word_1_280' title='bbox 883 2710 992 2752; x_wconf 76' lang='lat' dir='ltr'><strong>enim</strong></span> <span class='ocrx_word' id='word_1_281' title='bbox 1029 2722 1103 2752; x_wconf 69' lang='lat' dir='ltr'><strong>etr.</strong></span> 
     </span>
    </p>
   </div>
   <div class='ocr_carea' id='block_1_5' title="bbox 245 2780 775 2836">
    <p class='ocr_par' dir='ltr' id='par_1_5' title="bbox 245 2780 775 2836">
     <span class='ocr_line' id='line_1_35' title="bbox 245 2780 775 2836; baseline -0.006 -12"><span class='ocrx_word' id='word_1_282' title='bbox 245 2782 261 2806; x_wconf 88' lang='lat'>³</span> <span class='ocrx_word' id='word_1_283' title='bbox 272 2783 291 2836; x_wconf 83' lang='lat'>&gt;</span> <span class='ocrx_word' id='word_1_284' title='bbox 324 2780 411 2823; x_wconf 66' lang='lat' dir='ltr'><strong>cfr.</strong></span> <span class='ocrx_word' id='word_1_285' title='bbox 442 2782 571 2824; x_wconf 59' lang='lat' dir='ltr'><strong>Lem.</strong></span> <span class='ocrx_word' id='word_1_286' title='bbox 603 2783 680 2831; x_wconf 84' lang='lat' dir='ltr'><strong>x1,</strong></span> <span class='ocrx_word' id='word_1_287' title='bbox 713 2781 775 2825; x_wconf 77' lang='lat'><strong>13.</strong></span> 
     </span>
    </p>
   </div>
  </div>
 </body>
</html>
