1752 3136
533 135 580 166 m
610 122 867 165 anrrmmu
895 120 1096 164 HommA
1123 122 1215 165 VII.
1499 124 1586 170 299

175 253 273 290 gere
301 237 406 280 sicut
431 235 606 288 dignum
636 245 708 284 est,
736 249 876 287 neque
906 232 1085 275 revelata
1116 233 1220 274 mihi
1259 234 1385 276 fuerit
1413 237 1587 282 scientia

173 315 270 365 Dei,
300 314 513 356 manduco
543 310 725 367 quidem*
744 310 1051 365 pectusculum,
1080 312 1155 352 sed
1183 327 1272 353 non
1293 316 1586 368 pectusculum

173 387 476 444 segregationis.
532 386 673 429 Etiam
712 385 746 428 si
782 397 967 442 potuero
1001 386 1162 429 dicere:
1202 388 1292 444 ipse
1333 388 1445 430 enim
1481 391 1587 434 mihi

174 467 291 509 dedit
319 463 524 514 omnium,
552 479 661 519 quae
688 474 808 514 sunt,
839 462 1057 504 scientiam
1088 479 1243 514 veram,
1275 477 1323 506 ut
1352 467 1481 508 sciam
1515 485 1586 510 ra-

171 544 329 585 tionem
359 540 524 589 mundi,
556 551 596 581 et
610 539 805 581 virtutem
833 540 1157 591 elementorum,
1186 541 1353 584 initium
1376 557 1414 586 et
1443 545 1588 598 finem,

172 618 440 661 medietatem
468 628 734 672 temporum,
772 618 1134 673 permutationum
1177 618 1500 674 vicissitudines,
1547 634 1588 664 et

170 694 465 737 conversiones
493 705 750 750 temporum,
780 694 880 735 anni
912 693 1103 745 circulos,
1133 706 1173 736 et
1192 697 1410 739 stellarum
1443 698 1589 755 dispo-

168 771 364 815 sitiones:
402 772 559 813 horum
600 771 794 812 omnium
833 769 1028 820 scientia,
1077 772 1174 827 quia
1214 775 1475 817 rationabilis
1518 789 1589 827 est,

168 849 402 905 pectusculi
434 848 551 891 cibus
581 860 652 898 est,
681 849 755 890 sed
784 864 875 888 non
911 849 1145 903 pectusculi
1173 851 1482 903 segregationis.
1541 854 1590 896 Si

169 938 311 968 autem
341 938 526 982 potuero
558 926 611 966 de
638 924 737 966 Deo
769 925 924 966 sentire
958 942 1067 981 quae
1098 942 1263 979 magna,
1293 945 1400 984 quae
1431 944 1588 983 sancta,

171 1019 279 1060 quae
292 1019 405 1060 ‘vera
433 1013 531 1044 sunt
561 1013 601 1042 et
629 1012 811 1051 secreta,
850 1013 951 1042 tunc
982 1004 1254 1045 manducabo
1290 1009 1586 1060 pectusculum

167 1077 474 1133 segregationis,
506 1095 604 1119 cum
631 1077 690 1127 id,
722 1078 841 1133 quod
881 1079 934 1117 ab
968 1079 1086 1120 omni
1128 1092 1316 1122 creatura
1358 1083 1513 1126 eminet
1550 1098 1591 1127 et

166 1167 426 1210 segregatur,
466 1171 692 1208 agnovero.
768 1154 937 1196 Primus
979 1172 1078 1207 ergo
1131 1161 1424 1213 pectusculum
1477 1161 1590 1204 istud

165 1250 288 1275 verus
318 1233 510 1288 pontifex
539 1248 659 1273 meus
689 1233 889 1277 comedit.
947 1231 1186 1287 Quomodo
1219 1238 1436 1280 comedit?
1475 1240 1590 1290 „Ne-

168 1327 257 1361 mo,
277 1309 321 1365 ¹)
350 1310 501 1366 inquit,
529 1309 650 1351 novit
677 1320 855 1366 patrem,
886 1309 964 1351 nisi
993 1310 1143 1353 filius.“
1193 1312 1395 1355 Secundo
1417 1314 1462 1356 in
1485 1317 1586 1358 loco

166 1389 432 1430 manducant
470 1398 509 1428 et
549 1385 625 1426 filii
667 1385 769 1443 ejus,
838 1387 1001 1435 „Nemo
1017 1387 1063 1442 ²)
1105 1388 1216 1430 enim
1255 1391 1374 1432 novit
1412 1403 1590 1448 patrem,

168 1464 248 1507 nisi
276 1465 402 1518 filius,
434 1475 475 1505 et
506 1463 574 1505 cui
603 1461 785 1504 voluerit
811 1464 923 1505 filius
952 1465 1176 1505 revelare.⁴‘
1248 1465 1416 1520 Quibus
1447 1482 1590 1512 autem

173 1539 279 1591 aliis,
305 1540 386 1582 nisi
415 1539 634 1596 Apostolis
665 1539 748 1581 suis
783 1539 973 1581 revelat?
1030 1540 1116 1581 Sed
1147 1553 1187 1582 et
1215 1542 1438 1587 brachium
1470 1562 1591 1602 sepa-

168 1616 368 1667 rationis,
401 1618 468 1658 vel
497 1616 748 1667 ablationis,
786 1616 895 1659 sicut
934 1627 975 1656 et
1010 1617 1200 1673 superius
1231 1619 1435 1672 diximus,
1473 1635 1589 1666 actus

167 1705 266 1736 sunt
303 1705 343 1735 et
379 1709 511 1750 opera
551 1693 832 1735 eminentiora
875 1693 1045 1742 ceteris,
1093 1703 1203 1750 quae
1244 1697 1390 1753 utique
1425 1700 1588 1755 primus

165 1769 258 1827 ipse
288 1770 494 1820 Salvator,
524 1783 565 1812 et
592 1770 808 1813 Dominus
837 1786 957 1811 meus
987 1770 1191 1826 implevit.
1242 1772 1479 1827 Quomodo
1506 1775 1590 1817 im-

165 1847 328 1904 plevit?
357 1847 583 1902 ‚,Meus‚³)
612 1847 771 1904 inquit,
805 1849 923 1890 cibus
955 1859 1036 1897 est,
1067 1860 1114 1889 ut
1144 1849 1297 1891 faciam
1326 1852 1590 1894 voluntatem

170 1923 271 1981 ejus,
303 1926 376 1981 qui
405 1941 475 1966 me
503 1925 640 1976 misit,
678 1937 718 1967 et
757 1924 977 1981 perficiam
1010 1942 1116 1981 opus
1158 1924 1285 1982 ejus.“
1345 1926 1457 1969 Cum
1489 1946 1588 1983 ergo

168 2001 269 2043 facit
297 2002 556 2043 voluntatem
588 2000 690 2058 ejus,
720 2003 793 2059 qui
822 2001 936 2044 misit
966 2019 1084 2053 eum,
1123 2003 1167 2044 in
1204 2003 1289 2044 hoc
1318 2020 1411 2044 non
1439 2018 1588 2060 pectu-

167 2079 347 2128 sculum,
377 2079 451 2119 sed
481 2079 707 2121 brachium
736 2079 1014 2136 separationis
1037 2079 1232 2121 comedit.
1281 2079 1486 2122 Similiter
1515 2099 1589 2123 au-

169 2163 254 2195 tem
287 2167 327 2196 et
354 2155 552 2211 Apostoli
581 2155 690 2212 ejus,
733 2174 829 2198 cum
862 2156 1023 2197 faciunt
1064 2174 1171 2213 opus
1199 2155 1510 2209 Evangelistae‚
1549 2171 1590 2201 et

169 2229 413 2273 efficiuntur
443 2232 628 2288 operarii
655 2234 988 2283 inconfusibiles,
1018 2247 1130 2276 recte
1157 2245 1394 2276 tractantes
1423 2251 1588 2277 sermo-

167 2324 268 2349 nem
297 2307 491 2358 veritatis‚
521 2309 795 2366 separationis
825 2312 889 2352 vel
920 2311 1146 2352 ablationis
1183 2310 1406 2353 brachium
1438 2329 1584 2354 come-

167 2385 286 2427 dunt.
344 2385 417 2429 Vis
447 2387 586 2428 adhuc
615 2387 784 2443 planius
824 2388 990 2438 videre,
1036 2389 1259 2444 quomodo
1299 2388 1496 2430 Salvator
1522 2407 1588 2433 se-

166 2461 399 2517 parationis
429 2463 654 2507 brachium
688 2466 913 2508 comedat?
968 2466 1109 2515 Audi,
1154 2464 1256 2522 quid
1287 2464 1397 2507 dicat
1425 2468 1479 2508 ad
1509 2468 1588 2508 Ju-

168 2539 318 2580 daeos:
368 2539 489 2596 ,‚si⁴)
519 2541 624 2591 feci,
666 2541 826 2598 inquit,
872 2560 1001 2599 opera
1031 2543 1073 2584 in
1119 2542 1262 2593 vobis,
1311 2559 1417 2599 quae
1444 2545 1590 2586 nullus

167 2613 273 2655 alius
301 2613 418 2664 fecit,
462 2632 543 2672 pro
577 2636 662 2674 quo
695 2620 852 2660 borum
882 2621 1002 2662 vultis
1042 2637 1111 2662 me
1142 2619 1389 2662 occidere?“
1444 2622 1590 2672 Vides,

166 2692 390 2744 quomodo
420 2692 511 2748 ipse
539 2711 636 2737 vere
664 2698 895 2740 manducat
924 2699 1148 2739 brachium
1177 2696 1475 2754 separationis,
1515 2697 1589 2754 qui

288 2793 331 2849 ¹)
362 2795 514 2840 Matth.
542 2801 619 2852 XI,
648 2802 714 2843 27.
833 2802 881 2858 ²)
913 2802 1063 2844 Matth.
1097 2803 1171 2860 XI,
1201 2804 1270 2846 27.

278 2864 326 2921 ὅ)
354 2865 430 2908 Ev.
462 2868 620 2915 Joann.
649 2871 723 2924 lV,
751 2872 819 2916 34.
940 2872 986 2929 ⁴)
1019 2873 1106 2915 Cfr.
1137 2890 1196 2917 ev.
1226 2873 1385 2915 Joann.
1417 2873 1471 2923 X,
1502 2875 1571 2917 32.
