1752 3136
459 135 506 165 m
535 122 734 165 ExonUM
763 121 966 163 HOM1L1A
988 120 1105 162 XIII.
1415 125 1497 166 155

80 252 187 286 mus,
217 252 265 278 ex
293 236 376 277 hoc
404 236 549 277 saltem
578 233 821 274 attentiores
847 232 999 282 simus,
1028 243 1068 273 et
1096 231 1273 273 sollicite
1301 233 1496 276 intenda-

79 330 187 364 mus,
216 324 262 354 ut
289 312 494 368 possimus
523 321 663 351 mente
692 307 929 364 concipere.
993 308 1164 351 Justum
1196 321 1255 351 est
1287 310 1421 359 enim,
1451 322 1497 351 ut

83 389 128 430 in
175 389 448 431 tabernaculo
500 385 678 427 Domini
725 383 963 425 inveniatur
1005 386 1294 442 unusquisque
1341 387 1498 427 habere

80 466 324 521 portionem
354 480 486 505 suam.
564 463 665 504 Non
714 463 826 504 enim
865 463 968 502 latet
997 462 1162 513 Deum,
1204 463 1497 519 unusquisque

80 543 184 598 quid
215 541 251 582 ei
281 542 444 583 offerat.
503 538 646 593 Quam
686 539 918 592 gloriosum
958 537 1035 579 tibi
1066 551 1147 591 est,
1188 539 1221 581 si
1262 540 1423 581 dicatu,¹
1451 539 1496 581 in

77 618 351 659 tabernaculo
383 615 586 657 Domini:
617 632 768 656 aurum
798 615 931 665 istud,
960 616 1079 657 verbi
1107 633 1251 667 causa,
1283 634 1368 672 quo
1400 633 1497 658 arca

76 693 311 736 testamenti
344 692 576 745 obtegitur,
619 693 731 735 illius
763 703 842 734 est:
883 704 1124 745 argentum,
1165 710 1212 734 ex
1244 711 1328 750 quo
1361 696 1495 745 bases,

79 782 119 811 et
149 772 374 812 columnae
403 783 521 819 sunt,
551 770 662 811 illius
694 781 773 812 est:
806 787 892 820 aes,
926 773 977 812 de
1010 786 1095 825 quo
1127 771 1296 820 annuli,
1327 783 1364 812 et
1395 788 1494 812 can-

76 847 319 898 delabrum,
367 859 408 889 et
446 848 680 888 nonnullae
721 847 1020 889 columnarum
1061 849 1179 889 bases
1219 849 1353 890 factae
1385 859 1495 897 sunt,

74 923 186 964 illius
218 935 295 965 est:
324 925 398 966 sed
428 936 466 966 et
489 923 648 979 lapides
666 923 730 966 isti
754 925 994 974 humeralis,
1026 935 1066 965 et
1093 924 1207 977 logii,
1235 922 1344 966 illius
1375 936 1495 965 sunt:

78 1000 175 1056 et³)
205 1018 417 1057 purpura,
449 1017 531 1057 qua
563 1012 741 1041 ornatur
770 1001 980 1056 pontifex,
1011 1000 1122 1041 illius
1150 1013 1231 1052 est,
1273 1013 1314 1042 et
1343 1018 1495 1043 coccus

77 1076 188 1119 illius
220 1089 290 1127 est,
322 1090 359 1119 et
393 1089 529 1119 cetera
560 1093 754 1132 quaeque
782 1093 860 1131 per
876 1077 1050 1130 singula.
1095 1077 1149 1118 Et
1168 1095 1334 1119 rursum
1368 1094 1494 1133 quam

74 1153 342 1203 indecorum,
374 1171 498 1209 quam
529 1154 730 1195 miserum
763 1153 861 1203 erit,
900 1153 933 1195 si
972 1152 1189 1200 Dominus
1229 1154 1397 1195 veniens
1427 1172 1495 1196 re—

79 1231 246 1286 quirere
277 1231 517 1272 aedificium
546 1232 832 1280 tabernaculi,
868 1229 976 1271 nihil
1005 1230 1192 1272 muneris
1222 1232 1283 1272 tui
1312 1231 1496 1274 inveniat

75 1307 119 1348 in
152 1324 225 1357 eo,
266 1307 372 1348 nihil
404 1323 426 1348 a
456 1319 498 1348 te
529 1319 757 1361 cognoscat
787 1308 992 1349 oblatum.
1053 1307 1124 1350 Sic
1153 1308 1397 1358 indevotus,
1436 1310 1495 1350 sic

74 1383 255 1425 infidelis
295 1383 448 1435 vixisti,
490 1397 537 1426 ut
580 1385 686 1426 nihil
723 1385 957 1426 memoriae
1000 1397 1096 1426 tuae
1133 1386 1179 1426 in
1216 1387 1493 1427 tabernaculo

74 1461 159 1502 Dei
190 1477 276 1501 esse
305 1460 514 1511 gestieris?
571 1463 691 1503 Sicut
720 1461 832 1502 enim
862 1462 1059 1518 princeps
1090 1461 1214 1519 hujus
1243 1464 1395 1504 mundi
1426 1481 1502 1508 ve<

74 1537 137 1578 nit
166 1538 220 1578 ad
249 1553 600 1593 unumquemque
626 1549 834 1589 nostrum,
865 1550 904 1579 et
931 1540 1105 1595 quaerit,
1133 1539 1168 1580 si
1199 1540 1299 1595 quid
1331 1542 1383 1582 de
1411 1541 1495 1582 suis

77 1615 237 1655 actibus
265 1613 449 1655 inveniat
478 1614 519 1655 in
552 1613 690 1664 nobis,
721 1627 761 1655 et
790 1614 824 1656 si
855 1616 1026 1671 quidem
1058 1615 1276 1666 invenerit,
1305 1617 1386 1658 sibi
1416 1634 1494 1658 nos

75 1689 276 1731 vindicat:
315 1689 369 1731 ita
412 1701 450 1730 et
490 1707 511 1731 e
552 1691 768 1732 contrario
809 1690 843 1732 si
871 1691 1040 1734 veniens
1068 1693 1284 1734 Dominus
1312 1693 1497 1735 inveniat

75 1766 236 1823 aliquid
266 1779 386 1808 tuum
416 1765 460 1808 in
489 1768 768 1809 tabernaculo
808 1784 907 1818 suo,
955 1769 1077 1824 ibi2)
1118 1782 1157 1811 te
1199 1771 1408 1820 defendit,
1454 1783 1495 1811 et

9 1853 22 1865 ‘
74 1861 197 1886 suum
225 1855 268 1885 te
299 1845 410 1887 dicit.
474 1844 667 1885 Domine
707 1845 832 1895 Jesu,
872 1859 1034 1901 praesta
1072 1846 1196 1896 mihi,
1244 1859 1292 1888 ut
1331 1848 1495 1904 aliquid

75 1920 414 1977 monumenti3)
446 1921 606 1962 habere
641 1905 809 1964 merear
844 1924 887 1964 in
925 1924 1208 1965 taberna-bulo
1239 1937 1328 1966 tu0.
1397 1928 1489 1980 Ego

76 2009 282 2053 optarem,
312 1998 346 2039 si
374 1997 465 2040 fieri
496 2009 656 2053 posset,
698 2015 784 2041 esse
819 1999 981 2056 aliquid
1019 2019 1162 2042 meum
1194 2001 1237 2041 in
1267 2002 1340 2042 illo
1373 2019 1493 2054 auro,

77 2090 125 2115 ex
156 2092 240 2130 quo
270 2075 616 2130 propitiatorium
645 2076 900 2128 fabricatur,
928 2078 995 2118 vel
1029 2096 1074 2119 ex
1106 2095 1199 2134 quo
1224 2096 1317 2120 arca
1351 2092 1495 2121 conte·

76 2151 208 2202 gitur,
250 2153 316 2192 vel
355 2169 402 2192 ex
441 2169 526 2208 quo
569 2154 872 2195 candelabrum
919 2155 967 2196 fit
1004 2156 1175 2198 luminis
1216 2169 1254 2197 et
1283 2158 1491 2200 lucernae.

76 2229 164 2268 Aut
191 2227 226 2268 si
257 2245 407 2269 aurum
436 2227 588 2284 non4)
618 2231 779 2282 habeo,
810 2245 1027 2285 argentum
1058 2235 1205 2276 saltem
1237 2234 1396 2290 aliquid
1425 2235 1492 2277 in-

73 2304 217 2345 veniar
247 2306 425 2355 offerre,
464 2307 580 2361 quod
610 2308 808 2363 proficiat
843 2309 885 2350 in
915 2312 1157 2361 columnas,
1209 2312 1271 2352 vel
1301 2313 1344 2353 in
1374 2313 1493 2354 bases

77 2398 236 2423 earum.
295 2384 381 2423 Aut
411 2396 520 2424 certe
551 2387 614 2426 vel
645 2386 751 2427 aeris
779 2386 939 2442 aliquid
975 2388 1132 2429 habere
1162 2406 1326 2430 merear
1354 2390 1398 2430 in
1429 2402 1493 2433 ta-

76 2459 328 2510 bernaculo,
359 2461 474 2501 unde
506 2462 655 2503 circuli
684 2465 810 2514 fiant,
843 2476 886 2506 et
914 2478 1090 2516 caetera,
1121 2482 1228 2521 quae
1256 2484 1394 2509 sermo
1428 2467 1493 2509 di-

195 2593 238 2648 ¹)
270 2594 399 2636 Deest
427 2599 518 2644 „et“
548 2594 589 2635 in
624 2595 718 2637 edd.
751 2595 815 2638 M.

192 2662 238 2716 ²)
266 2662 376 2704 Edd.
407 2664 603 2705 Merlini:
635 2664 714 2706 sibi
744 2677 785 2706 te
817 2678 891 2708 etc.

191 2730 239 2787 3)
271 2731 381 2773 Edd.
411 2733 603 2776 Merlini:
634 2735 900 2779 munimenti.

193 2799 239 2854 4)
271 2801 378 2843 Edd.
409 2802 604 2845 Merlini:
625 2822 724 2846 -non
753 2807 916 2858 habeo,
957 2821 1027 2851 aut
1064 2821 1305 2863 argentum,
1345 2812 1491 2854 saltem

75 2856 234 2912 aliquid
261 2857 452 2901 inveniar
481 2862 637 2904 offerre
670 2873 746 2908 etc.
