1752 3136
498 119 544 147 m
576 105 787 148 Exonum
817 104 1017 146 HommA
1035 105 1108 145 VI.
1461 107 1519 149 67

90 216 284 259 tudinem
315 216 480 259 brachii
516 216 641 266 illius,
675 216 794 272 quod
819 215 1037 258 Dominus
1072 216 1273 272 expandit
1299 217 1345 259 in
1377 234 1515 271 cruce,

87 293 200 335 sicut
230 293 351 336 dicit:
379 305 494 343 „tota
519 292 560 346 ¹)
591 292 660 334 die
691 291 872 348 expandi
898 309 1051 335 manus
1075 309 1188 336 meas
1218 295 1272 335 ad
1301 296 1516 351 populum

88 388 181 412 non
213 372 482 420 credentem,
521 380 562 410 et
600 369 961 410 contradicentem
1001 370 1147 412 mihi.“
1211 371 1313 413 Non
1340 382 1383 414 te
1413 389 1513 427 ergo

84 446 206 489 aliter
235 448 465 496 timebunt,
503 463 582 487 nec
624 447 744 488 aliter
783 458 945 487 tremor
976 459 1070 489 tuus
1100 447 1240 489 veniet
1269 466 1398 505 super
1429 466 1512 501 eos,

81 524 162 565 nisi
192 524 362 565 videant
391 523 434 564 in
467 535 506 563 te
539 520 708 564 crucem
729 522 899 573 Christi,
934 524 1010 565 nisi
1044 536 1143 565 ettu
1163 527 1354 581 potueris
1370 527 1416 581 ²)
1447 527 1512 569 di-

81 616 195 641 cere:
225 600 416 656 ‚‚mihi³)
448 612 586 640 autem
619 600 726 642 absit
755 600 949 653 gloriari,
988 601 1067 643 nisi
1098 602 1142 643 in
1173 620 1298 644 cruce
1328 604 1510 646 Domini

78 675 179 717 Jesu
212 675 377 726 Christi,
407 693 485 731 per
517 693 642 732 quem
661 677 765 718 mihi
797 679 980 719 mundus
1005 679 1225 721 crucifixus
1258 691 1330 730 est,
1362 692 1400 721 et
1431 696 1508 733 ego

77 754 286 794 mundo.“

188 831 228 873 9.
258 830 414 880 „Fiant
429 830 474 886 4)
509 843 713 887 tanquam
754 830 883 886 lapis,
931 831 1070 873 donec
1108 844 1292 874 transeat
1321 835 1510 890 populus

76 918 186 957 tuus,
219 907 422 957 Domine,
454 909 591 967 donec
623 919 806 950 transeat
834 909 1024 963 populus
1054 920 1150 951 tuus
1178 910 1261 960 hic,
1294 927 1421 966 quem
1437 928 1508 954 ac-

78 983 279 1039 quisisti.“
336 983 451 1025 Fieri
482 996 684 1039 tanquam
704 985 908 1040 lapidem,
936 1003 1024 1026 non
1058 997 1118 1028 est
1146 999 1298 1028 natura
1330 1003 1416 1029 esse
1445 989 1508 1029 la-

76 1060 234 1115 pidem.
291 1061 393 1102 Non
427 1060 539 1102 enim
569 1063 700 1111 fieret,
730 1061 811 1102 nisi
842 1063 962 1116 quod
991 1079 1081 1103 non
1116 1075 1215 1104 erat.
1272 1062 1370 1105 Hoc
1402 1081 1508 1121 pro-

73 1147 170 1192 pter
198 1137 295 1178 illos
327 1136 520 1186 dicimus,
551 1138 624 1193 qui
653 1139 791 1179 malae
808 1150 988 1180 naturae
1008 1138 1296 1190 Pharaonem,
1324 1143 1389 1183 vel
1422 1144 1506 1184 Ae-

73 1213 237 1271 gyptios
269 1213 414 1255 dicunt
445 1214 590 1264 fuisse,
631 1226 670 1255 et
715 1231 803 1255 non
850 1231 897 1255 ex
930 1215 1094 1257 arbitrii
1121 1216 1315 1264 libertate
1344 1219 1389 1273 in
1421 1219 1506 1262 hoc

73 1306 160 1332 esse
189 1291 420 1342 deductos;
459 1293 530 1332 sed
576 1303 614 1332 et
643 1304 823 1347 propter
854 1308 946 1342 eos,
987 1293 1059 1349 qui
1092 1305 1328 1336 creatorem
1360 1296 1505 1338 Deum

71 1379 269 1408 accusant
298 1378 500 1423 tanquam
532 1385 723 1417 saevum,
769 1371 888 1424 quod
926 1369 1122 1412 homines
1161 1383 1293 1413 vertat
1320 1372 1364 1413 in
1395 1373 1503 1430 lapi-

71 1444 158 1485 des.
216 1443 273 1485 Hi
305 1461 402 1497 ergo
422 1443 672 1499 priusquam
693 1446 1004 1501 blasphement,
1037 1441 1310 1491 considerent
1338 1444 1505 1493 summa

69 1519 338 1573 liberatione,
373 1536 480 1576 quae
509 1520 664 1576 scripta
693 1533 802 1562 sunt.
862 1523 962 1563 Non
997 1524 1110 1565 enim
1143 1524 1268 1566 dixit:
1310 1528 1503 1584 „fiant⁵)

69 1607 274 1652 tanquam
304 1597 463 1652 lapis:“
495 1609 535 1638 et
563 1598 712 1649 tacuit;
740 1599 813 1640 sed
844 1611 1012 1655 tempus
1042 1601 1207 1651 statuit,
1249 1614 1289 1643 et
1329 1620 1502 1646 mensu-

67 1689 158 1715 ram
189 1673 558 1715 condemnationis
590 1675 791 1716 d'ecernit.
851 1675 922 1717 Ait
954 1676 1091 1718 enim:
1121 1679 1288 1728 „donec
1318 1691 1503 1723 transeat

67 1751 255 1807 populus
284 1762 393 1800 tuus,
426 1751 658 1793 Domine.“
719 1751 821 1806 Quo
853 1752 1012 1794 scilicet
1041 1766 1140 1809 post
1168 1756 1388 1798 transitum
1419 1775 1503 1814 po-

67 1826 160 1884 puli
187 1844 276 1868 non
307 1827 389 1869 sint
420 1840 624 1884 tanquam
657 1830 833 1884 lapides.
882 1830 929 1871 In
949 1835 1035 1886 quo
1062 1831 1168 1873 mihi
1199 1833 1366 1875 videtur
1395 1852 1501 1891 pro-

67 1903 237 1960 phetiae
269 1905 430 1960 aliquid
460 1907 600 1947 latere.
660 1905 798 1948 Video
833 1906 968 1957 enim,
1010 1908 1106 1963 quia
1148 1909 1271 1965 prior
1300 1912 1503 1968 populus,

69 1980 141 2036 qui
178 1980 260 2021 fuit
296 1992 393 2023 ante
422 2000 524 2032 nos,
570 1985 704 2024 factus
742 1995 801 2024 est
831 1995 1033 2040 tanquam
1066 1985 1171 2040 lapis
1203 1988 1333 2030 durus
1368 2001 1407 2030 et
1436 1989 1503 2031 in-

68 2058 276 2103 credulus.
334 2059 497 2099 Verum
525 2077 616 2101 non
649 2072 839 2110 eatenus,
883 2062 1006 2102 uta’n
1036 2062 1188 2118 lapidis
1219 2077 1369 2106 natura
1400 2083 1500 2122 pe-r-

66 2145 256 2184 maneat,
295 2137 371 2177 scd
412 2137 552 2184 donec
594 2149 779 2178 transeat
819 2139 1007 2193 populus
1049 2139 1141 2190 hic,
1187 2144 1376 2197 populus
1415 2143 1512 2195 hier

68 2226 195 2265 quem
234 2211 449 2254 Dominus
466 2213 510 2268 6)
552 2214 788 2269 acquisivit:
827 2214 1094 2271 „caecitas⁷)
1137 2217 1248 2258 enim
1297 2235 1342 2259 ex
1378 2232 1502 2276 parte

68 2285 244 2342 contigit
273 2288 316 2328 in
346 2289 475 2330 Israel
504 2293 740 2332 secundum
772 2308 958 2342 earnem,
990 2295 1129 2334 donec
1156 2294 1382 2349 plenitudo
1400 2314 1501 2350 gen-

64 2361 170 2404 tium
201 2365 514 2408 subintroiret.“
575 2366 686 2409 Cum
729 2369 840 2411 enirn
873 2369 1098 2427 plenitudo
1131 2371 1319 2422 gentium
1350 2373 1498 2415 subin-

179 2510 222 2566 ¹)
252 2511 376 2553 Jesai.
407 2512 537 2562 LXV,
567 2514 605 2555 2.
726 2513 772 2568 ²)
803 2515 885 2557 Ed.
918 2515 1052 2558 Ruaei
1081 2517 1196 2566 sola:
1227 2521 1431 2576 potueris.

176 2580 224 2635 3)
262 2580 396 2623 Galat.
428 2582 499 2632 VI,
530 2583 595 2625 14.
715 2583 762 2637 ⁴)
793 2583 927 2627 Exod.
957 2586 1053 2637 XV,
1086 2587 1153 2629 16.

179 2649 224 2701 5)
256 2650 343 2692 Cfr.
374 2651 514 2699 Exod,
545 2653 642 2703 XV,
672 2654 740 2696 16.

177 2718 223 2772 ⁶)
254 2720 348 2762 Vox
377 2722 653 2775 „Dominus“
683 2724 729 2766 in
761 2725 879 2768 editis
911 2725 971 2782 (e.
1004 2743 1038 2768 c.
1072 2728 1169 2771 edd.
1197 2728 1287 2785 M.)
1329 2729 1498 2781 omissa,

15 2797 18 2800 -
67 2776 272 2830 reperitur
300 2777 344 2817 in
374 2778 475 2820 Mss.
506 2777 559 2820 R.

180 2844 224 2899 ⁷)
255 2845 344 2889 Cfr.
373 2846 498 2889 Rom.
532 2849 608 2900 XI,
638 2850 704 2893 25.

1037 2930 1065 2970 5
1083 2935 1103 2959 ¹*
