1752 3136
267 98 350 141 162
522 95 742 137 Omossms
788 105 836 135 m
865 91 1072 133 Exonnm
1102 89 1304 132 HommA
1322 91 1438 133 XIII.

272 222 367 250 tur:
399 208 476 249 iste
508 219 681 249 ornatus
705 221 854 247 eorum
879 215 950 254 est,
983 202 1055 259 qui
1086 203 1131 245 in
1155 203 1197 258 ¹)
1227 215 1390 245 tantum
1408 205 1694 259 profecerunt,
1730 215 1734 219 ’

272 299 320 328 ut
357 301 548 342 praeesse
599 283 770 340 populis
807 291 1064 324 mereantur.
1151 281 1354 322 Osserunt
1390 280 1515 321 etiam
1555 282 1698 322 oleum
1742 308 1743 312 =

273 362 486 419 principes
515 362 568 402 ad
601 377 699 402 usus
730 359 918 416 duplices
948 359 1247 413 profuturum,
1288 356 1469 398 lucernis
1500 368 1540 397 et
1570 358 1699 400 chris·
1736 366 1740 401 ,ῑ

273 440 389 480 mati.
447 439 589 479 Debet
620 437 731 478 enim
761 439 934 478 lucerna
967 451 1138 484 eorum,
1180 436 1253 490 qui
1284 435 1455 491 populis
1485 445 1698 489 praesunt,
1745 460 1747 465 ,

269 532 364 556 non
395 514 613 564 abscondi,
646 526 717 554 aut
744 515 822 555 sub
853 511 1002 553 modio
1033 512 1160 567 poni,
1183 511 1228 566 2)
1273 513 1346 553 sed
1386 528 1514 567 super
1545 511 1699 551 cande-
1729 551 1731 554 ,

272 594 465 642 labrum,
506 603 553 632 ut
593 590 732 632 luceat
764 590 983 637 omnibus,
1029 589 1101 644 qui
1135 589 1176 629 in
1211 590 1342 629 domo
1373 599 1485 630 sunt.
1544 588 1631 629 Sed
1663 598 1702 628 et

272 667 432 711 incensi
462 666 817 723 compositionem
847 664 1059 720 principes
1095 665 1293 715 offerunt,
1325 682 1432 720 quae
1463 680 1702 719 compona-
1739 685 1745 691 ·

273 758 342 786 tur
369 763 446 801 per
475 745 629 784 Mosen
660 742 703 782 in
736 742 872 782 odore
900 741 1109 782 suavitatis
1140 742 1347 791 Domino,
1379 753 1425 781 ut
1456 753 1495 781 et
1525 741 1603 795 ipsi
1635 740 1699 780 di-
1731 755 1743 783 ¹.-

1279 821 1303 840 “
1352 817 1405 857 Et
1423 830 1701 872 posteaquam
1734 854 1752 864 ,,

274 833 382 870 cant,
415 820 513 875 quia
544 816 787 873 ‚,Christi³)
819 818 959 858 bonus
992 818 1103 857 odor
1118 834 1274 858 sumus.

276 898 432 939 obtulit
462 896 665 952 populus,
696 893 869 943 vocavit,
899 892 1059 949 inquit,
1090 893 1234 935 Bloses
1266 910 1439 934 omnem
1469 895 1701 948 sapientem
1729 914 1742 935 b*

275 977 328 1016 ad
359 973 681 1021 fabricandum,
721 983 761 1012 et
789 969 1086 1021 architectum,
1128 982 1173 1012 ut
1204 981 1538 1026 componerent,
1570 981 1610 1009 et
1639 972 1701 1010 fa-
1728 976 1737 1015 I

272 1050 541 1093 bricarentur
568 1049 733 1102 singula
764 1064 979 1103 quaeque,
1027 1064 1135 1103 quae
1175 1049 1332 1104 scripta
1371 1058 1478 1090 sunt.
1546 1047 1631 1088 Sed
1664 1058 1733 1096 etv,

271 1128 484 1174 mulieres.
513 1124 661 1181 inquit,
692 1124 899 1180 sapientes
925 1124 1101 1173 vocavit,
1131 1136 1178 1164 ut
1207 1126 1396 1165 facerent
1416 1141 1524 1179 quae
1547 1141 1702 1165 conve-
1724 1142 1739 1187 5

272 1205 416 1247 nirent
435 1203 480 1244 in
502 1203 779 1244 tabernaculo
799 1201 994 1242 Domini.
1028 1201 1156 1242 Vides
1177 1216 1275 1253 ergo
1291 1200 1336 1256 4)
1359 1202 1461 1242 haec
1479 1201 1523 1256 5)
1545 1201 1702 1251 omnia,
1716 1200 1736 1270 ᾗ

275 1299 382 1338 quae
409 1281 539 1330 fiunt,
580 1296 602 1320 a
640 1278 900 1333 sapientibus
933 1278 1045 1327 fieri,
1084 1290 1123 1318 et
1160 1277 1358 1319 mulieres
1387 1279 1594 1334 sapientes
1624 1274 1736 1333 κιο-ᾗ

274 1372 445 1407 cantur,
484 1368 524 1397 et
551 1354 628 1396 viri
655 1354 876 1409 sapientes.
937 1354 1095 1396 Omnia
1127 1356 1240 1396 enim
1273 1372 1405 1411 opera
1444 1356 1626 1397 Domini
1655 1336 1734 1424 in}

273 1434 476 1492 sapientia
502 1434 620 1473 fiunt.
679 1429 805 1471 Venit
835 1446 932 1482 ergo
968 1432 1259 1488 unusquisque
1287 1432 1451 1488 sapiens
1480 1449 1630 1483 sensu,
1663 1445 1702 1474 et

270 1513 372 1554 facit
401 1527 533 1567 opera
562 1507 757 1549 Domini.
814 1507 914 1547 Non
944 1507 1098 1548 sufficit
1126 1508 1266 1558 nobis,
1293 1508 1327 1550 si
1356 1512 1585 1551 offeramus
1607 1504 1715 1551 tan-⁴

271 1603 376 1640 tum,
405 1589 478 1631 secl
511 1604 618 1642 opus
650 1596 732 1634 est,
776 1594 824 1625 ut
856 1600 953 1624 cum
983 1584 1187 1640 sapientia
1220 1602 1291 1635 ea,
1344 1604 1452 1641 quae
1491 1587 1536 1628 in
1575 1587 1700 1630 nobis

270 1678 381 1716 sunt,
411 1680 662 1722 operemur,
712 1662 891 1703 sciamus
931 1660 1108 1703 miscere
1151 1679 1303 1703 aurum
1335 1679 1430 1704 cum
1462 1665 1609 1722 bysso,
1659 1652 1712 1706 et:

271 1760 450 1787 coecum
482 1741 716 1796 duplicare,
745 1739 810 1778 vel
840 1736 1017 1778 miscere
1048 1755 1144 1779 cum
1175 1756 1381 1794 purpura.
1434 1740 1553 1794 Quid
1585 1727 1713 1783 enim'·

269 1820 347 1862 tibi
375 1820 564 1875 prodest,
595 1817 629 1858 si
657 1815 813 1855 habeas
838 1813 954 1864 haec,
981 1826 1020 1855 et
1044 1815 1104 1855 uti
1122 1815 1184 1856 his
1206 1815 1378 1865 nescias,
1407 1833 1545 1873 neque
1567 1811 1707 1871 agno-y

267 1914 369 1947 scas,
401 1894 624 1951 quomodo
655 1892 1000 1947 unumquodque
1032 1892 1076 1933 in
1108 1909 1185 1933 suo
1215 1904 1436 1948 tempore,
1474 1905 1514 1935 et
1543 1896 1587 1935 in
1618 1913 1696 1937 suo

269 1976 367 2015 loeo
400 1984 545 2028 aptare
577 1969 729 2011 debeas
760 1979 800 2010 et
829 1967 1052 2024 proferre?
1090 1969 1147 2010 Et
1175 1969 1273 2010 ideo
1307 1972 1446 2011 danda
1481 1972 1608 2012 nobis
1639 1961 1707 2014 est*

270 2065 414 2106 opera,
446 2059 492 2088 ut
519 2046 726 2102 sapientes
754 2046 906 2094 simus,
937 2057 976 2086 et
1005 2045 1130 2097 haee,
1162 2063 1271 2102 quae
1290 2048 1485 2089 audimus
1514 2049 1567 2089 de
1595 2039 1706 2090 scri-⁸

266 2126 402 2182 pturis
431 2123 605 2173 sanctis,
656 2123 853 2179 proferre
889 2121 935 2163 in
972 2133 1167 2179 tempore
1205 2135 1244 2164 et
1283 2135 1428 2180 aptare
1466 2112 1706 2180 pos.simus,³>
1750 2128 1752 2133 '

269 2202 369 2259 et⁶)
420 2216 704 2257 componere,
749 2211 876 2255 atque
919 2215 966 2240 ex
1009 2199 1072 2241 his
1115 2201 1325 2243 adornare
1367 2191 1704 2246 tabernaculum*
1749 2197 1752 2199 ’

265 2280 364 2322 Deo
395 2279 548 2328 Jacob,
577 2294 655 2333 per
684 2278 832 2319 Jesum
865 2275 1081 2318 Christum
1111 2277 1352 2319 Dominum
1384 2291 1593 2331 nostrum,
1625 2266 1698 2323 cuf
1746 2271 1750 2275 ⁴

269 2369 328 2399 est
358 2357 490 2411 gloria
525 2367 564 2396 et
592 2355 821 2411 imperium
850 2354 895 2395 in
924 2354 1090 2396 saecula
1119 2355 1400 2396 saeculorum.
1461 2359 1613 2397 Amen.

385 2484 429 2537 ¹)
460 2483 591 2524 Deest
619 2483 716 2532 ‚,in“
745 2482 790 2523 in
825 2482 921 2522 edd.
953 2480 1013 2521 M.
1133 2481 1178 2536 ²)
1211 2480 1299 2522 Csr.
1331 2481 1482 2524 Matth.
1514 2484 1564 2533 V,
1595 2484 1661 2525 15.
1690 2502 1698 2522 Γ
1743 2514 1752 2522 .

381 2552 428 2604 ³)
461 2552 549 2593 Cfr.
580 2552 620 2592 II
651 2550 751 2593 Cor.
782 2551 835 2601 II,
866 2552 931 2592 15.
1053 2550 1100 2606 ⁴)
1132 2551 1261 2592 Deest
1289 2556 1448 2604 „er-30⁶⁶
1479 2552 1523 2593 in
1555 2556 1620 2596 ed.
1637 2553 1689 2596 R.

380 2621 426 2673 ⁵)
457 2622 588 2663 Deest
615 2622 772 2671 „haec“
800 2620 845 2661 in
877 2621 972 2662 edd.
1003 2619 1064 2662 Μ.
1688 2616 1689 2619 ¹

380 2689 426 2745 ο)
455 2690 583 2733 Deest
610 2697 704 2744 „et“
733 2689 779 2732 in
810 2690 875 2732 ed.
907 2691 958 2732 R.

1687 2636 1696 2656 Β,

1687 2658 1694 2674 Ι
1744 2660 1752 2672 ,-

1743 2677 1752 2685 s
