1752 3136
466 145 512 174 m
543 129 753 174 Exonum
773 129 981 171 'Homnm
1009 129 1085 169 lX.
1416 127 1496 169 111

77 247 230 292 terris?
260 244 460 302 Denique
487 244 546 285 sic
576 244 629 283 ad
650 258 743 283 eum
766 240 889 281 etiam
910 240 1127 281 Dominus
1151 239 1273 281 dicit:
1302 239 1436 290 „vide,
1455 241 1498 297 ¹)

78 325 229 380 inquit,
262 323 404 365 omnia
434 321 561 362 facito
591 320 827 361 secundum
856 318 1059 368 figuram,
1089 334 1197 373 quae
1225 317 1304 358 tibi
1335 331 1500 360 ostensa

79 413 139 443 cst
167 401 211 442 in
239 403 426 442 monte.“
487 397 644 436 Verum
682 395 868 435 humana
898 411 1043 444 mens,
1086 405 1127 435 et
1157 396 1499 451 nosti-apraeci-

76 494 174 534 pue,
206 477 277 533 qui
305 491 383 516 nos
406 472 616 521 minimos,
646 483 717 512 aut
752 472 875 512 etiam
914 472 1056 512 nullos
1085 474 1130 513 in
1162 472 1301 514 divina
1330 473 1501 528 sapien-

77 554 134 596 tia
163 552 368 600 novimus,
399 567 449 592 eo
483 565 616 605 usque
646 548 830 591 fortassis
860 548 991 604 possit
1021 551 1244 599 accedere,
1273 561 1321 590 ut
1347 550 1500 591 sentiat

77 630 249 686 quidem
280 629 404 677 haec,
443 643 551 682 quae
589 625 737 666 divinis
777 625 1066 667 voluminibus
1104 627 1369 677 inseruntur,
1407 645 1499 669 non

77 709 130 748 de
158 704 351 754 terrenis,
390 706 464 745 sed
505 706 558 744 de
590 702 837 744 coelestibus
869 703 972 752 dici,
1018 715 1057 744 et
1100 705 1261 746 formas
1292 721 1378 746 esse
1407 722 1499 746 non

74 782 380 841 praesentium,
415 783 489 823 sed
526 782 770 821 futurorum
801 781 1045 831 bonorum,
1070 798 1162 822 non
1194 783 1499 838 corporalium,

74 861 147 902 sed
175 857 454 915 spiritualium
485 873 651 898 rerum:
694 859 918 912 quomodo
952 870 1092 899 autem
1122 859 1275 899 horum
1308 859 1497 900 narratio

77 936 213 993 aptari
241 935 373 992 possit
402 935 654 976 coelestibus
686 945 724 974 et
755 935 945 985 aeternis,
975 952 1054 976 nee
1076 948 1245 977 nostrae
1274 953 1500 978 mensurae

76 1027 136 1056 est
166 1014 327 1062 dicere,
371 1028 452 1053 nec
498 1024 679 1060 vestrae,
727 1021 775 1051 ut
814 1012 992 1067 opinor,
1048 1012 1288 1068 capacitatis
1337 1014 1498 1055 audire.

76 1092 220 1133 Pauca
250 1102 404 1138 tamen,
436 1087 470 1129 si
498 1106 577 1129 nos
613 1087 832 1130 orantibus
862 1089 981 1131 vobis
1011 1089 1226 1131 Dominus
1255 1090 1500 1132 illuminare

75 1167 282 1219 dignetur,
313 1181 420 1221 quae
450 1166 503 1206 ad
535 1165 733 1207 ecclesiae
759 1165 1097 1207 aedificationem
1114 1167 1368 1222 pertineant,
1399 1184 1499 1224 apc-

75 1244 158 1286 rire
187 1243 456 1284 tentabimus.

186 1322 227 1364 3.
258 1320 444 1361 Jubetur
474 1337 573 1373 ergo
605 1321 824 1362 universus
854 1322 1064 1377 populus,
1093 1322 1498 1378 unusquisquepro

73 1397 230 1440 viribus
260 1399 509 1448 conferens,
547 1400 687 1439 facere
715 1400 1064 1449 tabernaculum,
1094 1410 1142 1440 ut
1172 1402 1499 1455 quodammodo

76 1491 224 1517 omnes
253 1473 379 1515 simul
407 1491 542 1514 unum
572 1473 652 1515 sint
681 1475 1016 1519 tabernaculum.
1067 1475 1253 1518 Collatio
1286 1494 1385 1519 vero
1408 1478 1501 1534 ipsa

75 1568 168 1592 non
210 1551 258 1591 fit
285 1551 550 1602 necessitate,
591 1551 664 1592 scd
692 1562 861 1606 sponte,
929 1553 1002 1593 Ait
1041 1553 1154 1593 enim
1191 1553 1410 1596 Dominus
1448 1556 1502 1595 ad

76 1628 245 1677 RIosen,
275 1639 320 1668 ut
349 1628 651 1683 unusquisque,
680 1628 786 1669 sicut
814 1628 951 1670 visum
980 1630 1106 1671 fuerit
1135 1631 1256 1672 cordi
1289 1629 1388 1688 ejus,
1424 1649 1501 1672 au-

74 1723 185 1754 rum,
216 1716 451 1757 argentum,
477 1704 638 1759 lapides
669 1703 890 1760 preti0505,
923 1722 1002 1756 aes,
1032 1718 1121 1747 tum
1152 1721 1368 1763 praeterea
1404 1709 1503 1767 bys-

75 1799 184 1833 sum,
217 1798 409 1830 coccum,
428 1781 719 1839 hyacinthum,
752 1793 793 1821 et
815 1798 1065 1837 purpuram,
1094 1786 1226 1840 pelles
1245 1786 1368 1827 etiam
1395 1787 1503 1827 arie-

73 1870 166 1901 tum
196 1860 370 1908 rubras,
417 1869 455 1898 et
483 1859 613 1914 pelles
642 1858 957 1917 hyacinthinas,
986 1863 1061 1902 sed
1092 1873 1132 1903 et
1160 1862 1274 1913 ligna
1301 1862 1500 1918 imputri-

30 1941 43 1947 “
73 1935 187 1986 bilia,
217 1935 327 1992 pilos
358 1951 530 1991 quoque
561 1952 783 1992 caprarum
824 1939 878 1979 ad
911 1939 1272 1981 constructionem
1304 1942 1500 1981 taberna-

75 2013 158 2055 culi
189 2015 352 2055 offerat.
422 2012 624 2054 Mulieres
665 2029 837 2068 quoque
876 2015 1082 2071 sapientes
1119 2016 1165 2057 in
1205 2028 1293 2058 arte
1322 2016 1501 2059 textrina

73 2090 371 2147 requiruntur,
412 2101 452 2130 et
482 2090 614 2140 fabri,
646 2091 717 2145 qui
748 2108 918 2143 aurum,
950 2094 1013 2134 vel
1045 2105 1288 2146 argentum,
1326 2096 1391 2135 vel
1422 2111 1502 2146 aes,

72 2168 234 2223 lapides
273 2167 399 2207 etiam
437 2177 583 2222 aptare
622 2169 841 2219 noverint,
881 2187 1031 2211 aurum
1075 2183 1115 2212 et
1150 2171 1262 2225 ligna
1300 2172 1502 2212 formare.

77 2243 190 2284 Tum
233 2244 389 2285 deinde
426 2260 650 2285 mensurae
679 2247 904 2287 traduntur
934 2248 1152 2289 atriorum.
1243 2248 1367 2302 Quae
1397 2248 1502 2290 atria.

77 2333 242 2362 extenta
272 2320 478 2370 tentoriis,
511 2321 720 2364 columnis
742 2336 891 2375 erecta,
920 2324 1019 2367 seris
1048 2325 1242 2374 stabilita,
1273 2337 1312 2366 et
1326 2326 1502 2367 funibus

77 2397 256 2439 distenta
288 2399 522 2441 firmantur.
581 2398 712 2440 Fiunt
741 2413 958 2456 praeterea
988 2405 1195 2458 quaedam
1223 2402 1501 2445 velaminibus

77 2473 282 2524 distincta,
315 2491 422 2530 quae
453 2476 724 2532 appellantur
751 2490 916 2529 sancta,
946 2491 987 2520 et
1017 2481 1096 2521 alia
1125 2478 1404 2521 nihilominus
1434 2496 1500 2521 se-

77 2552 219 2592 cundo
253 2552 432 2594 ‹liremta
461 2555 682 2608 velamine,
715 2571 823 2611 quae
854 2555 1055 2597 dicuntur
1076 2568 1216 2598 sancta
1240 2568 1502 2599 sanctorum.

78 2625 329 2670 Collocatur
357 2629 607 2672 intrinsecus
638 2616 732 2672 arca
763 2633 1013 2683 testamenti,
1053 2650 1182 2689 supra
1226 2651 1352 2690 quam
1386 2633 1500 2674 Che-

76 2703 203 2745 rubin
234 2706 407 2749 extensis
437 2707 532 2758 alis,
572 2725 701 2764 seque
729 2709 911 2753 invicem
942 2710 1282 2765 contingentibus
1310 2723 1501 2755 statuun-

196 2879 240 2934 1)
269 2879 404 2921 Exod.
435 2880 573 2934 xxv,
604 2885 670 2927 40.
