1752 3136
212 107 298 152 376
345 153 353 161 ,
821 108 1044 149 Omtmms

215 220 356 271 nibus,
387 218 461 262 scd
494 216 898 262 conversationibus.
971 220 1171 276 Denique
1212 231 1251 263 et
1293 222 1382 279 ipse
1420 236 1559 264 sermo
1602 223 1646 264 in

215 313 367 349 graeca
396 297 554 349 lingua,
587 297 705 351 quod
736 296 891 338 dicitur
925 294 1067 354 ἅγιος,
1099 297 1215 354 quasi
1241 311 1351 340 extra
1374 311 1530 340 terram
1562 315 1647 340 esse

216 373 432 426 significat.
494 373 754 429 Quicunque
786 374 898 416 enim
929 392 972 416 se
1005 377 1311 418 consecraverit
1341 376 1460 426 Deo,
1493 375 1646 416 merito

219 463 334 492 extra
368 462 547 503 terram,
592 462 703 492 extra
746 453 957 493 mundum
997 453 1230 495 videbitur:
1275 464 1416 510 potest
1457 453 1570 494 enim
1611 463 1650 492 ct

215 528 306 583 ipse
337 528 499 569 dicere:
529 545 657 584 super
687 541 840 570 terram
884 532 1169 581 ambulantes,
1214 529 1582 572 conversationem
1605 528 1648 584 ¹)

217 604 261 645 in
295 605 423 647 coelis
454 607 672 648 habemus.
733 607 942 647 Salomon
974 624 1147 663 quoque
1169 607 1219 661 jn
1250 607 1493 648 Proverbiis
1525 605 1648 646 dicit:

220 683 421 738 „laqueus
441 683 487 737 ²)
519 695 576 725 est
605 683 695 724 viro
728 684 829 724 sorti
863 683 945 723 cito
979 684 1141 738 aliquid
1174 687 1232 726 de*
1247 685 1329 726 suis
1349 683 1649 726 sanctificare.“

218 758 375 800 Postea
406 760 519 801 enim
553 777 680 814 quam
710 759 978 814 volucrit‚3)
1025 761 1162 802 evenit
1191 762 1423 816 poenitere.
1482 760 1537 800 Et
1568 759 1650 799 hoc

221 848 281 877 est
310 837 457 891 utique
488 837 605 891 quod
638 837 764 878 dicit:
793 852 847 877 ne
881 837 973 891 quis
1006 838 1118 878 forte
1150 854 1245 878 cum
1274 839 1434 878 fructus
1466 853 1512 877 ex
1543 852 1653 885 aren,

221 925 292 954 aut
322 912 467 954 vinum
501 929 549 954 ex
579 913 864 955 torcularibus
897 913 1070 966 colligit,
1103 926 1142 955 et
1173 900 1336 964 dixe-rit,
1366 914 1466 954 volo
1487 923 1651 953 tantum

222 991 380 1030 offerre
412 991 624 1040 ecclesiae,
654 992 718 1031 vel
749 990 792 1031 in
824 1007 946 1031 usum
978 1007 1217 1047 pauperum
1242 981 1654 1047 autperegrinorum

221 1078 387 1108 tantum
419 1069 647 1122 praebere:
681 1070 714 1111 si
745 1079 893 1124 postea
927 1084 973 1108 ex
1006 1068 1079 1119 his,
1112 1085 1219 1124 quae
1239 1080 1374 1120 vovet,
1406 1066 1565 1122 aliquid
1600 1066 1654 1106 ad

223 1161 323 1185 usus
353 1145 558 1202 proprios
588 1158 842 1202 praesumat,
873 1143 957 1201 jam
988 1162 1078 1186 non
1111 1147 1164 1187 de
1184 1147 1267 1188 suis
1291 1144 1499 1187 fructibus
1529 1159 1654 1200 prae-

223 1221 396 1271 sumsit,
436 1223 510 1265 sed
549 1234 691 1265 sancta
723 1222 807 1264 Dei
848 1222 1029 1271 violavit,
1106 1222 1161 1264 Et
1199 1223 1297 1264 ideo
1329 1222 1504 1278 laqueus
1532 1219 1654 1262 fortis

226 1309 285 1339 est
312 1299 575 1342 sanctificare
606 1299 781 1355 aliquid,
813 1300 896 1340 hoc
929 1311 1012 1349 est,
1046 1316 1194 1341 vovere
1224 1300 1347 1349 Deo,
1393 1311 1432 1340 et
1460 1310 1657 1355 postmo-

226 1374 330 1416 dum
361 1377 624 1431 poenitentia
656 1378 832 1418 ductum
864 1378 918 1418 ad
949 1392 1046 1416 usus
1076 1376 1276 1431 proprios
1309 1392 1379 1425 ea,
1410 1392 1519 1431 quae
1549 1392 1653 1417 con-

225 1464 473 1503 secraverat,
503 1470 714 1495 revocare.
787 1455 874 1496 Sed
906 1466 945 1495 et
976 1454 1009 1494 si
1038 1470 1116 1495 nos
1147 1454 1261 1509 ipsos
1292 1469 1586 1494 consecramus
1617 1463 1656 1492 et

229 1529 448 1571 offerimus
480 1531 602 1581 Deo,
644 1542 717 1571 aut
760 1530 885 1572 etiam
918 1530 951 1571 si
982 1530 1087 1572 alios
1117 1547 1339 1579 vovemus,
1388 1531 1656 1572 observemus

227 1605 344 1668 hune
373 1607 589 1662 laqueum,
618 1624 674 1649 ne
703 1609 835 1657 sorte,.
856 1619 1136 1664 posteaquam
1166 1625 1245 1649 nos
1276 1609 1373 1649 Deo
1404 1607 1655 1657 voverimus,

227 1683 383 1725 iterum
414 1684 609 1727 humanis
641 1685 785 1727 usibus
818 1687 883 1726 vel
908 1685 1068 1726 actibus
1089 1683 1378 1741 subjugemur.
1417 1686 1556 1726 Vovet
1577 1701 1653 1725 au-

229 1772 315 1802 tem
342 1762 718 1822 squuusquisque,
745 1763 863 1803 verbi
893 1762 1036 1814 gratia,
1069 1761 1175 1803 sicut
1211 1762 1413 1803 Nazaraei
1443 1762 1655 1803 faciebant

229 1837 389 1888 trihus,
430 1851 502 1879 aut
532 1850 741 1895 quatuor,
782 1851 854 1879 aut
884 1851 987 1894 quot
1017 1837 1239 1894 placuisset
1269 1839 1388 1880 annis
1419 1841 1580 1895 templo
1610 1855 1655 1880 se

233 1925 526 1957 consecrantes
556 1915 653 1966 Dei,
681 1927 729 1956 ut
757 1915 818 1957 ibi
848 1932 1014 1972 semper
1042 1926 1241 1956 vacarent
1271 1918 1538 1958 observantes
1569 1917 1656 1967 illa,

232 2005 342 2045 quae
374 1992 426 2033 de
455 1993 679 2034 Nazaraeis
709 1992 863 2048 scripta
893 2004 1012 2033 sunt:
1049 2004 1095 2033 ut
1134 2008 1302 2034 comam
1345 1993 1490 2050 capitis
1517 1994 1653 2035 nutri-

231 2078 340 2116 rent,
368 2084 448 2109 nec
477 2070 754 2111 adscenderet
782 2071 943 2110 ferrum
982 2086 1109 2126 super
1149 2082 1275 2126 caput
1314 2086 1463 2112 eorum
1496 2081 1587 2111 toto
1606 2071 1653 2126 ¹²)

232 2144 321 2185 voti
350 2144 414 2186 sui
442 2162 653 2202 sempore‚
682 2158 729 2188 ut
758 2146 902 2188 vinum
933 2163 1023 2188 non
1055 2147 1369 2201 contingerent,
1408 2163 1548 2206 neque
1577 2147 1653 2188 ali-

234 2220 338 2276 quid
367 2238 415 2263 ex
453 2223 555 2274 vite,
599 2236 638 2265 et
677 2236 814 2265 cetera
858 2225 1198 2280 quaecunqu05)
1246 2224 1468 2280 complexa
1507 2223 1654 2267 fuisset

354 2411 398 2466 ¹)
431 2411 517 2454 cfr.
548 2412 734 2469 Philipp.
765 2412 839 2462 111,
868 2413 938 2455 20.
1056 2413 1102 2468 2)
1133 2413 1260 2456 prov.
1289 2412 1386 2463 xx,
1415 2412 1483 2454 25.

351 2479 398 2536 ³)
428 2481 540 2525 Edd.
589 2482 786 2525 Merlini:
837 2481 1008 2524 voverit.
1050 2506 1102 2514 -—
1143 2482 1230 2525 Cfr.
1271 2498 1381 2540 quae
1419 2482 1558 2524 statim
1587 2498 1651 2525 se-

237 2548 439 2591 quuntur.

350 2606 396 2662 4)
428 2607 528 2650 Mss.
550 2608 842 2661 cadomensis,
869 2607 1171 2652 Gemeticensis
1192 2621 1233 2651 et
1257 2608 1502 2652 Beccensis:
1531 2620 1649 2660 „toto

235 2662 343 2705 vitae
370 2679 472 2705 suae
499 2672 732 2722 tempore.“
761 2667 814 2709 R.
1081 2666 1083 2669 ’

353 2732 398 2785 ⁵)
430 2731 548 2775 Libri
588 2735 688 2779 editi
725 2737 784 2791 (e.
826 2753 858 2779 e.
901 2736 996 2778 edd.
1038 2735 1145 2791 M.):
1176 2751 1482 2793 „quaecunque
1512 2738 1651 2798 dboncc

237 2789 448 2845 completa
487 2791 634 2834 suisset
661 2793 748 2836 voti
785 2793 1046 2850 prosessio,“
1091 2793 1165 2835 sed
1204 2792 1304 2837 Mss.
1346 2809 1492 2838 omnes
1522 2805 1568 2836 ut
1603 2794 1649 2836 in

234 2857 383 2888 nostro
414 2857 539 2889 textu.
572 2848 623 2890 R.
1446 2850 1452 2857 ’
