1752 3136
176 108 263 152 236
780 103 1005 147 Ome-‚ms

177 219 286 262 nihil
317 217 533 260 remissum
566 216 713 258 haberi
745 217 796 256 ad
828 217 1051 266 luxuriam,
1080 215 1184 258 nihil
1217 215 1383 259 ssuitans
1416 219 1468 259 ad
1499 219 1596 261 libi—

177 299 320 339 dinem
352 295 492 351 possit.
535 294 668 348 Quod
701 304 838 334 autem
856 293 1108 334 sacrificium
1138 293 1275 349 ipsum
1309 309 1355 334 ex
1386 296 1594 346 fragmen-

176 377 228 416 tis
258 373 494 415 nominavit
523 371 567 411 in
599 371 777 410 odorem
808 371 1030 417 suavitatis,
1061 383 1180 426 puto,
1214 372 1330 426 quod
1364 370 1597 424 fragmenta

174 452 445 494 sacerdotum
475 447 574 489 velit
601 446 796 496 intelligi:
841 462 935 486 cum
976 448 1074 499 legis
1115 465 1192 503 per
1233 465 1303 489 eos
1334 449 1452 488 litera
1485 450 1598 488 fran-

177 528 301 580 gitur,
330 540 368 568 et
397 526 513 566 cibus
545 542 591 565 ex
623 540 670 565 ea
718 524 846 563 latens
877 523 1124 564 intrinsecus
1154 524 1379 579 spiritualis
1411 524 1598 566 elicitur:

177 617 224 646 ut
253 605 469 645 audientes
499 602 649 643 turbae
678 599 941 648 reficiantur,
983 600 1087 640 sicut
1126 612 1166 640 et
1205 601 1417 643 Dominus
1454 601 1599 641 secisse

177 683 357 723 refertur
376 681 416 730 ¹)
445 679 487 720 in
511 675 760 727 Evangeliis,
793 675 867 715 ubi
900 676 1112 715 benedixit
1140 693 1283 730 panes,
1316 690 1355 719 et
1387 678 1503 718 dedit
1532 677 1596 717 ‹li-

175 757 358 812 seipulis,
392 768 430 795 et
461 751 657 807 discipuli
687 750 999 802 confringentes
1033 766 1324 805 apposuerunt
1354 753 1498 794 turbis.
1544 757 1598 795 Et

176 851 274 875 cum
304 832 438 873 satiati
468 828 641 870 fuissent
673 843 831 876 onmes,
862 828 1175 880 superfuerunt,
1207 829 1356 883 inquit,
1386 832 1598 882 fragmen..

173 924 319 952 torum
350 906 523 964 cophini
556 905 801 945 duodecim.
873 904 991 944 Istud
1033 916 1093 945 est
1133 920 1231 955 ergo
1266 904 1519 945 sacrificium
1551 923 1597 945 ex

175 987 431 1039 fragmentis,
464 999 561 1025 cum
590 981 845 1030 minutatim,
877 998 984 1036 quae
1014 993 1111 1022 sunt
1140 982 1239 1034 legis
1270 994 1424 1031 sancta,
1457 983 1598 1023 discu-

172 1064 313 1113 timus,
342 1073 389 1101 ut
418 1059 681 1116 spiritualem
716 1074 763 1099 ex
794 1057 856 1099 his
887 1058 1052 1108 cibum,
1092 1075 1337 1115 purumque
1368 1059 1596 1114 capiamus.

174 1141 232 1182 Et
261 1141 388 1188 haec,
417 1137 576 1192 inquit,
609 1148 667 1176 est
696 1137 760 1176 lex
793 1147 973 1176 aeterua.
1046 1137 1236 1177 Joannes
1276 1135 1446 1191 quidem
1480 1137 1597 1192 Apo-

173 1219 305 1260 stolus
334 1215 378 1255 in
419 1211 738 1271 Apocalyp512)
779 1211 880 1253 dicit
917 1229 1003 1255 esse
1041 1213 1320 1264 Evangelium
1363 1224 1594 1254 aeternum.

174 1294 417 1336 Invenimus
449 1303 488 1331 et
518 1291 586 1331 hic
617 1289 820 1345 scriptum
852 1306 936 1330 esse
966 1291 1099 1342 legem
1136 1301 1374 1339 aeternam,
1410 1291 1483 1330 scd
1517 1289 1595 1339 isti,

177 1371 251 1427 qui
289 1371 424 1420 legem
462 1367 696 1409 secundum
738 1366 899 1406 literam
945 1366 1066 1421 sequi
1108 1368 1276 1415 volunt,
1327 1367 1451 1407 velim
1491 1366 1598 1406 mihi

173 1463 292 1489 :nuuc
334 1445 543 1493 dicerent,
583 1444 804 1498 quomodo
846 1443 909 1483 lex
950 1441 1076 1499 hujus
1115 1443 1307 1484 sacrificii
1345 1459 1430 1483 esse
1467 1443 1600 1498 possit

175 1535 368 1564 aeterna:
403 1537 500 1562 cum
533 1519 678 1574 utique
710 1520 922 1560 destructo
953 1520 1129 1574 templo,
1160 1520 1360 1560 subverso
1394 1520 1527 1569 altari,
1559 1531 1599 1560 et

177 1601 391 1649 omnibus,
422 1614 530 1654 quae
561 1596 811 1637 dicebantur
832 1607 989 1646 sancta,
1018 1596 1266 1652 profanatis,
1296 1596 1399 1638 ritus
1429 1597 1505 1638 iste
1532 1614 1600 1638 sa-

175 1676 434 1720 crificiorum
465 1692 557 1721 non
587 1672 776 1729 potuerit
808 1688 1073 1728 permanere.
1123 1672 1362 1726 Quomodo
1396 1690 1494 1726 ergo
1513 1684 1596 1715 uae-

174 1767 343 1796 ternum
377 1752 541 1799 dicent,
586 1750 705 1805 quod
737 1748 839 1789 olim
880 1765 1078 1799 cessasse,
1128 1761 1167 1789 et
1195 1749 1364 1790 finitum
1395 1767 1480 1792 esse
1509 1750 1594 1807 jam

177 1829 370 1872 constat}>
428 1828 592 1876 Restat,
636 1838 684 1868 ut
713 1826 948 1868 secundum
982 1842 1073 1866 eam
1104 1837 1267 1880 partem
1296 1828 1362 1868 lex
1391 1827 1495 1868 haec
1527 1844 1596 1868 ae-

172 1919 291 1949 terna
323 1905 500 1955 dicatur,
531 1921 613 1960 qua
644 1921 724 1944 uos
753 1904 931 1944 dicimus
961 1904 1095 1956 legem
1128 1919 1213 1945 esse
1241 1903 1524 1960 spiritualem,
1558 1916 1598 1945 et

171 2001 252 2041 per
282 2000 374 2024 eam
404 1982 635 2038 spiritualia
674 1997 797 2037 posse
837 1980 986 2022 offerri
1029 1980 1254 2031 sacrificia,
1310 1998 1417 2037 quae
1455 1998 1596 2037 neque

170 2059 488 2116 interrumpi³>
517 2075 721 2115 unquam,
751 2074 892 2113 neque
923 2074 1080 2099 cessare
1111 2069 1298 2113 possunt.
1354 2060 1455 2100 Non
1482 2060 1596 2100 enim

171 2138 216 2180 in
246 2140 346 2179 loco
377 2135 548 2192 sunt,4)
582 2136 715 2191 qui5)
745 2136 1019 2186 subvertitur,
1062 2147 1131 2178 aut
1161 2136 1206 2175 in
1236 2146 1444 2190 tempore,
1477 2138 1596 2190 quod

173 2227 385 2264 mutatur,
421 2216 493 2256 sed
532 2212 577 2254 in
609 2213 694 2254 fide
725 2212 953 2262 credentis,
995 2225 1034 2253 et
1078 2212 1121 2252 iu
1152 2212 1284 2252 corde
1314 2210 1596 2254 sacrificantis.

174 2294 287 2334 Sane
321 2295 438 2348 quod
468 2292 544 2332 ait:
584 2307 676 2332 non
715 2291 864 2330 edetur
904 2292 956 2330 de
985 2289 1189 2331 sacrificio
1229 2289 1480 2337 sacerdotis,
1521 2290 1594 2329 sed

172 2370 471 2411 holocaustum
503 2369 599 2410 erit:
632 2379 793 2409 certum
825 2378 885 2408 est
915 2369 968 2408 ad
986 2365 1168 2409 Domini
1195 2378 1235 2407 et
1258 2365 1485 2407 Salvatoris
1514 2382 1595 2406 no-

294 2516 338 2571 1>
372 2516 457 2557 Cfr.
492 2516 641 2557 Matth.
671 2516 788 2565 XIV,
819 2515 884 2557 15.
917 2529 1032 2570 seqq.

289 2587 336 2643 ²)
374 2588 550 2641 Apocal.
579 2587 696 2636 XIV,
727 2588 765 2629 (5.

287 2656 335 2710 3)
364 2656 474 2696 Edd.
508 2656 680 2697 Merlini
709 2672 958 2712 perperam:
989 2653 1232 2708 „hrumpif‘

292 2723 338 2780 ⁴)
370 2724 479 2766 Cod.
512 2726 808 2778 Sangerman.:
839 2731 1003 2779 „sunt.“
1062 2723 1178 2766 Libri
1209 2722 1308 2766 editi
1336 2723 1396 2778 (v.
1429 2740 1462 2766 c.
1497 2724 1590 2765 edd,

171 2781 283 2840 M.):
312 2786 441 2834 ,‚est.“
476 2782 523 2825 R.

297 2852 342 2908 ⁵)
370 2851 481 2894 Edd.
514 2849 707 2895 Merlini:
741 2853 870 2906 quod.
