1752 3136
589 50 612 57 0.
629 48 635 53 .

454 141 502 171 m
531 128 732 171 Exomm
759 124 959 170 HOMmA
992 126 1061 168 VI.
1409 125 1469 171 65

57 241 110 285 de
139 253 249 284 terra
280 238 432 294 litigat,
470 251 626 282 terram
657 240 886 290 desiderat,
932 250 971 281 et
1003 252 1176 280 omnem
1206 251 1324 292 spem
1355 252 1474 278 suam

55 319 180 375 ponit
209 319 255 360 in
283 317 425 359 terra?
461 318 533 373 qui
572 318 626 358 ad
670 318 839 359 coelum
869 333 961 357 non
990 313 1178 370 respicit,
1218 314 1292 370 qui
1330 314 1474 355 futura

55 412 147 437 non
179 395 342 448 cogitat,
374 394 447 449 qui
475 392 683 450 judicium
714 394 798 435 Dei
827 410 920 435 non
953 392 1116 442 metuit,
1144 407 1222 432 nec
1237 391 1360 432 beata
1385 389 1474 448 ejus

54 472 264 529 promissa
296 470 524 520 desiderat,
564 470 638 511 sed
680 486 850 526 semper
889 471 941 511 de
977 468 1270 525 praesentibus
1307 466 1475 520 cogitat,

56 559 96 590 et
124 548 177 588 ad
198 547 238 602 ¹)
268 559 434 588 terrena
464 545 678 602 suspirat?
712 546 863 588 Talem
896 562 992 587 cum
1010 545 1173 594 videris,
1204 543 1346 592 dicito,
1375 543 1475 599 quia

56 622 270 665 devoravit
300 639 395 664 eum
426 634 550 664 terra.
609 624 694 665 Sed
728 635 768 664 et
797 622 830 664 si
854 640 979 678 quem
997 622 1147 664 videris
1164 621 1354 663 luxuriae
1383 636 1474 661 car-

52 701 130 751 nis,
160 712 200 741 et
229 700 519 755 voluptatibus
551 701 744 754 corporis
775 699 986 749 deditum,
1023 699 1068 740 in
1100 715 1184 754 quo
1217 697 1382 739 animus
1410 697 1476 738 ni-

52 777 113 819 hil
141 778 274 827 valet,
322 777 395 818 sed
425 788 561 817 totum
594 775 730 817 libido
770 776 905 816 carnis
937 775 1142 825 obtinuit,
1188 773 1318 815 dicito
1350 789 1391 816 et
1424 774 1477 814 de

55 853 154 904 hoc,
185 854 283 909 quia
314 852 531 895 devoravit
562 869 657 894 eum
689 865 811 894 terra.
869 852 1027 893 Adhuc
1056 868 1126 892 me
1153 862 1319 901 movet,
1357 852 1478 908 quod

58 930 134 972 ait:
166 928 470 984 „extendisti²)
506 930 717 971 dexteram
747 942 876 978 tuam,
912 941 950 969 et
971 930 1185 970 devoravit
1217 945 1286 970 eos
1316 940 1428 970 terra
1441 932 1478 969 :“

58 1007 176 1064 quasi
205 1018 253 1047 ut
283 1007 588 1048 devorarentur
629 1023 652 1048 a
682 1018 814 1055 terra,
857 1005 962 1045 haec
1002 1021 1125 1046 causa
1162 1003 1312 1055 fuerit,
1358 1004 1478 1061 quod

12 1106 23 1112 —
57 1082 240 1126 extendit
269 1081 484 1123 Dominus
525 1084 739 1124 dexteram
779 1098 912 1123 suam.
982 1080 1029 1122 Si
1069 1082 1330 1132 consideres,
1370 1097 1480 1137 quo-

14 2544 399 2671 {Q

55 1161 188 1202 modo
220 1159 434 1200 Dominus
466 1160 663 1201 exaltatus
693 1159 738 1200 in
770 1175 897 1200 cruce
921 1170 1010 1200 tota
1029 1158 1096 1199 die
1116 1159 1298 1200 extendit
1314 1157 1362 1214 ³)
1388 1175 1480 1200 ma—

58 1253 136 1279 nus
165 1253 258 1278 suas
290 1238 343 1278 ad
373 1237 585 1292 populum
611 1253 703 1277 non
727 1237 982 1285 credentem,
1010 1237 1083 1277 sed
1106 1235 1483 1285 contradicentem,

58 1325 98 1355 et
128 1313 304 1370 qualiter
330 1312 548 1355 infidelem
575 1313 804 1370 populum,
838 1312 910 1369 qui
941 1313 1149 1354 clamavit:
1180 1312 1416 1366 „crucifige‚
1435 1313 1482 1369 ⁴)

33 1389 255 1443 ”crucifige
278 1404 374 1430 eum
388 1387 424 1429 !“
437 1406 552 1431 mors
566 1389 734 1431 admissi
750 1390 916 1432 sceleris
938 1390 1168 1446 oppressit:
1186 1391 1401 1432 evidenter
1415 1390 1483 1432 in-

57 1466 209 1516 venies,
234 1466 464 1522 quomodo
492 1467 675 1508 extendit
697 1463 909 1510 dexteram
931 1484 1064 1518 suam,
1095 1478 1134 1508 et
1152 1467 1367 1508 devoravit
1388 1468 1485 1510 illos

0 1546 1 1559 ¹
56 1556 180 1585 terra.
219 1543 310 1584 Nec
337 1554 478 1585 tamen
500 1544 667 1599 penitus
690 1545 1003 1600 desperandum
1027 1555 1097 1586 est.
1135 1543 1344 1585 Possibile
1361 1561 1484 1585 nam-

0 1665 3 1680 Ι
60 1636 143 1676 que
174 1630 247 1670 est,
274 1630 344 1670 ut,
373 1620 407 1662 si
436 1621 548 1660 forte
579 1619 804 1676 resipiscat,
836 1620 908 1676 qui
941 1622 1164 1662 devoratus
1196 1631 1273 1670 est,
1315 1636 1484 1662 rursum

0 1712 2 1744 ξ
59 1695 194 1752 possit
224 1695 376 1745 evomi,
405 1694 512 1737 sicut
541 1696 686 1738 Jonas.
739 1697 826 1738 Sed
859 1709 897 1738 et
927 1714 1075 1739 omnes
1105 1714 1186 1738 nos
1215 1709 1336 1752 pum,
1367 1698 1486 1753 quod

61 1772 294 1829 aliquando
325 1784 438 1814 terra
469 1773 694 1814 devoratos
724 1773 768 1815 in
808 1774 965 1816 inferni
1003 1774 1292 1831 penetralibus
1332 1773 1486 1815 retine-

1 1898 3 1905 *
59 1850 152 1891 bat:
185 1860 224 1891 et
251 1861 482 1906 propterea
521 1850 739 1891 Dominus
779 1863 926 1893 noster
964 1850 1179 1893 descendit
1215 1867 1307 1891 non
1346 1852 1488 1893 solum

1 1908 8 1922 Ι

2 1923 3 1935 ’
59 1942 193 1982 usque
222 1928 277 1968 ad
305 1937 450 1977 terras,
479 1927 553 1968 sed
583 1943 718 1982 usque
749 1929 803 1969 ad
823 1926 1026 1969 inferiora
1056 1939 1216 1970 terrae:
1248 1938 1288 1969 et
1317 1927 1378 1968 ibi
1406 1945 1487 1971 nos

0 2007 1 2014 ¹
61 2001 218 2044 invenit
249 2004 487 2056 devoratos,
519 2015 558 2044 et
585 2005 776 2047 sedentes
815 2005 893 2045 sub
924 2006 1078 2045 umbra
1107 2005 1278 2046 mortis:
1320 2015 1360 2045 et
1387 2003 1489 2045 inde

63 2081 246 2121 educens
285 2096 375 2121 non
414 2077 502 2136 jam
537 2080 682 2121 locum
713 2092 872 2131 terrae,
903 2093 951 2122 ut
982 2082 1137 2122 iterum
1171 2082 1488 2132 devoraremur,

61 2157 135 2198 sed
165 2157 308 2197 locum
342 2168 565 2212 praeparat
593 2156 718 2199 nobis
749 2158 866 2211 regni
897 2159 1133 2202 coelorum.

173 2234 212 2275 7.
243 2232 552 2287 „Deduxisti⁵)
588 2233 633 2273 in
674 2233 832 2288 justitia
861 2247 932 2276 tua
962 2237 1176 2297 populum
1208 2245 1330 2276 tuum
1360 2234 1491 2286 hunc,

10 2350 11 2356 ,
65 2326 190 2366 quem
222 2307 423 2351 liberasti.
492 2309 746 2352 Consolatus
788 2328 828 2353 es
870 2311 913 2353 in
956 2311 1106 2353 virtute
1135 2324 1228 2362 tua,
1269 2311 1312 2352 in
1343 2311 1490 2368 requie

65 2397 205 2428 sancta
236 2391 350 2428 tua.“
394 2385 609 2427 Dominus
625 2387 838 2443 populum
866 2406 1004 2439 suum,
1037 2405 1161 2445 quem
1192 2388 1385 2430 liberavit
1413 2405 1492 2444 per

13 2490 15 2498 ι
66 2462 280 2504 lavacrum
327 2459 678 2514 regenerationis,
725 2465 896 2507 deducit
934 2466 979 2507 in
1017 2465 1200 2522 justitia,
1245 2467 1490 2508 consolatur

1226 2579 1234 2595 1

185 2644 229 2700 ¹)
259 2645 433 2694 Deest,
437 2645 531 2690 ,ad“
561 2644 606 2686 in
637 2647 732 2688 edd.
764 2648 825 2689 M.

181 2715 229 2768 ²)
259 2715 395 2757 Exod.
426 2714 521 2764 XV,
554 2716 619 2756 12.
653 2718 747 2758 coll.
778 2733 870 2773 pag.
902 2718 969 2761 64.
1000 2728 1088 2759 not.
1121 2718 1157 2760 7.

178 2785 227 2838 ³)
259 2784 347 2832 Csr.
377 2784 504 2827 Jesai.
535 2784 667 2835 LXV,
698 2787 736 2828 2.

185 2854 231 2909 ⁴)
260 2855 364 2896 Luc.
394 2853 557 2905 XXIII,
587 2857 652 2899 21.
773 2853 818 2911 ⁵)
856 2854 944 2899 Cfr.
975 2857 1114 2901 Exod.
1144 2858 1241 2910 XV,
1271 2856 1336 2900 13.

23 2956 30 2982 ,
79 2927 304 2975 Omenms
340 2931 512 2975 OPERA.
546 2931 666 2976 ΤοΜ.
698 2932 772 2975 ΙΧ.
1143 2953 1172 2995 5

612 3054 629 3063 κ
