<?xml version="1.0" encoding="UTF-8"?>
<!DOCTYPE html PUBLIC "-//W3C//DTD XHTML 1.0 Transitional//EN"
    "http://www.w3.org/TR/xhtml1/DTD/xhtml1-transitional.dtd">
<html xmlns="http://www.w3.org/1999/xhtml" xml:lang="en" lang="en">
 <head>
  <title>
</title>
<meta http-equiv="Content-Type" content="text/html;charset=utf-8" />
  <meta name='ocr-system' content='tesseract 3.04.00' />
  <meta name='ocr-capabilities' content='ocr_page ocr_carea ocr_par ocr_line ocrx_word'/>
</head>
<body>
  <div class='ocr_page' id='page_1' title='image "./operaomniaquaegr09orig_0156.png"; bbox 0 0 1752 3136; ppageno 0'>
   <div class='ocr_carea' id='block_1_1' title="bbox 242 94 1055 138">
    <p class='ocr_par' dir='ltr' id='par_1_1' title="bbox 242 94 1055 138">
     <span class='ocr_line' id='line_1_1' title="bbox 242 94 1055 138; baseline -0.001 0"><span class='ocrx_word' id='word_1_1' title='bbox 242 95 325 138; x_wconf 82' lang='grc'><strong>144</strong></span> <span class='ocrx_word' id='word_1_2' title='bbox 816 118 820 121; x_wconf 21' lang='grc' dir='ltr'><strong>Α</strong></span> <span class='ocrx_word' id='word_1_3' title='bbox 835 94 1055 137; x_wconf 69' lang='lat' dir='ltr'><strong>Omessms</strong></span> 
     </span>
    </p>
   </div>
   <div class='ocr_carea' id='block_1_2' title="bbox 233 205 1705 2646">
    <p class='ocr_par' dir='ltr' id='par_1_2' title="bbox 233 205 1705 1800">
     <span class='ocr_line' id='line_1_2' title="bbox 236 205 1658 263; baseline 0.002 -15"><span class='ocrx_word' id='word_1_4' title='bbox 236 219 404 261; x_wconf 84' lang='lat' dir='ltr'><strong>guntur,</strong></span> <span class='ocrx_word' id='word_1_5' title='bbox 432 205 570 249; x_wconf 86' lang='lat' dir='ltr'><strong>statim</strong></span> <span class='ocrx_word' id='word_1_6' title='bbox 603 205 833 249; x_wconf 85' lang='lat' dir='ltr'><strong>discedunt.</strong></span> <span class='ocrx_word' id='word_1_7' title='bbox 890 208 1020 249; x_wconf 78' lang='lat' dir='ltr'><strong>Nulla</strong></span> <span class='ocrx_word' id='word_1_8' title='bbox 1050 222 1096 248; x_wconf 86' lang='lat' dir='ltr'><strong>ex</strong></span> <span class='ocrx_word' id='word_1_9' title='bbox 1127 206 1214 262; x_wconf 79' lang='lat' dir='ltr'><strong>his,</strong></span> <span class='ocrx_word' id='word_1_10' title='bbox 1252 221 1362 263; x_wconf 83' lang='lat' dir='ltr'><strong>quae</strong></span> <span class='ocrx_word' id='word_1_11' title='bbox 1400 205 1512 248; x_wconf 82' lang='lat' dir='ltr'><strong>dicta</strong></span> <span class='ocrx_word' id='word_1_12' title='bbox 1548 221 1658 260; x_wconf 80' lang='lat' dir='ltr'><strong>sunt,</strong></span> 
     </span>
     <span class='ocr_line' id='line_1_3' title="bbox 236 284 1661 341; baseline -0.001 -15"><span class='ocrx_word' id='word_1_13' title='bbox 236 284 455 341; x_wconf 72' lang='lat' dir='ltr'>inquisitio</span> <span class='ocrx_word' id='word_1_14' title='bbox 491 285 544 325; x_wconf 86' lang='lat' dir='ltr'><strong>ad</strong></span> <span class='ocrx_word' id='word_1_15' title='bbox 585 284 788 334; x_wconf 81' lang='lat' dir='ltr'><strong>invicem,</strong></span> <span class='ocrx_word' id='word_1_16' title='bbox 827 286 945 326; x_wconf 87' lang='lat' dir='ltr'><strong>nulla</strong></span> <span class='ocrx_word' id='word_1_17' title='bbox 976 284 1171 336; x_wconf 85' lang='lat' dir='ltr'><strong>collatio,</strong></span> <span class='ocrx_word' id='word_1_18' title='bbox 1211 299 1421 338; x_wconf 82' lang='lat' dir='ltr'>nusquam</span> <span class='ocrx_word' id='word_1_19' title='bbox 1451 284 1661 326; x_wconf 78' lang='lat' dir='ltr'><strong>memoria</strong></span> 
     </span>
     <span class='ocr_line' id='line_1_4' title="bbox 236 358 1659 417; baseline -0.001 -15"><span class='ocrx_word' id='word_1_20' title='bbox 236 360 429 402; x_wconf 87' lang='lat' dir='ltr'><strong>mandati</strong></span> <span class='ocrx_word' id='word_1_21' title='bbox 457 360 583 410; x_wconf 89' lang='lat' dir='ltr'><strong>illius,</strong></span> <span class='ocrx_word' id='word_1_22' title='bbox 614 377 701 417; x_wconf 88' lang='lat' dir='ltr'><strong>quo</strong></span> <span class='ocrx_word' id='word_1_23' title='bbox 732 373 773 402; x_wconf 85' lang='lat' dir='ltr'><strong>te</strong></span> <span class='ocrx_word' id='word_1_24' title='bbox 800 361 939 404; x_wconf 82' lang='lat' dir='ltr'><strong>divina</strong></span> <span class='ocrx_word' id='word_1_25' title='bbox 970 363 1034 403; x_wconf 86' lang='lat' dir='ltr'><strong>lex</strong></span> <span class='ocrx_word' id='word_1_26' title='bbox 1058 373 1325 403; x_wconf 89' lang='lat' dir='ltr'><strong>commonet:</strong></span> <span class='ocrx_word' id='word_1_27' title='bbox 1357 358 1595 413; x_wconf 85' lang='lat' dir='ltr'><strong>„interroga</strong></span> <span class='ocrx_word' id='word_1_28' title='bbox 1614 359 1659 415; x_wconf 83' lang='lat'><strong>¹)</strong></span> 
     </span>
     <span class='ocr_line' id='line_1_5' title="bbox 236 436 1659 497; baseline -0.001 -19"><span class='ocrx_word' id='word_1_29' title='bbox 236 450 376 493; x_wconf 85' lang='lat' dir='ltr'><strong>patres</strong></span> <span class='ocrx_word' id='word_1_30' title='bbox 407 450 518 488; x_wconf 89' lang='lat' dir='ltr'><strong>tuos,</strong></span> <span class='ocrx_word' id='word_1_31' title='bbox 546 449 586 478; x_wconf 87' lang='lat' dir='ltr'><strong>et</strong></span> <span class='ocrx_word' id='word_1_32' title='bbox 618 439 761 479; x_wconf 85' lang='lat' dir='ltr'><strong>dicent</strong></span> <span class='ocrx_word' id='word_1_33' title='bbox 787 440 876 488; x_wconf 88' lang='lat' dir='ltr'><strong>tibi,</strong></span> <span class='ocrx_word' id='word_1_34' title='bbox 908 439 1172 497; x_wconf 69' lang='lat' dir='ltr'><strong>presbyteros</strong></span> <span class='ocrx_word' id='word_1_35' title='bbox 1200 450 1319 487; x_wconf 86' lang='lat' dir='ltr'><strong>tuos,</strong></span> <span class='ocrx_word' id='word_1_36' title='bbox 1361 449 1401 477; x_wconf 88' lang='lat' dir='ltr'><strong>et</strong></span> <span class='ocrx_word' id='word_1_37' title='bbox 1431 436 1659 478; x_wconf 86' lang='lat' dir='ltr'><strong>annuntia-</strong></span> 
     </span>
     <span class='ocr_line' id='line_1_6' title="bbox 237 499 1662 571; baseline -0.001 -17"><span class='ocrx_word' id='word_1_38' title='bbox 237 515 345 556; x_wconf 87' lang='lat' dir='ltr'><strong>bunt</strong></span> <span class='ocrx_word' id='word_1_39' title='bbox 375 514 491 555; x_wconf 87' lang='lat' dir='ltr'><strong>tibi.“</strong></span> <span class='ocrx_word' id='word_1_40' title='bbox 566 514 650 555; x_wconf 84' lang='lat' dir='ltr'><strong>Alii</strong></span> <span class='ocrx_word' id='word_1_41' title='bbox 680 499 736 556; x_wconf 82' lang='lat' dir='ltr'><strong>ne</strong></span> <span class='ocrx_word' id='word_1_42' title='bbox 767 517 850 557; x_wconf 86' lang='lat' dir='ltr'><strong>hoc</strong></span> <span class='ocrx_word' id='word_1_43' title='bbox 879 516 1019 571; x_wconf 86' lang='lat' dir='ltr'><strong>ipsum</strong></span> <span class='ocrx_word' id='word_1_44' title='bbox 1060 515 1230 571; x_wconf 88' lang='lat' dir='ltr'><strong>quidem</strong></span> <span class='ocrx_word' id='word_1_45' title='bbox 1269 513 1481 571; x_wconf 80' lang='lat' dir='ltr'>patienter</span> <span class='ocrx_word' id='word_1_46' title='bbox 1517 528 1662 569; x_wconf 86' lang='lat' dir='ltr'><strong>exspe-</strong></span> 
     </span>
     <span class='ocr_line' id='line_1_7' title="bbox 239 588 1662 647; baseline -0.001 -15"><span class='ocrx_word' id='word_1_47' title='bbox 239 602 374 641; x_wconf 89' lang='lat' dir='ltr'><strong>ctant,</strong></span> <span class='ocrx_word' id='word_1_48' title='bbox 412 607 545 647; x_wconf 88' lang='lat' dir='ltr'><strong>usque</strong></span> <span class='ocrx_word' id='word_1_49' title='bbox 591 608 676 647; x_wconf 92' lang='lat' dir='ltr'><strong>quo</strong></span> <span class='ocrx_word' id='word_1_50' title='bbox 722 592 920 634; x_wconf 85' lang='lat' dir='ltr'><strong>lectiones</strong></span> <span class='ocrx_word' id='word_1_51' title='bbox 958 592 1001 634; x_wconf 86' lang='lat' dir='ltr'><strong>in</strong></span> <span class='ocrx_word' id='word_1_52' title='bbox 1047 594 1219 634; x_wconf 85' lang='lat' dir='ltr'><strong>ecclesia</strong></span> <span class='ocrx_word' id='word_1_53' title='bbox 1261 591 1503 632; x_wconf 81' lang='lat' dir='ltr'><strong>recitentur.</strong></span> <span class='ocrx_word' id='word_1_54' title='bbox 1574 588 1662 631; x_wconf 80' lang='lat' dir='ltr'><strong>Alii</strong></span> 
     </span>
     <span class='ocr_line' id='line_1_8' title="bbox 238 665 1660 725; baseline -0.001 -18"><span class='ocrx_word' id='word_1_55' title='bbox 238 685 337 708; x_wconf 84' lang='lat' dir='ltr'><strong>vero</strong></span> <span class='ocrx_word' id='word_1_56' title='bbox 370 684 447 709; x_wconf 90' lang='lat' dir='ltr'><strong>nec</strong></span> <span class='ocrx_word' id='word_1_57' title='bbox 477 668 509 709; x_wconf 85' lang='lat' dir='ltr'><strong>si</strong></span> <span class='ocrx_word' id='word_1_58' title='bbox 540 667 791 725; x_wconf 70' lang='lat' dir='ltr'><strong>recitantur,</strong></span> <span class='ocrx_word' id='word_1_59' title='bbox 819 670 977 719; x_wconf 86' lang='lat' dir='ltr'><strong>sciunt,</strong></span> <span class='ocrx_word' id='word_1_60' title='bbox 1007 671 1080 710; x_wconf 86' lang='lat' dir='ltr'><strong>sed</strong></span> <span class='ocrx_word' id='word_1_61' title='bbox 1111 670 1155 710; x_wconf 92' lang='lat' dir='ltr'><strong>in</strong></span> <span class='ocrx_word' id='word_1_62' title='bbox 1186 668 1487 710; x_wconf 78' lang='lat' dir='ltr'>remotioribus</span> <span class='ocrx_word' id='word_1_63' title='bbox 1519 665 1660 708; x_wconf 87' lang='lat' dir='ltr'><strong>domi-</strong></span> 
     </span>
     <span class='ocr_line' id='line_1_9' title="bbox 236 743 1662 800; baseline -0.001 -15"><span class='ocrx_word' id='word_1_64' title='bbox 236 744 357 785; x_wconf 81' lang='lat' dir='ltr'>nicae</span> <span class='ocrx_word' id='word_1_65' title='bbox 387 746 538 785; x_wconf 83' lang='lat' dir='ltr'><strong>domus</strong></span> <span class='ocrx_word' id='word_1_66' title='bbox 568 744 694 794; x_wconf 89' lang='lat' dir='ltr'><strong>locis,</strong></span> <span class='ocrx_word' id='word_1_67' title='bbox 737 745 1022 786; x_wconf 87' lang='lat' dir='ltr'><strong>saecularibus</strong></span> <span class='ocrx_word' id='word_1_68' title='bbox 1054 746 1208 787; x_wconf 85' lang='lat' dir='ltr'><strong>fabulis</strong></span> <span class='ocrx_word' id='word_1_69' title='bbox 1239 756 1518 800; x_wconf 75' lang='lat' dir='ltr'><strong>occupantur,</strong></span> <span class='ocrx_word' id='word_1_70' title='bbox 1592 743 1662 784; x_wconf 91' lang='lat' dir='ltr'><strong>De</strong></span> 
     </span>
     <span class='ocr_line' id='line_1_10' title="bbox 237 819 1663 876; baseline 0 -15"><span class='ocrx_word' id='word_1_71' title='bbox 237 822 391 876; x_wconf 90' lang='lat' dir='ltr'><strong>quibus</strong></span> <span class='ocrx_word' id='word_1_72' title='bbox 423 837 499 873; x_wconf 83' lang='lat' dir='ltr'><strong>ego</strong></span> <span class='ocrx_word' id='word_1_73' title='bbox 532 837 653 862; x_wconf 89' lang='lat' dir='ltr'><strong>ausus</strong></span> <span class='ocrx_word' id='word_1_74' title='bbox 692 838 785 863; x_wconf 88' lang='lat' dir='ltr'><strong>sum</strong></span> <span class='ocrx_word' id='word_1_75' title='bbox 818 821 980 871; x_wconf 86' lang='lat' dir='ltr'><strong>dicere,</strong></span> <span class='ocrx_word' id='word_1_76' title='bbox 1023 820 1145 876; x_wconf 85' lang='lat' dir='ltr'><strong>quia,</strong></span> <span class='ocrx_word' id='word_1_77' title='bbox 1188 838 1284 862; x_wconf 85' lang='lat' dir='ltr'><strong>cum</strong></span> <span class='ocrx_word' id='word_1_78' title='bbox 1324 820 1474 872; x_wconf 82' lang='lat' dir='ltr'><strong>legitur</strong></span> <span class='ocrx_word' id='word_1_79' title='bbox 1502 819 1663 871; x_wconf 65' lang='lat' dir='ltr'><strong>BIoses,</strong></span> 
     </span>
     <span class='ocr_line' id='line_1_11' title="bbox 236 896 1661 954; baseline -0.001 -16"><span class='ocrx_word' id='word_1_80' title='bbox 236 896 321 954; x_wconf 86' lang='lat' dir='ltr'><strong>jam</strong></span> <span class='ocrx_word' id='word_1_81' title='bbox 351 914 444 938; x_wconf 85' lang='lat' dir='ltr'><strong>non</strong></span> <span class='ocrx_word' id='word_1_82' title='bbox 474 898 666 938; x_wconf 72' lang='lat' dir='ltr'><strong>velamen</strong></span> <span class='ocrx_word' id='word_1_83' title='bbox 694 915 823 954; x_wconf 90' lang='lat' dir='ltr'><strong>super</strong></span> <span class='ocrx_word' id='word_1_84' title='bbox 853 915 928 940; x_wconf 91' lang='lat' dir='ltr'><strong>cor</strong></span> <span class='ocrx_word' id='word_1_85' title='bbox 958 914 1122 949; x_wconf 89' lang='lat' dir='ltr'><strong>eorum,</strong></span> <span class='ocrx_word' id='word_1_86' title='bbox 1151 899 1225 940; x_wconf 91' lang='lat' dir='ltr'><strong>sed</strong></span> <span class='ocrx_word' id='word_1_87' title='bbox 1256 897 1393 954; x_wconf 88' lang='lat' dir='ltr'><strong>paries</strong></span> <span class='ocrx_word' id='word_1_88' title='bbox 1414 897 1588 952; x_wconf 88' lang='lat' dir='ltr'><strong>quidam</strong></span> <span class='ocrx_word' id='word_1_89' title='bbox 1619 907 1661 938; x_wconf 86' lang='lat' dir='ltr'><strong>et</strong></span> 
     </span>
     <span class='ocr_line' id='line_1_12' title="bbox 235 974 1661 1031; baseline 0 -16"><span class='ocrx_word' id='word_1_90' title='bbox 235 991 382 1015; x_wconf 90' lang='lat' dir='ltr'><strong>murus</strong></span> <span class='ocrx_word' id='word_1_91' title='bbox 413 985 473 1015; x_wconf 86' lang='lat' dir='ltr'><strong>est</strong></span> <span class='ocrx_word' id='word_1_92' title='bbox 501 974 675 1030; x_wconf 86' lang='lat' dir='ltr'><strong>positus.</strong></span> <span class='ocrx_word' id='word_1_93' title='bbox 736 975 782 1016; x_wconf 86' lang='lat' dir='ltr'><strong>Si</strong></span> <span class='ocrx_word' id='word_1_94' title='bbox 814 975 925 1017; x_wconf 90' lang='lat' dir='ltr'><strong>enim</strong></span> <span class='ocrx_word' id='word_1_95' title='bbox 956 975 1049 1025; x_wconf 83' lang='lat' dir='ltr'><strong>ille,</strong></span> <span class='ocrx_word' id='word_1_96' title='bbox 1083 975 1156 1031; x_wconf 90' lang='lat' dir='ltr'><strong>qui</strong></span> <span class='ocrx_word' id='word_1_97' title='bbox 1186 976 1326 1024; x_wconf 89' lang='lat' dir='ltr'><strong>adest,</strong></span> <span class='ocrx_word' id='word_1_98' title='bbox 1356 974 1431 1030; x_wconf 88' lang='lat' dir='ltr'><strong>qui</strong></span> <span class='ocrx_word' id='word_1_99' title='bbox 1461 974 1593 1024; x_wconf 61' lang='lat' dir='ltr'><strong>audit,</strong></span> <span class='ocrx_word' id='word_1_100' title='bbox 1612 983 1661 1016; x_wconf 65' lang='lat' dir='ltr'><strong>‘ct</strong></span> 
     </span>
     <span class='ocr_line' id='line_1_13' title="bbox 234 1051 1661 1107; baseline -0.002 -14"><span class='ocrx_word' id='word_1_101' title='bbox 234 1051 421 1093; x_wconf 88' lang='lat' dir='ltr'><strong>intentus</strong></span> <span class='ocrx_word' id='word_1_102' title='bbox 452 1062 530 1102; x_wconf 87' lang='lat' dir='ltr'><strong>est,</strong></span> <span class='ocrx_word' id='word_1_103' title='bbox 563 1063 603 1094; x_wconf 90' lang='lat' dir='ltr'><strong>et</strong></span> <span class='ocrx_word' id='word_1_104' title='bbox 633 1068 743 1107; x_wconf 91' lang='lat' dir='ltr'><strong>quae</strong></span> <span class='ocrx_word' id='word_1_105' title='bbox 775 1051 893 1093; x_wconf 88' lang='lat' dir='ltr'><strong>audit</strong></span> <span class='ocrx_word' id='word_1_106' title='bbox 921 1063 1137 1102; x_wconf 74' lang='lat' dir='ltr'><strong>retractat,</strong></span> <span class='ocrx_word' id='word_1_107' title='bbox 1182 1063 1221 1092; x_wconf 93' lang='lat' dir='ltr'><strong>et</strong></span> <span class='ocrx_word' id='word_1_108' title='bbox 1253 1051 1441 1101; x_wconf 84' lang='lat' dir='ltr'><strong>discutit,</strong></span> <span class='ocrx_word' id='word_1_109' title='bbox 1480 1061 1521 1092; x_wconf 87' lang='lat' dir='ltr'><strong>et</strong></span> <span class='ocrx_word' id='word_1_110' title='bbox 1552 1065 1661 1106; x_wconf 87' lang='lat' dir='ltr'><strong>quae</strong></span> 
     </span>
     <span class='ocr_line' id='line_1_14' title="bbox 236 1127 1662 1184; baseline 0 -15"><span class='ocrx_word' id='word_1_111' title='bbox 236 1128 400 1184; x_wconf 79' lang='lat' dir='ltr'><strong>assequi</strong></span> <span class='ocrx_word' id='word_1_112' title='bbox 437 1144 528 1169; x_wconf 90' lang='lat' dir='ltr'><strong>non</strong></span> <span class='ocrx_word' id='word_1_113' title='bbox 558 1140 716 1184; x_wconf 86' lang='lat' dir='ltr'><strong>potest,</strong></span> <span class='ocrx_word' id='word_1_114' title='bbox 746 1140 1047 1184; x_wconf 87' lang='lat' dir='ltr'><strong>percontatur,</strong></span> <span class='ocrx_word' id='word_1_115' title='bbox 1086 1140 1124 1169; x_wconf 87' lang='lat' dir='ltr'><strong>et</strong></span> <span class='ocrx_word' id='word_1_116' title='bbox 1156 1128 1299 1179; x_wconf 82' lang='lat' dir='ltr'><strong>discit,</strong></span> <span class='ocrx_word' id='word_1_117' title='bbox 1342 1127 1407 1168; x_wconf 77' lang='lat' dir='ltr'><strong>vix</strong></span> <span class='ocrx_word' id='word_1_118' title='bbox 1436 1139 1576 1183; x_wconf 89' lang='lat' dir='ltr'><strong>potest</strong></span> <span class='ocrx_word' id='word_1_119' title='bbox 1607 1128 1662 1169; x_wconf 86' lang='lat' dir='ltr'><strong>ad</strong></span> 
     </span>
     <span class='ocr_line' id='line_1_15' title="bbox 233 1204 1662 1261; baseline 0.001 -16"><span class='ocrx_word' id='word_1_120' title='bbox 233 1205 474 1246; x_wconf 83' lang='lat' dir='ltr'><strong>libertatem</strong></span> <span class='ocrx_word' id='word_1_121' title='bbox 503 1204 702 1246; x_wconf 83' lang='lat' dir='ltr'><strong>scientiae</strong></span> <span class='ocrx_word' id='word_1_122' title='bbox 743 1205 988 1261; x_wconf 87' lang='lat' dir='ltr'><strong>pervenire:</strong></span> <span class='ocrx_word' id='word_1_123' title='bbox 1028 1205 1122 1254; x_wconf 88' lang='lat' dir='ltr'><strong>ille,</strong></span> <span class='ocrx_word' id='word_1_124' title='bbox 1160 1205 1234 1260; x_wconf 90' lang='lat' dir='ltr'><strong>qui</strong></span> <span class='ocrx_word' id='word_1_125' title='bbox 1276 1204 1503 1246; x_wconf 79' lang='lat' dir='ltr'><strong>abscondit</strong></span> <span class='ocrx_word' id='word_1_126' title='bbox 1541 1221 1662 1248; x_wconf 85' lang='lat' dir='ltr'><strong>aures</strong></span> 
     </span>
     <span class='ocr_line' id='line_1_16' title="bbox 234 1280 1697 1338; baseline -0.003 -14"><span class='ocrx_word' id='word_1_127' title='bbox 234 1299 341 1333; x_wconf 85' lang='lat' dir='ltr'><strong>suas,</strong></span> <span class='ocrx_word' id='word_1_128' title='bbox 370 1299 425 1323; x_wconf 90' lang='lat' dir='ltr'><strong>ne</strong></span> <span class='ocrx_word' id='word_1_129' title='bbox 455 1282 611 1334; x_wconf 82' lang='lat' dir='ltr'><strong>audiat,</strong></span> <span class='ocrx_word' id='word_1_130' title='bbox 642 1294 680 1323; x_wconf 87' lang='lat' dir='ltr'><strong>et</strong></span> <span class='ocrx_word' id='word_1_131' title='bbox 709 1293 824 1335; x_wconf 74' lang='lat' dir='ltr'><strong>terga</strong></span> <span class='ocrx_word' id='word_1_132' title='bbox 853 1284 898 1324; x_wconf 87' lang='lat' dir='ltr'><strong>in</strong></span> <span class='ocrx_word' id='word_1_133' title='bbox 928 1280 1082 1324; x_wconf 78' lang='lat' dir='ltr'><strong>faciem</strong></span> <span class='ocrx_word' id='word_1_134' title='bbox 1119 1281 1292 1334; x_wconf 85' lang='lat' dir='ltr'><strong>legentis</strong></span> <span class='ocrx_word' id='word_1_135' title='bbox 1324 1282 1519 1331; x_wconf 83' lang='lat' dir='ltr'><strong>obvertit,</strong></span> <span class='ocrx_word' id='word_1_136' title='bbox 1549 1299 1660 1338; x_wconf 90' lang='lat' dir='ltr'><strong>quo·</strong></span> <span class='ocrx_word' id='word_1_137' title='bbox 1688 1317 1697 1320; x_wconf 75' lang='grc'>,</span> 
     </span>
     <span class='ocr_line' id='line_1_17' title="bbox 234 1358 1663 1414; baseline 0.001 -15"><span class='ocrx_word' id='word_1_138' title='bbox 234 1361 369 1401; x_wconf 88' lang='lat' dir='ltr'><strong>modo</strong></span> <span class='ocrx_word' id='word_1_139' title='bbox 404 1359 606 1400; x_wconf 86' lang='lat' dir='ltr'><strong>dicendus</strong></span> <span class='ocrx_word' id='word_1_140' title='bbox 644 1371 704 1400; x_wconf 89' lang='lat' dir='ltr'><strong>est</strong></span> <span class='ocrx_word' id='word_1_141' title='bbox 740 1361 933 1400; x_wconf 88' lang='lat' dir='ltr'><strong>velamen</strong></span> <span class='ocrx_word' id='word_1_142' title='bbox 968 1359 1129 1400; x_wconf 87' lang='lat' dir='ltr'><strong>habere</strong></span> <span class='ocrx_word' id='word_1_143' title='bbox 1167 1359 1484 1414; x_wconf 89' lang='lat' dir='ltr'><strong>superpositum</strong></span> <span class='ocrx_word' id='word_1_144' title='bbox 1526 1358 1663 1409; x_wconf 88' lang='lat' dir='ltr'><strong>cordi,</strong></span> 
     </span>
     <span class='ocr_line' id='line_1_18' title="bbox 235 1435 1663 1492; baseline -0.001 -15"><span class='ocrx_word' id='word_1_145' title='bbox 235 1437 290 1477; x_wconf 83' lang='lat' dir='ltr'><strong>ad</strong></span> <span class='ocrx_word' id='word_1_146' title='bbox 320 1453 447 1492; x_wconf 90' lang='lat' dir='ltr'><strong>quem</strong></span> <span class='ocrx_word' id='word_1_147' title='bbox 476 1453 531 1477; x_wconf 90' lang='lat' dir='ltr'><strong>ne</strong></span> <span class='ocrx_word' id='word_1_148' title='bbox 560 1435 699 1492; x_wconf 86' lang='lat' dir='ltr'><strong>ipsum</strong></span> <span class='ocrx_word' id='word_1_149' title='bbox 743 1435 916 1491; x_wconf 87' lang='lat' dir='ltr'><strong>quidem</strong></span> <span class='ocrx_word' id='word_1_150' title='bbox 945 1437 1138 1477; x_wconf 84' lang='lat' dir='ltr'><strong>velamen</strong></span> <span class='ocrx_word' id='word_1_151' title='bbox 1177 1435 1344 1485; x_wconf 88' lang='lat' dir='ltr'><strong>literae,</strong></span> <span class='ocrx_word' id='word_1_152' title='bbox 1387 1452 1473 1491; x_wconf 90' lang='lat' dir='ltr'><strong>quo</strong></span> <span class='ocrx_word' id='word_1_153' title='bbox 1516 1451 1663 1476; x_wconf 84' lang='lat' dir='ltr'><strong>sensus</strong></span> 
     </span>
     <span class='ocr_line' id='line_1_19' title="bbox 234 1511 1662 1568; baseline 0.001 -16"><span class='ocrx_word' id='word_1_154' title='bbox 234 1513 408 1564; x_wconf 76' lang='lat' dir='ltr'><strong>velatur,</strong></span> <span class='ocrx_word' id='word_1_155' title='bbox 440 1512 511 1568; x_wconf 90' lang='lat' dir='ltr'><strong>qui</strong></span> <span class='ocrx_word' id='word_1_156' title='bbox 543 1524 602 1555; x_wconf 90' lang='lat' dir='ltr'><strong>est</strong></span> <span class='ocrx_word' id='word_1_157' title='bbox 629 1530 759 1554; x_wconf 89' lang='lat' dir='ltr'><strong>sonus</strong></span> <span class='ocrx_word' id='word_1_158' title='bbox 788 1512 916 1563; x_wconf 85' lang='lat' dir='ltr'><strong>vocis,</strong></span> <span class='ocrx_word' id='word_1_159' title='bbox 947 1511 1148 1554; x_wconf 85' lang='lat' dir='ltr'><strong>accessit?</strong></span> <span class='ocrx_word' id='word_1_160' title='bbox 1177 1511 1362 1553; x_wconf 81' lang='lat' dir='ltr'><strong>Evidens</strong></span> <span class='ocrx_word' id='word_1_161' title='bbox 1387 1512 1513 1563; x_wconf 83' lang='lat' dir='ltr'><strong>igitur</strong></span> <span class='ocrx_word' id='word_1_162' title='bbox 1528 1511 1662 1565; x_wconf 84' lang='lat' dir='ltr'><strong>figura</strong></span> 
     </span>
     <span class='ocr_line' id='line_1_20' title="bbox 236 1580 1662 1646; baseline -0.003 -15"><span class='ocrx_word' id='word_1_163' title='bbox 236 1602 307 1640; x_wconf 87' lang='lat' dir='ltr'><strong>cst,</strong></span> <span class='ocrx_word' id='word_1_164' title='bbox 338 1590 563 1646; x_wconf 87' lang='lat' dir='ltr'><strong>quomodo</strong></span> <span class='ocrx_word' id='word_1_165' title='bbox 594 1590 779 1643; x_wconf 84' lang='lat' dir='ltr'><strong>gloriosa</strong></span> <span class='ocrx_word' id='word_1_166' title='bbox 809 1589 990 1631; x_wconf 80' lang='lat' dir='ltr'><strong>efficitur</strong></span> <span class='ocrx_word' id='word_1_167' title='bbox 1019 1589 1146 1631; x_wconf 78' lang='lat' dir='ltr'><strong>facies</strong></span> <span class='ocrx_word' id='word_1_168' title='bbox 1170 1580 1328 1631; x_wconf 81' lang='lat' dir='ltr'><strong>Mosis:</strong></span> <span class='ocrx_word' id='word_1_169' title='bbox 1359 1588 1520 1629; x_wconf 89' lang='lat' dir='ltr'><strong>habent</strong></span> <span class='ocrx_word' id='word_1_170' title='bbox 1549 1587 1662 1628; x_wconf 78' lang='lat' dir='ltr'><strong>onim</strong></span> 
     </span>
     <span class='ocr_line' id='line_1_21' title="bbox 234 1665 1705 1723; baseline -0.001 -16"><span class='ocrx_word' id='word_1_171' title='bbox 234 1666 415 1719; x_wconf 86' lang='lat' dir='ltr'><strong>gloriam</strong></span> <span class='ocrx_word' id='word_1_172' title='bbox 447 1682 509 1717; x_wconf 87' lang='lat' dir='ltr'><strong>ea,</strong></span> <span class='ocrx_word' id='word_1_173' title='bbox 539 1683 648 1722; x_wconf 91' lang='lat' dir='ltr'><strong>quae</strong></span> <span class='ocrx_word' id='word_1_174' title='bbox 675 1667 890 1723; x_wconf 83' lang='lat' dir='ltr'><strong>quuitur:</strong></span> <span class='ocrx_word' id='word_1_175' title='bbox 931 1667 1005 1708; x_wconf 89' lang='lat' dir='ltr'><strong>sed</strong></span> <span class='ocrx_word' id='word_1_176' title='bbox 1036 1667 1138 1707; x_wconf 87' lang='lat' dir='ltr'><strong>haec</strong></span> <span class='ocrx_word' id='word_1_177' title='bbox 1168 1668 1340 1720; x_wconf 81' lang='lat' dir='ltr'><strong>tegitur,</strong></span> <span class='ocrx_word' id='word_1_178' title='bbox 1388 1676 1428 1707; x_wconf 88' lang='lat' dir='ltr'><strong>et</strong></span> <span class='ocrx_word' id='word_1_179' title='bbox 1470 1665 1662 1707; x_wconf 79' lang='lat' dir='ltr'><strong>occulta-</strong></span> <span class='ocrx_word' id='word_1_180' title='bbox 1702 1689 1705 1691; x_wconf 60' lang='lat'>&gt;</span> 
     </span>
     <span class='ocr_line' id='line_1_22' title="bbox 234 1742 1225 1800; baseline -0.002 -15"><span class='ocrx_word' id='word_1_181' title='bbox 234 1756 317 1798; x_wconf 84' lang='lat' dir='ltr'><strong>tur,</strong></span> <span class='ocrx_word' id='word_1_182' title='bbox 349 1755 389 1785; x_wconf 90' lang='lat' dir='ltr'><strong>et</strong></span> <span class='ocrx_word' id='word_1_183' title='bbox 419 1754 479 1785; x_wconf 89' lang='lat' dir='ltr'><strong>est</strong></span> <span class='ocrx_word' id='word_1_184' title='bbox 510 1744 648 1786; x_wconf 88' lang='lat' dir='ltr'><strong>omnis</strong></span> <span class='ocrx_word' id='word_1_185' title='bbox 679 1743 814 1795; x_wconf 84' lang='lat' dir='ltr'><strong>gloria</strong></span> <span class='ocrx_word' id='word_1_186' title='bbox 845 1742 933 1800; x_wconf 85' lang='lat' dir='ltr'><strong>ejus</strong></span> <span class='ocrx_word' id='word_1_187' title='bbox 960 1742 1225 1784; x_wconf 88' lang='lat' dir='ltr'><strong>intrinsecus.</strong></span> 
     </span>
    </p>

    <p class='ocr_par' dir='ltr' id='par_1_3' title="bbox 233 1819 1663 2646">
     <span class='ocr_line' id='line_1_23' title="bbox 346 1819 1660 1876; baseline -0.002 -14"><span class='ocrx_word' id='word_1_188' title='bbox 346 1821 387 1867; x_wconf 82' lang='grc'><strong>3,</strong></span> <span class='ocrx_word' id='word_1_189' title='bbox 419 1820 532 1861; x_wconf 87' lang='lat' dir='ltr'><strong>Illud</strong></span> <span class='ocrx_word' id='word_1_190' title='bbox 564 1836 738 1876; x_wconf 88' lang='lat' dir='ltr'><strong>quoque</strong></span> <span class='ocrx_word' id='word_1_191' title='bbox 766 1819 931 1861; x_wconf 86' lang='lat' dir='ltr'><strong>intuere</strong></span> <span class='ocrx_word' id='word_1_192' title='bbox 966 1821 1089 1876; x_wconf 86' lang='lat' dir='ltr'><strong>quale</strong></span> <span class='ocrx_word' id='word_1_193' title='bbox 1111 1821 1174 1871; x_wconf 86' lang='lat' dir='ltr'><strong>sit,</strong></span> <span class='ocrx_word' id='word_1_194' title='bbox 1200 1821 1318 1876; x_wconf 89' lang='lat' dir='ltr'><strong>quod</strong></span> <span class='ocrx_word' id='word_1_195' title='bbox 1345 1820 1387 1861; x_wconf 89' lang='lat' dir='ltr'><strong>in</strong></span> <span class='ocrx_word' id='word_1_196' title='bbox 1414 1821 1505 1873; x_wconf 83' lang='lat' dir='ltr'><strong>lege</strong></span> <span class='ocrx_word' id='word_1_197' title='bbox 1521 1819 1660 1861; x_wconf 79' lang='lat' dir='ltr'><strong>vultus</strong></span> 
     </span>
     <span class='ocr_line' id='line_1_24' title="bbox 236 1896 1662 1955; baseline -0.002 -15"><span class='ocrx_word' id='word_1_198' title='bbox 236 1898 410 1955; x_wconf 89' lang='lat' dir='ltr'><strong>quidem</strong></span> <span class='ocrx_word' id='word_1_199' title='bbox 443 1896 577 1938; x_wconf 77' lang='lat' dir='ltr'><strong>Mosis</strong></span> <span class='ocrx_word' id='word_1_200' title='bbox 609 1896 866 1949; x_wconf 83' lang='lat' dir='ltr'><strong>glorificatus</strong></span> <span class='ocrx_word' id='word_1_201' title='bbox 896 1898 1099 1946; x_wconf 88' lang='lat' dir='ltr'><strong>refertur,</strong></span> <span class='ocrx_word' id='word_1_202' title='bbox 1138 1897 1235 1937; x_wconf 83' lang='lat' dir='ltr'><strong>licet</strong></span> <span class='ocrx_word' id='word_1_203' title='bbox 1274 1896 1482 1937; x_wconf 81' lang='lat' dir='ltr'><strong>velamine</strong></span> <span class='ocrx_word' id='word_1_204' title='bbox 1513 1907 1662 1938; x_wconf 89' lang='lat' dir='ltr'><strong>conte-</strong></span> 
     </span>
     <span class='ocr_line' id='line_1_25' title="bbox 234 1971 1661 2031; baseline -0.003 -14"><span class='ocrx_word' id='word_1_205' title='bbox 234 1987 375 2028; x_wconf 89' lang='lat' dir='ltr'><strong>gatur:</strong></span> <span class='ocrx_word' id='word_1_206' title='bbox 404 1991 556 2015; x_wconf 89' lang='lat' dir='ltr'><strong>manus</strong></span> <span class='ocrx_word' id='word_1_207' title='bbox 587 1985 728 2015; x_wconf 85' lang='lat' dir='ltr'><strong>autern</strong></span> <span class='ocrx_word' id='word_1_208' title='bbox 761 1972 851 2031; x_wconf 85' lang='lat' dir='ltr'><strong>ejus</strong></span> <span class='ocrx_word' id='word_1_209' title='bbox 879 1974 990 2014; x_wconf 85' lang='lat' dir='ltr'><strong>intra</strong></span> <span class='ocrx_word' id='word_1_210' title='bbox 1029 1971 1169 2014; x_wconf 86' lang='lat' dir='ltr'><strong>sinum</strong></span> <span class='ocrx_word' id='word_1_211' title='bbox 1209 1972 1356 2023; x_wconf 87' lang='lat' dir='ltr'><strong>missa,</strong></span> <span class='ocrx_word' id='word_1_212' title='bbox 1395 1974 1564 2029; x_wconf 88' lang='lat' dir='ltr'><strong>leprosa</strong></span> <span class='ocrx_word' id='word_1_213' title='bbox 1595 1973 1661 2013; x_wconf 87' lang='lat' dir='ltr'><strong>fa-</strong></span> 
     </span>
     <span class='ocr_line' id='line_1_26' title="bbox 236 2050 1660 2106; baseline -0.001 -13"><span class='ocrx_word' id='word_1_214' title='bbox 236 2065 301 2094; x_wconf 88' lang='lat' dir='ltr'><strong>cta</strong></span> <span class='ocrx_word' id='word_1_215' title='bbox 339 2063 606 2092; x_wconf 87' lang='lat' dir='ltr'><strong>memoratur</strong></span> <span class='ocrx_word' id='word_1_216' title='bbox 641 2051 748 2093; x_wconf 89' lang='lat' dir='ltr'><strong>sicut</strong></span> <span class='ocrx_word' id='word_1_217' title='bbox 786 2050 869 2092; x_wconf 83' lang='lat' dir='ltr'><strong>nix.</strong></span> <span class='ocrx_word' id='word_1_218' title='bbox 946 2050 995 2090; x_wconf 91' lang='lat' dir='ltr'><strong>In</strong></span> <span class='ocrx_word' id='word_1_219' title='bbox 1038 2066 1124 2106; x_wconf 85' lang='lat' dir='ltr'><strong>quo</strong></span> <span class='ocrx_word' id='word_1_220' title='bbox 1169 2050 1275 2091; x_wconf 83' lang='lat' dir='ltr'><strong>mihi</strong></span> <span class='ocrx_word' id='word_1_221' title='bbox 1315 2050 1482 2092; x_wconf 81' lang='lat' dir='ltr'><strong>videtur</strong></span> <span class='ocrx_word' id='word_1_222' title='bbox 1518 2052 1660 2091; x_wconf 87' lang='lat' dir='ltr'><strong>forma</strong></span> 
     </span>
     <span class='ocr_line' id='line_1_27' title="bbox 235 2126 1657 2185; baseline -0.002 -14"><span class='ocrx_word' id='word_1_223' title='bbox 235 2129 366 2171; x_wconf 84' lang='lat' dir='ltr'><strong>totius</strong></span> <span class='ocrx_word' id='word_1_224' title='bbox 397 2128 496 2182; x_wconf 84' lang='lat' dir='ltr'><strong>legis</strong></span> <span class='ocrx_word' id='word_1_225' title='bbox 525 2128 767 2185; x_wconf 83' lang='lat' dir='ltr'><strong>plenissime</strong></span> <span class='ocrx_word' id='word_1_226' title='bbox 788 2126 1008 2181; x_wconf 83' lang='lat' dir='ltr'><strong>designari.</strong></span> <span class='ocrx_word' id='word_1_227' title='bbox 1055 2127 1102 2168; x_wconf 91' lang='lat' dir='ltr'><strong>In</strong></span> <span class='ocrx_word' id='word_1_228' title='bbox 1124 2128 1242 2168; x_wconf 84' lang='lat' dir='ltr'><strong>vultu</strong></span> <span class='ocrx_word' id='word_1_229' title='bbox 1267 2130 1381 2169; x_wconf 88' lang='lat' dir='ltr'><strong>enim</strong></span> <span class='ocrx_word' id='word_1_230' title='bbox 1411 2127 1498 2185; x_wconf 84' lang='lat' dir='ltr'><strong>ejus</strong></span> <span class='ocrx_word' id='word_1_231' title='bbox 1517 2144 1657 2169; x_wconf 90' lang='lat' dir='ltr'><strong>sermo</strong></span> 
     </span>
     <span class='ocr_line' id='line_1_28' title="bbox 233 2203 1660 2261; baseline -0.001 -14"><span class='ocrx_word' id='word_1_232' title='bbox 233 2207 354 2259; x_wconf 71' lang='lat' dir='ltr'><strong>legis,</strong></span> <span class='ocrx_word' id='word_1_233' title='bbox 378 2206 422 2246; x_wconf 90' lang='lat' dir='ltr'><strong>in</strong></span> <span class='ocrx_word' id='word_1_234' title='bbox 452 2222 584 2246; x_wconf 88' lang='lat' dir='ltr'><strong>manu</strong></span> <span class='ocrx_word' id='word_1_235' title='bbox 616 2221 746 2261; x_wconf 88' lang='lat' dir='ltr'><strong>opera</strong></span> <span class='ocrx_word' id='word_1_236' title='bbox 783 2206 1067 2258; x_wconf 84' lang='lat' dir='ltr'><strong>designantur.</strong></span> <span class='ocrx_word' id='word_1_237' title='bbox 1137 2204 1251 2259; x_wconf 83' lang='lat' dir='ltr'><strong>Quia</strong></span> <span class='ocrx_word' id='word_1_238' title='bbox 1292 2220 1390 2257; x_wconf 87' lang='lat' dir='ltr'><strong>ergo</strong></span> <span class='ocrx_word' id='word_1_239' title='bbox 1435 2221 1483 2246; x_wconf 87' lang='lat' dir='ltr'><strong>ex</strong></span> <span class='ocrx_word' id='word_1_240' title='bbox 1516 2203 1660 2261; x_wconf 85' lang='lat' dir='ltr'><strong>operi-</strong></span> 
     </span>
     <span class='ocr_line' id='line_1_29' title="bbox 233 2280 1663 2339; baseline -0.001 -16"><span class='ocrx_word' id='word_1_241' title='bbox 233 2284 314 2324; x_wconf 89' lang='lat' dir='ltr'><strong>bus</strong></span> <span class='ocrx_word' id='word_1_242' title='bbox 344 2282 445 2334; x_wconf 80' lang='lat' dir='ltr'><strong>legis</strong></span> <span class='ocrx_word' id='word_1_243' title='bbox 476 2282 619 2323; x_wconf 87' lang='lat' dir='ltr'><strong>nullus</strong></span> <span class='ocrx_word' id='word_1_244' title='bbox 650 2293 741 2323; x_wconf 82' lang='lat' dir='ltr'><strong>erat</strong></span> <span class='ocrx_word' id='word_1_245' title='bbox 767 2280 1076 2339; x_wconf 83' lang='lat' dir='ltr'><strong>justificandus,</strong></span> <span class='ocrx_word' id='word_1_246' title='bbox 1109 2298 1188 2322; x_wconf 90' lang='lat' dir='ltr'><strong>nec</strong></span> <span class='ocrx_word' id='word_1_247' title='bbox 1219 2281 1405 2338; x_wconf 87' lang='lat' dir='ltr'><strong>aliquem</strong></span> <span class='ocrx_word' id='word_1_248' title='bbox 1436 2282 1490 2323; x_wconf 89' lang='lat' dir='ltr'><strong>ad</strong></span> <span class='ocrx_word' id='word_1_249' title='bbox 1520 2283 1663 2337; x_wconf 87' lang='lat' dir='ltr'><strong>perfe-</strong></span> 
     </span>
     <span class='ocr_line' id='line_1_30' title="bbox 234 2359 1661 2415; baseline -0.001 -15"><span class='ocrx_word' id='word_1_250' title='bbox 234 2371 349 2401; x_wconf 85' lang='lat' dir='ltr'><strong>ctum</strong></span> <span class='ocrx_word' id='word_1_251' title='bbox 382 2361 596 2401; x_wconf 85' lang='lat' dir='ltr'><strong>adducere</strong></span> <span class='ocrx_word' id='word_1_252' title='bbox 625 2370 795 2415; x_wconf 85' lang='lat' dir='ltr'><strong>poterat</strong></span> <span class='ocrx_word' id='word_1_253' title='bbox 823 2359 911 2409; x_wconf 79' lang='lat' dir='ltr'><strong>lex,</strong></span> <span class='ocrx_word' id='word_1_254' title='bbox 953 2359 1113 2401; x_wconf 86' lang='lat' dir='ltr'><strong>idcirco</strong></span> <span class='ocrx_word' id='word_1_255' title='bbox 1145 2376 1298 2400; x_wconf 87' lang='lat' dir='ltr'><strong>manus</strong></span> <span class='ocrx_word' id='word_1_256' title='bbox 1329 2359 1460 2400; x_wconf 81' lang='lat' dir='ltr'><strong>Mosis</strong></span> <span class='ocrx_word' id='word_1_257' title='bbox 1489 2359 1661 2414; x_wconf 80' lang='lat' dir='ltr'><strong>leprosa</strong></span> 
     </span>
     <span class='ocr_line' id='line_1_31' title="bbox 233 2433 1661 2493; baseline -0.001 -16"><span class='ocrx_word' id='word_1_258' title='bbox 233 2437 294 2486; x_wconf 79' lang='lat' dir='ltr'><strong>fit,</strong></span> <span class='ocrx_word' id='word_1_259' title='bbox 327 2449 365 2477; x_wconf 86' lang='lat' dir='ltr'><strong>et</strong></span> <span class='ocrx_word' id='word_1_260' title='bbox 395 2436 439 2477; x_wconf 88' lang='lat' dir='ltr'><strong>in</strong></span> <span class='ocrx_word' id='word_1_261' title='bbox 469 2436 607 2478; x_wconf 87' lang='lat' dir='ltr'><strong>sinum</strong></span> <span class='ocrx_word' id='word_1_262' title='bbox 639 2435 910 2485; x_wconf 83' lang='lat' dir='ltr'><strong>reconditur,</strong></span> <span class='ocrx_word' id='word_1_263' title='bbox 940 2449 1142 2493; x_wconf 89' lang='lat' dir='ltr'><strong>tanquam</strong></span> <span class='ocrx_word' id='word_1_264' title='bbox 1173 2437 1281 2477; x_wconf 87' lang='lat' dir='ltr'><strong>nihil</strong></span> <span class='ocrx_word' id='word_1_265' title='bbox 1310 2433 1488 2491; x_wconf 84' lang='lat' dir='ltr'><strong>perfecti</strong></span> <span class='ocrx_word' id='word_1_266' title='bbox 1519 2434 1661 2490; x_wconf 89' lang='lat' dir='ltr'><strong>operis</strong></span> 
     </span>
     <span class='ocr_line' id='line_1_32' title="bbox 235 2511 1660 2570; baseline 0 -17"><span class='ocrx_word' id='word_1_267' title='bbox 235 2512 454 2553; x_wconf 86' lang='lat' dir='ltr'><strong>habitura:</strong></span> <span class='ocrx_word' id='word_1_268' title='bbox 485 2512 614 2554; x_wconf 83' lang='lat' dir='ltr'><strong>facies</strong></span> <span class='ocrx_word' id='word_1_269' title='bbox 644 2530 744 2554; x_wconf 87' lang='lat' dir='ltr'><strong>vero</strong></span> <span class='ocrx_word' id='word_1_270' title='bbox 779 2511 866 2570; x_wconf 80' lang='lat' dir='ltr'><strong>ejus</strong></span> <span class='ocrx_word' id='word_1_271' title='bbox 897 2514 1129 2566; x_wconf 73' lang='lat' dir='ltr'><strong>glorificata</strong></span> <span class='ocrx_word' id='word_1_272' title='bbox 1164 2525 1233 2563; x_wconf 85' lang='lat' dir='ltr'><strong>est,</strong></span> <span class='ocrx_word' id='word_1_273' title='bbox 1263 2514 1336 2555; x_wconf 87' lang='lat' dir='ltr'><strong>sed</strong></span> <span class='ocrx_word' id='word_1_274' title='bbox 1357 2511 1568 2553; x_wconf 85' lang='lat' dir='ltr'><strong>velamine</strong></span> <span class='ocrx_word' id='word_1_275' title='bbox 1597 2523 1660 2553; x_wconf 87' lang='lat' dir='ltr'><strong>te-</strong></span> 
     </span>
     <span class='ocr_line' id='line_1_33' title="bbox 235 2588 1662 2646; baseline 0 -16"><span class='ocrx_word' id='word_1_276' title='bbox 235 2589 363 2642; x_wconf 83' lang='lat' dir='ltr'><strong>gitur:</strong></span> <span class='ocrx_word' id='word_1_277' title='bbox 398 2589 494 2644; x_wconf 89' lang='lat' dir='ltr'><strong>quia</strong></span> <span class='ocrx_word' id='word_1_278' title='bbox 525 2606 665 2631; x_wconf 87' lang='lat' dir='ltr'><strong>sermo</strong></span> <span class='ocrx_word' id='word_1_279' title='bbox 697 2588 785 2646; x_wconf 84' lang='lat' dir='ltr'><strong>ejus</strong></span> <span class='ocrx_word' id='word_1_280' title='bbox 816 2591 944 2630; x_wconf 88' lang='lat' dir='ltr'><strong>habet</strong></span> <span class='ocrx_word' id='word_1_281' title='bbox 973 2591 1172 2633; x_wconf 85' lang='lat' dir='ltr'><strong>scientiae</strong></span> <span class='ocrx_word' id='word_1_282' title='bbox 1200 2590 1392 2643; x_wconf 84' lang='lat' dir='ltr'><strong>gloriam,</strong></span> <span class='ocrx_word' id='word_1_283' title='bbox 1422 2591 1497 2631; x_wconf 90' lang='lat' dir='ltr'><strong>sed</strong></span> <span class='ocrx_word' id='word_1_284' title='bbox 1516 2590 1662 2630; x_wconf 83' lang='lat' dir='ltr'><strong>occul-</strong></span> 
     </span>
    </p>
   </div>
   <div class='ocr_carea' id='block_1_3' title="bbox 232 2665 1660 2722">
    <p class='ocr_par' dir='ltr' id='par_1_4' title="bbox 232 2665 1660 2722">
     <span class='ocr_line' id='line_1_34' title="bbox 232 2665 1660 2722; baseline -0.001 -15"><span class='ocrx_word' id='word_1_285' title='bbox 232 2678 332 2707; x_wconf 77' lang='lat' dir='ltr'><strong>tam.</strong></span> <span class='ocrx_word' id='word_1_286' title='bbox 391 2666 520 2707; x_wconf 85' lang='lat' dir='ltr'><strong>Unde</strong></span> <span class='ocrx_word' id='word_1_287' title='bbox 551 2678 590 2707; x_wconf 87' lang='lat' dir='ltr'><strong>et</strong></span> <span class='ocrx_word' id='word_1_288' title='bbox 628 2667 840 2722; x_wconf 90' lang='lat' dir='ltr'><strong>propheta</strong></span> <span class='ocrx_word' id='word_1_289' title='bbox 871 2667 990 2710; x_wconf 84' lang='lat' dir='ltr'><strong>dicit:</strong></span> <span class='ocrx_word' id='word_1_290' title='bbox 1027 2667 1191 2722; x_wconf 79' lang='lat' dir='ltr'><strong>„nisi²)</strong></span> <span class='ocrx_word' id='word_1_291' title='bbox 1230 2665 1464 2716; x_wconf 80' lang='lat' dir='ltr'><strong>audieritis,</strong></span> <span class='ocrx_word' id='word_1_292' title='bbox 1495 2667 1660 2708; x_wconf 90' lang='lat' dir='ltr'><strong>occulte</strong></span> 
     </span>
    </p>
   </div>
   <div class='ocr_carea' id='block_1_4' title="bbox 233 2743 1659 2899">
    <p class='ocr_par' dir='ltr' id='par_1_5' title="bbox 233 2743 1659 2899">
     <span class='ocr_line' id='line_1_35' title="bbox 233 2743 1590 2826; baseline 0.001 -16"><span class='ocrx_word' id='word_1_293' title='bbox 233 2743 317 2748; x_wconf 48' lang='lat'><strong>——</strong></span> <span class='ocrx_word' id='word_1_294' title='bbox 355 2769 397 2826; x_wconf 79' lang='lat'><strong>¹)</strong></span> <span class='ocrx_word' id='word_1_295' title='bbox 430 2770 556 2811; x_wconf 85' lang='lat' dir='ltr'><strong>Deut.</strong></span> <span class='ocrx_word' id='word_1_296' title='bbox 587 2770 771 2821; x_wconf 83' lang='lat' dir='ltr'><strong>XXXll,</strong></span> <span class='ocrx_word' id='word_1_297' title='bbox 803 2773 839 2815; x_wconf 87' lang='grc'><strong>’7.</strong></span> <span class='ocrx_word' id='word_1_298' title='bbox 871 2774 969 2814; x_wconf 90' lang='lat' dir='ltr'><strong>coll.</strong></span> <span class='ocrx_word' id='word_1_299' title='bbox 1001 2773 1132 2813; x_wconf 89' lang='lat' dir='ltr'><strong>LXX.</strong></span> <span class='ocrx_word' id='word_1_300' title='bbox 1165 2772 1351 2813; x_wconf 81' lang='lat' dir='ltr'><strong>virorum</strong></span> <span class='ocrx_word' id='word_1_301' title='bbox 1383 2770 1590 2812; x_wconf 84' lang='lat' dir='ltr'><strong>versione.</strong></span> 
     </span>
     <span class='ocr_line' id='line_1_36' title="bbox 353 2840 1659 2899; baseline 0.001 -18"><span class='ocrx_word' id='word_1_302' title='bbox 353 2840 399 2896; x_wconf 84' lang='lat'><strong>²)</strong></span> <span class='ocrx_word' id='word_1_303' title='bbox 430 2840 542 2882; x_wconf 80' lang='lat' dir='ltr'><strong>Alias</strong></span> <span class='ocrx_word' id='word_1_304' title='bbox 583 2841 640 2896; x_wconf 79' lang='lat' dir='ltr'><strong>(v.</strong></span> <span class='ocrx_word' id='word_1_305' title='bbox 675 2858 708 2882; x_wconf 87' lang='lat' dir='ltr'><strong>c.</strong></span> <span class='ocrx_word' id='word_1_306' title='bbox 740 2843 782 2884; x_wconf 89' lang='lat' dir='ltr'><strong>in</strong></span> <span class='ocrx_word' id='word_1_307' title='bbox 816 2843 909 2885; x_wconf 87' lang='lat' dir='ltr'><strong>edd.</strong></span> <span class='ocrx_word' id='word_1_308' title='bbox 942 2842 1046 2899; x_wconf 81' lang='lat' dir='ltr'><strong>M.):</strong></span> <span class='ocrx_word' id='word_1_309' title='bbox 1085 2841 1189 2895; x_wconf 83' lang='lat' dir='ltr'><strong>„nisi</strong></span> <span class='ocrx_word' id='word_1_310' title='bbox 1231 2841 1447 2886; x_wconf 78' lang='lat' dir='ltr'><strong>audieritis</strong></span> <span class='ocrx_word' id='word_1_311' title='bbox 1478 2842 1659 2892; x_wconf 85' lang='lat' dir='ltr'><strong>occulta,</strong></span> 
     </span>
    </p>
   </div>
   <div class='ocr_carea' id='block_1_5' title="bbox 324 2744 565 2749">
    <p class='ocr_par' dir='ltr' id='par_1_6' title="bbox 324 2744 565 2749">
     <span class='ocr_line' id='line_1_37' title="bbox 324 2744 565 2749; baseline 0 0"><span class='ocrx_word' id='word_1_312' title='bbox 324 2744 565 2749; x_wconf 95' lang='lat' dir='ltr'><strong> </strong></span> 
     </span>
    </p>
   </div>
  </div>
 </body>
</html>
