1752 3136
245 107 329 151 128
841 106 1061 149 Ome-ms

246 222 390 263 (lulum
420 229 600 271 generat,
633 219 864 261 desecetur.
886 219 928 273 ¹)
987 219 1073 261 Sed
1106 229 1145 259 et
1174 218 1206 259 si
1239 218 1409 259 dentem
1440 220 1556 263 laesit
1587 238 1662 264 au-

245 298 405 348 ditoris,
437 314 522 353 quo
553 295 781 352 suscipiens
812 296 954 337 cibum
986 296 1103 337 verbi
1136 296 1231 344 Dei,
1271 297 1336 337 vel
1367 297 1661 341 comminuere

241 374 307 417 vel
338 373 570 416 molaribus
599 385 734 414 terere
770 373 929 422 solitus¹
961 385 1068 423 erat,
1109 385 1155 414 ut
1193 373 1391 415 subtilem
1434 391 1479 416 ex
1511 375 1574 416 his
1606 376 1659 417 ad

241 465 428 495 ventrem
469 450 633 491 animae
673 449 973 491 transmitteret
1011 466 1202 492 sensum:
1248 450 1281 491 si
1328 452 1442 492 hunc
1488 453 1659 494 dentem

238 533 309 574 ille
338 529 518 577 vexavit,
559 540 598 569 et
635 525 792 575 evellit,
832 538 878 568 ut
921 527 1193 568 contentione
1232 527 1359 583 ipsius
1399 545 1488 570 non
1528 529 1660 585 possit

239 607 377 650 anima
407 603 614 648 subtiliter
644 615 685 645 et
719 603 990 658 spiritualiter
1019 604 1229 658 suscipere
1259 606 1434 647 verbum
1461 605 1558 655 Dei,
1582 622 1658 646 au-

236 688 396 727 feratur
431 684 534 723 dens
566 680 664 737 ejus,
698 681 768 735 qui
798 696 887 720 non
918 681 1027 720 bene
1057 679 1372 735 Scripturarum
1405 682 1657 724 comminuit

237 775 279 804 et
308 760 460 802 attrivit
490 759 618 798 cibos.
682 755 889 797 Fortassis
922 756 1031 798 enim
1073 768 1250 811 propter
1279 758 1362 799 hoc
1393 770 1431 799 et
1461 758 1561 799 alibi
1590 758 1655 799 di-

237 839 345 880 citur
376 854 397 877 a
427 832 644 875 Domino:
684 833 856 881 „dentes
872 831 918 887 ²)
955 844 1231 887 peccatorum
1273 834 1542 876 contrivisti.“
1599 834 1655 875 Et

237 914 338 956 alibi
367 910 645 954 nihilominus
674 909 891 951 scribitur:
930 907 1091 964 ,‚qui3)
1123 910 1354 950 manducat
1382 927 1504 951 uvam
1535 927 1653 952 acer-

233 994 347 1040 bam,
380 990 674 1043 obstupescent
705 988 850 1028 dentes
881 985 1009 1044 ejus.“
1067 986 1122 1027 Et
1152 986 1270 1028 alibi:
1311 988 1471 1037 „molas
1487 985 1532 1041 4)
1561 987 1653 1028 leo-

234 1084 339 1109 num
371 1062 667 1119 confringet5)
699 1063 952 1105 Dominus.“
1020 1063 1090 1105 Sic
1126 1079 1225 1115 ergo
1256 1080 1335 1119 per
1363 1065 1555 1105 membra
1587 1063 1652 1104 di-

235 1145 343 1186 citur
369 1141 481 1184 laedi
512 1141 650 1182 anima
684 1152 723 1182 et
750 1141 938 1196 percuti,
973 1157 1147 1182 manum
1194 1157 1365 1195 quoque
1395 1158 1474 1196 pro
1506 1158 1650 1190 manu,

235 1233 276 1263 et
305 1222 458 1276 pedem
491 1235 571 1273 pro
603 1219 714 1274 pede
745 1215 1063 1273 deposcitur.⁶)
1105 1217 1262 1258 Manus
1285 1228 1344 1258 est
1371 1218 1537 1259 animae
1565 1216 1648 1258 vir-

232 1310 312 1349 tus,
343 1314 427 1354 qua
457 1309 600 1337 tenere
631 1294 815 1350 aliquid,
862 1306 901 1335 et
940 1293 1226 1347 constringere
1262 1306 1422 1349 potest,
1463 1296 1576 1335 velut
1613 1294 1648 1336 si

233 1376 420 1417 dicamus
451 1385 565 1413 actus
597 1369 696 1426 ejus,
729 1383 767 1411 et
795 1371 1029 1412 fortitudo:
1070 1383 1109 1411 et
1148 1388 1241 1427 pes,
1287 1386 1371 1425 quo
1404 1370 1562 1411 incedit
1593 1371 1647 1410 ad

228 1454 358 1501 bona,
387 1450 451 1490 vel
479 1450 602 1489 mala.
664 1447 777 1502 Quia
806 1464 904 1500 ergo
939 1447 973 1489 si
1002 1449 1243 1488 scandalum
1283 1446 1467 1502 patiatur
1494 1447 1646 1496 anima,

229 1546 320 1571 non
350 1527 487 1569 solum
521 1525 565 1565 in
595 1525 692 1574 fide,
723 1526 795 1566 sed
819 1536 856 1565 et
877 1524 921 1564 in
939 1523 1098 1581 actibus
1120 1522 1327 1580 dejicitur,
1353 1522 1425 1579 qui
1448 1539 1526 1579 per
1554 1540 1645 1565 ma-

227 1623 334 1649 num
363 1604 668 1658 significantur:
702 1613 742 1643 et
770 1602 899 1657 pedes
931 1603 1177 1642 auferentur
1204 1600 1328 1650 illius,
1359 1601 1431 1656 qui
1459 1601 1645 1643 offendi-

228 1685 371 1725 culum
402 1679 610 1737 praebuit,
640 1691 680 1720 et
695 1678 738 1735 7)
768 1695 941 1727 manus,
986 1679 1138 1733 quibus
1167 1694 1258 1718 non
1288 1678 1398 1718 bene
1430 1688 1642 1733 operatur,

229 1773 269 1801 et
296 1761 438 1815 pedes,
469 1757 620 1812 quibus
649 1772 740 1796 non
770 1757 880 1796 bene
907 1753 1076 1796 incedit.
1143 1753 1335 1809 Recipiet
1365 1754 1488 1795 etiam
1520 1771 1640 1796 com-

225 1839 448 1878 busturam
485 1849 565 1888 pro
609 1833 901 1881 combustura,
935 1847 1016 1886 qua
1048 1831 1300 1880 combussit,
1341 1842 1381 1871 et
1425 1831 1640 1882 gehennae

224 1911 398 1956 tradidit
429 1909 624 1951 animam.
666 1909 750 1950 Per
772 1924 879 1964 quae
899 1908 1061 1958 singula
1083 1908 1330 1958 ostenditur,
1361 1918 1408 1947 ut
1435 1906 1512 1948 iste
1542 1923 1640 1962 per—

226 2006 370 2033 cussor
401 1987 598 2029 omnibus
629 1985 884 2028 detruncatis
916 1985 1130 2034 membris,
1162 2001 1183 2025 a
1218 2000 1402 2039 corpore
1424 1984 1639 2025 excidatur

224 2068 441 2111 ecclesiae:
471 2076 519 2106 ut
549 2064 697 2112 ceteri,
733 2059 951 2118 inquit,⁸)
996 2061 1183 2102 videntes
1212 2061 1410 2101 timorem
1440 2051 1638 2110 habeant,

223 2159 265 2188 et
291 2161 380 2186 non
411 2141 567 2184 faciant
603 2138 803 2181 similiter.
873 2138 1038 2179 Idcirco
1072 2149 1112 2178 et
1141 2139 1395 2193 Apostolus,
1427 2154 1523 2178 cum
1554 2139 1635 2179 do-

223 2235 384 2265 ctorem
415 2218 614 2261 describit
652 2216 872 2266 ecclesiae,
914 2215 1023 2255 inter
1065 2226 1201 2256 cetera
1241 2213 1506 2270 praecipit9)
1537 2230 1634 2255 eum

219 2318 311 2342 non
342 2315 428 2341 esse
455 2310 771 2353 percussorem,
812 2308 868 2333 ne
899 2291 1136 2348 percutiens
1164 2303 1442 2348 praegnantes
1482 2290 1633 2334 mulie-

339 2431 380 2487 ¹)
411 2431 524 2472 Alias
553 2430 612 2486 (v.
646 2445 676 2468 c.
709 2427 753 2469 in
784 2427 879 2485 edd.
909 2425 1020 2481 M.):
1051 2425 1330 2474 „deseretur.“
1359 2423 1407 2466 R.

332 2501 380 2558 ²)
413 2501 566 2541 Psalm.
597 2498 669 2547 Ill,
700 2499 738 2540 7.
856 2496 902 2547 3)
932 2497 1088 2536 Jerem.
1119 2494 1284 2543 XXXI,
1311 2493 1379 2536 30.

333 2571 380 2626 ¹²)
412 2570 566 2610 Psalm.
595 2567 743 2618 LVIII,
771 2567 809 2609 6.
842 2565 1018 2624 (LVII.)

334 2641 381 2696 ⁵)
415 2640 525 2680 Alias
556 2638 614 2693 (v.
645 2654 676 2677 c.
710 2637 755 2677 in
786 2637 883 2678 edd.
911 2635 1020 2690 BI.):
1050 2632 1322 2687 „consregit.“
1351 2632 1402 2673 R.

331 2710 379 2766 ⁶)
407 2710 517 2750 Edd.
555 2707 615 2748 M.
646 2717 686 2747 et
716 2706 790 2747 R.:
822 2706 1130 2761 „deposcitur.“

333 2780 378 2836 ⁷)
405 2779 537 2819 Deest
567 2781 658 2826 „et“
686 2775 730 2816 in
762 2776 856 2818 edd.
888 2776 951 2818 M.
1068 2773 1114 2831 ⁸)
1145 2773 1272 2816 Deut.
1300 2772 1420 2824 XIX,
1447 2774 1514 2816 20.

331 2850 377 2906 ⁹)
409 2849 495 2892 Cfr.
525 2847 544 2887 Ῑ
576 2846 686 2888 Τίωζ
716 2845 791 2897 III,
821 2846 879 2890 ὃν
