1752 3136
223 107 305 153 186
823 108 1045 150 ornemus

220 219 374 262 dicitur
404 232 444 262 et
472 231 631 263 castum
661 236 825 262 servare
845 218 1104 277 conjugium.
1154 219 1298 260 Ossert
1323 217 1447 260 etiam
1472 229 1512 260 et
1530 220 1640 261 duos

218 299 362 354 pullos
392 298 714 350 columbarum,
759 314 857 338 cum
903 309 943 338 et
970 298 1060 353 ipse
1095 294 1345 338 intellexerit
1382 294 1641 353 mysterium,

219 392 305 431 quo
337 375 451 416 oculi
470 375 511 431 ¹)
540 390 722 431 sponsae
751 374 857 416 sicut
887 375 1114 415 columbae
1143 372 1342 414 dicuntur
1371 374 1426 414 ad
1456 371 1640 428 plenitu-

219 453 338 495 dines
369 470 590 509 aquarum,
619 464 659 494 et
688 452 849 494 collum
880 450 967 507 ejus
1006 451 1114 492 sicut
1151 449 1336 491 turturis.
1395 450 1511 491 Haec
1542 463 1642 500 ergo

218 541 316 570 suut
345 529 541 580 hominis,
568 530 805 571 secundum
835 530 953 584 quod
983 546 1108 584 supra
1139 529 1422 583 exposuimus,
1452 541 1645 567 munera.

218 606 399 647 Animae
429 619 568 649 autem
598 622 789 655 munera,
818 606 946 658 longe
974 605 1175 647 iuferiora
1208 603 1418 646 describit.
1487 602 1643 644 Anima

217 683 322 725 haec
350 700 489 740 neque
517 683 694 724 vitulum
733 683 881 732 habet,
913 699 1053 738 neque
1082 699 1227 730 ovem,
1264 697 1403 737 neque
1440 680 1645 729 hoedum,

216 776 346 815 quem
375 762 528 801 offerat
554 760 677 799 Deo:
705 758 780 799 sed
810 773 864 798 ne
894 775 973 814 par
989 757 1161 813 quidem
1188 769 1413 808 turturum,
1442 770 1513 799 aut
1537 758 1646 798 duos

216 838 359 892 pullos
387 835 546 877 invenit
574 835 886 876 columbarum.
960 833 1153 876 Similam
1191 845 1353 875 tantum
1397 836 1548 884 habet,
1596 850 1644 875 ex

217 913 307 968 ipsa
337 929 469 968 panes
499 928 667 970 azymos
697 912 825 953 offert
854 929 876 952 a
908 911 1108 960 clibano,
1151 926 1199 950 ex
1237 909 1327 964 ipsa
1366 909 1410 950 in
1439 910 1646 962 sartagine

220 1006 327 1044 opus
357 991 539 1039 factum,
566 989 632 1031 vel
662 989 706 1030 in
744 988 944 1030 craticula
986 988 1083 1028 oleo
1126 986 1395 1043 permixtum.
1460 985 1646 1040 Und02)

217 1066 383 1108 videtur
411 1066 514 1107 mihi
543 1067 669 1115 haec,
710 1082 818 1121 quae
857 1065 997 1106 anima
1029 1064 1240 1120 appellata
1273 1076 1353 1113 est,
1396 1063 1529 1104 homo
1560 1063 1645 1113 ille,

220 1160 348 1199 quem
378 1143 535 1185 Paulus
571 1142 798 1185 animalem
841 1141 1060 1184 hominem
1091 1140 1296 1191 nominat,
1324 1141 1645 1194 intelligendus:

219 1220 292 1276 qui
322 1220 446 1263 etiam
473 1220 506 1261 si
535 1220 718 1276 peccatis
756 1237 847 1261 non
877 1230 1099 1271 urgeatur,
1144 1234 1222 1258 nec
1260 1219 1311 1260 sit
1349 1235 1553 1274 praeceps
1590 1220 1645 1259 ad

215 1297 327 1347 vitia,
356 1315 447 1339 non
480 1309 621 1339 tamen
651 1298 779 1338 habet
817 1296 977 1352 aliquid
1018 1295 1062 1336 in
1091 1312 1134 1336 se
1163 1294 1406 1351 spirituale,
1446 1307 1485 1336 et
1526 1297 1645 1350 quod

213 1374 446 1425 figuraliter
475 1390 620 1415 carnes
651 1373 767 1414 verbi
796 1372 881 1414 Dei
911 1384 1173 1428 reputentur.
1242 1373 1312 1414 Sic
1352 1372 1464 1413 enim
1494 1371 1646 1428 ipse³)

218 1451 272 1492 de
321 1468 370 1491 eo
408 1450 566 1492 Paulus
605 1452 838 1506 Apostolus
868 1449 1004 1499 ,dicit‚
1044 1449 1143 1504 quia
1192 1447 1472 1500 „aniu1alis⁴)
1511 1449 1644 1488 homo

216 1545 307 1568 non
336 1527 518 1584 percipit
547 1544 616 1576 ea,
649 1544 757 1583 quae
801 1538 900 1568 sunt
935 1525 1105 1582 spiritus
1134 1525 1230 1567 Dei.
1300 1525 1488 1566 Stultitia
1533 1524 1645 1565 enim

218 1617 277 1646 est
305 1604 379 1656 illi,
411 1616 449 1646 et
477 1621 568 1646 non
597 1615 738 1661 potest
766 1603 1023 1656 intelligere,
1059 1601 1157 1658 quia
1185 1601 1458 1658 spiritualiter
1488 1599 1645 1658 dijudi-

218 1693 350 1723 catur.
409 1681 650 1737 Spiritualis
679 1692 820 1723 autem
851 1680 1061 1722 examinat
1092 1679 1278 1720 omnia.“
1323 1680 1406 1720 Iste
1429 1694 1542 1730 ergo,
1574 1678 1647 1735 qui

219 1758 361 1799 anima
390 1757 650 1807 nominatur,
678 1774 769 1798 non
798 1768 939 1812 potest
968 1758 1126 1797 offerre
1157 1756 1322 1804 omnia,
1361 1755 1459 1810 quia
1492 1755 1647 1796 exami-

217 1851 321 1876 nare
349 1850 439 1875 non
468 1845 609 1889 potest
639 1834 808 1876 omnia:
839 1834 912 1874 sed
945 1835 1073 1874 offert
1100 1833 1236 1874 solam
1265 1831 1470 1881 similam,
1501 1843 1541 1872 et
1569 1848 1647 1888 pa-

216 1927 292 1953 nes
321 1927 511 1969 azymos,
547 1910 593 1952 id
623 1924 694 1963 est,
728 1926 1002 1953 communem
1031 1910 1140 1950 hanc
1167 1909 1317 1959 vitam,
1355 1908 1473 1950 verbi
1502 1908 1648 1961 gratia,

216 1990 262 2031 in
291 1989 558 2041 agricultura,
589 1987 733 2029 autin
764 1988 1027 2041 navigand0‚
1075 1997 1146 2028 aut
1191 1985 1236 2027 in
1276 1985 1487 2042 aliquibus
1526 2002 1645 2027 com-

216 2066 359 2107 munis
387 2066 493 2107 vitae
521 2066 664 2108 usibus
693 2065 895 2121 positam:
914 2064 958 2119 ⁵)
1001 2065 1128 2104 offert
1166 2074 1307 2104 tamen
1340 2063 1465 2104 etiam
1495 2063 1645 2119 ipse⁶)

216 2161 372 2184 munus
402 2144 515 2194 Deo,
541 2145 640 2186 licet
666 2144 804 2185 solam
835 2142 1016 2184 similam
1048 2142 1214 2182 dicatur
1234 2142 1393 2182 offerre
1422 2142 1519 2182 oleo
1550 2152 1645 2183 tan-

217 2232 309 2261 tum
341 2237 625 2278 conspersam.
699 2220 852 2263 Omnis
891 2218 1004 2261 enim
1045 2217 1185 2259 anima
1219 2230 1309 2269 eget
1349 2219 1447 2260 oleo
1479 2217 1647 2259 divinae

220 2297 555 2350 misericordiae,
579 2314 658 2340 nec
675 2308 939 2355 praesentem
958 2297 1084 2337 vitam
1109 2296 1285 2337 evadere
1308 2294 1518 2351 quispiam
1547 2305 1646 2351 pot-

339 2458 384 2514 ¹)
416 2458 503 2502 Cfr.
536 2458 698 2502 CantIc.
728 2458 778 2509 V,
806 2459 871 2501 12.
899 2481 955 2489 -—
985 2457 1079 2506 VII,
1109 2456 1148 2499 4.
1179 2458 1275 2498 coll.
1304 2455 1335 2505 I,
1367 2455 1432 2497 10.

336 2529 382 2584 ²)
411 2532 544 2571 Deest
571 2529 756 2579 „Unde“
786 2528 831 2570 in
860 2540 980 2570 antea
1013 2526 1132 2569 editis
1157 2528 1214 2582 (v.
1248 2543 1282 2567 c.
1314 2526 1410 2569 edd.
1440 2523 1542 2581 M),
1570 2525 1645 2566 sed

223 2597 350 2627 exstat
379 2587 423 2627 in
457 2586 566 2627 Cod.
597 2584 962 2638 Sangernmnensi.
992 2585 1043 2625 R.

334 2655 380 2709 3)
413 2654 523 2697 Edd.
554 2655 751 2698 Merlini:
784 2658 837 2699 de
868 2674 918 2699 eo
948 2655 1052 2711 ipse.

339 2723 384 2779 4)
414 2725 432 2764 I
464 2724 565 2766 Cor.
595 2724 647 2774 II,
677 2726 742 2767 14.
773 2727 838 2768 15.
959 2726 1004 2780 ⁵)
1034 2725 1144 2765 Edd.
1177 2722 1370 2764 Merlini:
1400 2721 1551 2778 posita.

337 2792 384 2849 6>
417 2793 525 2835 Cod.
557 2795 948 2845 sangermanensis:
979 2797 1093 2851 „ipse
1123 2798 1319 2835 munus.“
1374 2791 1492 2833 Libri
1521 2789 1644 2831 editi:

220 2852 336 2909 „ipsa
366 2852 591 2893 mundus.“
619 2850 747 2895 Male.
776 2853 830 2896 R.
863 2878 913 2886 —
945 2852 1055 2896 Edd.
1087 2849 1283 2894 Merlini:
1313 2849 1405 2906 ipsa
1433 2864 1600 2891 munus.
