1752 3136
220 102 305 143 120
815 98 1036 142 Omexzms

221 226 456 262 conserves,
486 211 644 252 habere
673 221 796 268 potes
827 225 867 255 et
895 229 1149 254 nemorosae
1180 228 1228 253 ac
1248 213 1485 254 frondentis
1517 215 1644 255 arbo-

221 289 279 331 ris
308 306 464 339 ramos,
497 304 604 344 quae
636 301 695 331 est
725 302 893 341 aeterna
935 302 974 332 et
1003 291 1124 331 beata
1155 290 1259 338 vita,
1290 307 1387 331 cum
1418 301 1459 331 te
1489 291 1645 332 Domi-

221 383 302 409 nus
330 367 375 408 in
414 368 513 408 loco
554 365 677 408 viridi
715 366 990 409 collocaverit
1028 384 1155 423 super
1195 383 1349 422 aquam
1392 367 1647 417 refectionis,

221 460 302 499 per
333 443 549 488 Christum
579 443 726 486 Jesum
757 443 997 486 Dominum
1029 456 1237 494 nostrum,
1269 445 1336 486 cui
1367 457 1427 486 est
1445 446 1576 497 gloria
1610 455 1648 486 et

223 520 452 577 imperium
480 520 524 563 in
553 521 719 563 saecula
748 521 1027 563 saeculorum.
1091 524 1238 564 Amen.

590 830 1144 879 HOMILIA
1220 832 1289 880 X.

252 953 321 994 De
360 951 538 994 muliere
576 964 859 1009 praegnante,
895 968 1006 1010 quae
1036 954 1205 995 duobus
1236 953 1331 995 viris
1362 953 1621 1006 litigantibus

810 1029 1067 1072 abortiverit.

339 1130 378 1171 1.
407 1126 632 1183 „Quod¹)
674 1128 709 1169 si
748 1127 973 1181 litigabunt
1008 1129 1095 1169 duo
1137 1127 1233 1178 viri,
1283 1140 1323 1169 et
1367 1129 1651 1185 percusserint

223 1206 447 1248 mulierem
477 1215 793 1262 praegnantem,
824 1216 864 1246 et
895 1204 1037 1247 exierit
1065 1205 1203 1246 infans
1233 1204 1320 1262 ejus
1342 1208 1538 1248 nondum
1561 1208 1651 1248 sor-

222 1294 374 1332 matus,
404 1282 705 1324 detrimentum
736 1282 938 1339 patietur,
984 1294 1189 1338 quantum
1228 1282 1426 1324 indixerit
1463 1285 1526 1325 vir
1555 1301 1651 1325 mu—

221 1358 349 1409 lieris,
380 1370 420 1400 et
454 1359 573 1400 dabit
604 1376 700 1400 cum
739 1359 919 1400 honore.
1010 1358 1142 1413 Quod
1183 1359 1217 1400 si
1258 1360 1468 1403 formatus
1509 1361 1649 1413 suerit,

223 1435 343 1476 dabit
372 1435 558 1477 animam
587 1452 668 1491 pro
701 1435 855 1486 anima,
886 1435 1060 1477 oculum
1084 1452 1166 1491 pro
1191 1435 1335 1486 oculo,
1367 1438 1535 1477 dentem
1567 1454 1648 1493 pro

221 1514 361 1563 dente,
389 1529 564 1554 manum
594 1529 675 1568 pro
705 1528 850 1562 manu,
881 1513 1036 1568 pedem
1066 1528 1146 1568 pro
1176 1514 1299 1568 pede,
1331 1513 1653 1555 combusturam

219 1607 304 1646 pro
339 1592 623 1640 combustura,
653 1591 804 1633 vulnus
833 1606 914 1645 pro
946 1591 1133 1639 vulnere,
1162 1589 1335 1631 livorem
1367 1606 1448 1645 pro
1478 1589 1651 1632 livore.“

219 1665 371 1708 Primo
405 1669 601 1708 omnium
631 1666 676 1707 in
706 1667 769 1709 his
799 1666 1106 1722 requirendum
1146 1682 1231 1708 esse
1267 1678 1401 1722 puto,
1450 1668 1528 1709 sub
1563 1685 1648 1724 quo

221 1743 323 1796 legis
353 1744 477 1786 titulo
509 1743 759 1800 hujusmodi
795 1754 949 1785 statuta
989 1753 1224 1787 censentur.
1290 1747 1390 1786 Non
1423 1744 1558 1796 enim,
1601 1757 1650 1787 ut

221 1820 552 1876 simplicioribus
586 1820 773 1870 videtur,
814 1831 990 1869 cuncta,
1021 1836 1129 1876 quae
1158 1831 1417 1870 statuuntur,
1445 1822 1511 1862 lex
1543 1821 1647 1864 dici-

221 1908 312 1947 tur,
341 1898 416 1938 sed
447 1898 654 1953 quaedam
698 1897 871 1951 quidem
903 1898 989 1948 lex,
1022 1897 1231 1952 quaedam
1260 1896 1522 1948 testimonia,
1567 1899 1649 1940 alia

221 1976 423 2015 mandata
455 1986 493 2015 et
522 1973 713 2032 justitiae,
744 1973 951 2029 quaedam
984 1973 1140 2030 judicia
1172 1974 1454 2029 appellantur.
1514 1973 1647 2028 Quod

223 2051 455 2092 evidentius
493 2050 537 2091 in
582 2068 717 2091 unum
756 2051 1005 2101 collectum,
1057 2063 1225 2093 octavus
1266 2050 1455 2092 decimus
1495 2052 1649 2093 edocet

220 2127 430 2177 Psalmus,
461 2144 559 2169 cum
582 2127 704 2169 dicit:
735 2127 887 2181 ‚‚lex²)
912 2127 1093 2168 Domini
1114 2126 1507 2183 irreprehensibilis,
1540 2144 1646 2169 con-

221 2216 387 2246 vertens
429 2205 613 2247 animas:
659 2203 948 2246 testimonium
987 2203 1169 2244 Domini
1209 2204 1359 2254 fidele,
1397 2205 1646 2260 sapientiam

218 2293 438 2338 praestans
465 2281 664 2338 parvulis.
717 2280 915 2323 Justitiae
954 2280 1134 2322 Domini
1175 2294 1334 2331 rectae,
1374 2281 1645 2324 laetificantes

221 2359 375 2409 corda,
422 2371 696 2416 praeceptum
736 2358 919 2399 Domini
967 2357 1158 2398 lucidum
1192 2356 1436 2399 illuminans
1483 2359 1644 2400 oculos.

221 2434 375 2477 Timor
412 2436 596 2476 Domini
641 2447 809 2478 sanctus
845 2451 1099 2491 permanens
1138 2433 1183 2475 in
1219 2434 1435 2475 saeculum
1472 2434 1642 2485 saeculi,

218 2511 377 2569 judicia
419 2512 598 2554 Domini
639 2529 757 2562 vera,
799 2511 1023 2567 justificata
1066 2512 1108 2552 in
1148 2522 1279 2553 semet
1317 2511 1447 2566 ipsa.“
1530 2510 1640 2552 Cum

216 2605 316 2643 ergo
348 2589 450 2630 istae
480 2590 734 2631 diversitates
771 2605 944 2639 eorum,
988 2605 1096 2644 quae
1135 2589 1178 2630 in
1218 2590 1308 2642 lege
1346 2599 1496 2630 statuta
1532 2600 1641 2638 sunt,

339 2764 381 2820 ¹)
412 2765 550 2806 Exod.
580 2765 699 2816 XXI,
730 2767 932 2808 22-25.

335 2835 382 2891 2)
415 2835 567 2877 Psalm.
599 2835 717 2887 XIX,
748 2836 784 2879 7.
815 2836 852 2878 8.
886 2837 924 2879 9.
957 2832 1160 2894 (xvfll.)
