1752 3136
200 133 286 179 208
801 129 1023 176 Omcnms

201 263 294 289 non
324 244 516 303 quiveris,
546 244 646 287 audi
675 243 779 301 quid
807 244 908 298 legis
939 245 1048 287 ordo
1078 241 1331 300 praecipiat:
1368 240 1427 292 „si
1446 241 1489 298 ¹)
1527 259 1627 300 pec-

203 324 370 374 caverit,
399 322 550 378 inquit,
580 339 716 364 unum
746 322 908 378 aliquid
927 323 980 363 de
1000 320 1096 370 istis,
1127 317 1377 376 pronuntiet
1391 331 1630 374 peccatum,

203 402 322 457 quod
352 399 579 456 peccavit.“
634 398 711 440 Est
741 398 916 455 aliquod
936 399 982 453 ²)
1013 397 1058 439 in
1089 398 1172 438 hoc
1193 394 1389 437 mirabile
1408 407 1628 446 secretum,

140 488 143 494 '
203 478 321 533 quod
356 475 475 534 jubet
503 475 784 532 pronuntiare
813 487 1049 532 peccatum.
1124 473 1295 515 Etenim
1327 470 1446 513 omni
1477 487 1631 524 genere
1663 487 1665 489 ’

200 553 520 610 pronuntianda
559 563 679 603 sunt,
734 564 774 594 et
818 552 863 593 in
901 551 1123 607 publicum
1164 549 1424 606 proferenda
1477 560 1629 590 cuncta

202 630 372 688 quae3)
404 630 598 681 gerimus.
667 629 772 684 Si4)
807 629 908 685 quid
940 629 983 670 in
1017 629 1185 669 occulto
1218 625 1420 679 gerimus,
1460 625 1493 667 si
1525 624 1629 680 quid

201 708 247 750 in
285 723 481 749 sermone
522 708 641 755 solo,
695 705 760 745 vel
810 706 935 746 etiam
976 704 1086 745 intra
1128 702 1431 755 cogitationum
1470 716 1629 745 secreta

201 783 503 830 commisimus,
536 793 685 822 cuncta
716 796 882 823 necesse
913 791 973 822 est
991 780 1215 835 publicari,
1245 792 1394 821 cuncta
1419 781 1627 835 proferri:

200 860 384 919 proferri
415 869 556 900 autem
588 859 641 898 ab
673 857 764 907 illo,
795 856 868 913 qui
899 868 938 898 et
958 866 1178 897 accusator
1197 856 1360 910 peccati
1391 868 1461 906 est,
1493 869 1533 897 et
1561 858 1628 898 in-
1669 903 1672 906 Δ

202 949 359 980 centor.
415 935 511 991 Ipse
541 934 654 975 enim
683 950 798 975 nunc
827 950 905 976 nos
945 944 993 974 ut
1031 948 1279 989 peccemus,
1322 931 1506 984 instigat,
1535 932 1627 988 ipse

200 1016 328 1057 etiam
359 1030 456 1055 cum
486 1010 814 1068 peccaverimus,
845 1021 1023 1052 accusat.
1093 1008 1139 1050 Si
1179 1025 1276 1061 ergo
1309 1007 1353 1048 in
1394 1007 1475 1049 vita
1505 1025 1630 1064 prae-

198 1092 415 1134 veniamus
445 1105 558 1139 eum,
591 1098 631 1130 et
659 1087 740 1143 ipsi
769 1087 906 1130 nostri
936 1097 1198 1128 accusatores
1223 1084 1367 1136 simus,
1396 1086 1629 1141 nequitiam

202 1169 365 1212 diaboli
394 1165 554 1208 inimici
581 1164 714 1206 nostri
745 1175 784 1205 et
812 1162 1064 1206 accusatoris
1105 1163 1340 1214 effugimus.
1410 1162 1482 1204 Sic
1514 1163 1627 1204 enim

202 1259 243 1289 et
272 1244 373 1288 alibi
402 1243 613 1301 propheta
645 1241 766 1282 dicit:
797 1240 955 1296 ‚‚dic⁵)
985 1252 1044 1290 tu,
1074 1238 1233 1294 inquit,
1263 1238 1504 1295 iniquitates
1534 1251 1627 1282 tuas

200 1323 343 1381 prior,
372 1333 418 1363 ut
446 1318 725 1379 justificeris.“
810 1318 971 1359 Nonne
1009 1315 1226 1358 evidenter
1263 1317 1533 1374 mysterium,
1573 1318 1626 1358 de

202 1417 288 1457 quo
318 1409 558 1446 tractamus,
588 1394 782 1443 ostendit,
813 1410 911 1435 cum
929 1393 1051 1436 dicit:
1085 1394 1151 1434 dic
1174 1404 1220 1433 tu
1240 1392 1391 1448 prior?
1420 1404 1466 1433 ut
1486 1404 1625 1434 osten-

202 1479 275 1519 dat
301 1474 392 1526 tibi,
424 1474 523 1530 quia
553 1470 802 1529 praevenire
831 1470 954 1511 illum
986 1471 1151 1518 debeas,
1183 1468 1256 1524 qui
1284 1481 1456 1525 paratus
1484 1481 1543 1510 est
1572 1471 1627 1511 ad

201 1552 499 1596 accusandum.
561 1548 630 1589 Tu
662 1563 776 1600 ergo,
806 1547 958 1604 inquit,
988 1546 1055 1588 dic
1087 1547 1219 1603 prior,
1249 1561 1303 1586 ne
1333 1557 1373 1586 te
1402 1544 1474 1586 ille
1502 1561 1628 1602 prae-

200 1631 360 1674 veniat:
401 1628 501 1684 quia
539 1626 573 1669 si
603 1625 724 1682 prior
753 1624 927 1676 dixeris,
967 1636 1008 1666 et
1043 1623 1298 1666 sacrificium
1341 1622 1628 1678 poenitentiae

202 1707 420 1756 obtuleris,
447 1705 683 1746 secundum
717 1718 792 1752 ea,
818 1718 927 1757 quae
956 1700 998 1742 in
1028 1699 1319 1756 superioribus
1351 1698 1529 1740 diximus
1561 1700 1628 1739 of-

199 1786 390 1834 ferenda,
421 1794 460 1823 et
487 1779 710 1822 tradideris
742 1795 913 1819 carnem
944 1790 1060 1819 tuam
1090 1777 1135 1816 in
1164 1775 1394 1824 interitum,
1424 1787 1472 1816 ut
1499 1774 1625 1830 spiri-

199 1874 266 1905 tus
295 1862 431 1902 salvus
460 1858 536 1899 fiat
562 1857 607 1899 in
639 1857 706 1897 die
735 1853 930 1904 Domini,
961 1854 1126 1895 dicetur
1156 1865 1195 1893 et
1224 1852 1314 1902 tibi,
1347 1851 1444 1908 quia
1473 1868 1624 1908 perce—

199 1939 299 1997 pisti
338 1949 379 1979 et
413 1948 460 1978 tu
495 1935 540 1977 in
578 1933 659 1974 vita
697 1943 768 1974 tua
806 1931 940 1981 mala,
983 1947 1100 1972 nunc
1139 1946 1238 1971 vero
1283 1929 1351 1970 hic
1394 1930 1622 1984 requiesce.

201 2016 290 2058 Sed
320 2026 360 2056 et
386 2011 530 2057 David
560 2011 714 2053 eodem
742 2007 894 2065 spiritu
922 2008 1114 2064 loquitur
1144 2007 1186 2048 in
1207 2005 1397 2055 Psalmis,
1430 2018 1468 2047 et
1500 2006 1623 2047 dicit:

200 2091 491 2148 „iniquitatem
507 2090 552 2143 ⁶)
582 2105 724 2131 meam
753 2097 899 2128 notam
930 2085 1024 2135 feci,
1056 2095 1095 2125 et
1122 2095 1340 2140 peccatum
1359 2099 1502 2123 meum
1532 2098 1625 2123 non

203 2167 423 2225 cooperui.
498 2165 620 2207 Dixi:
657 2162 947 2220 pronuntiabo
1000 2163 1221 2203 adversum
1263 2176 1332 2201 me
1374 2158 1624 2216 injustitiam

200 2262 353 2297 meam,
385 2256 425 2286 et
452 2254 500 2285 tu
530 2241 724 2285 remisisti
752 2240 1012 2298 impietatem
1030 2237 1170 2280 cordis
1199 2238 1326 2280 mei.“
1370 2237 1480 2279 Vide
1510 2252 1625 2289 erge,

321 2434 366 2491 ¹)
398 2433 488 2478 Cfr.
520 2430 647 2479 Levit,
679 2430 732 2483 V,
762 2430 801 2472 4.
830 2430 870 2472 5.

317 2504 364 2559 2)
395 2504 503 2546 Edd.
533 2500 731 2544 Merlini:
763 2500 934 2557 aliquid.

316 2574 365 2631 ³)
395 2573 514 2615 Libri
543 2572 645 2614 editi
675 2570 735 2626 (v.
765 2586 798 2612 c.
823 2572 927 2612 edd.
956 2567 1067 2622 M.):
1106 2580 1240 2622 „quae
1271 2563 1518 2618 egerimus‚“
1547 2566 1620 2606 sed

204 2630 314 2673 Cod.
346 2631 618 2683 Sangerman.
649 2638 698 2669 ut
725 2628 771 2668 in
799 2639 946 2669 nostro
977 2635 1102 2667 textu.
1131 2623 1171 2664 R

320 2698 366 2753 ⁴)
395 2698 664 2740 Libriediti:
704 2696 781 2747 „Si
811 2697 929 2753 quod
964 2720 1017 2728 —
1047 2691 1252 2747 gerimus,
1289 2691 1324 2732 si
1356 2691 1498 2748 quod“
1529 2703 1621 2741 etc„

203 2759 278 2800 sed
318 2756 428 2853 Cpid.
467 2755 741 2807 Sangerman.
783 2754 996 2810 (itemque
1035 2751 1130 2792 edd.
1169 2748 1256 2803 Μ.)
1295 2760 1341 2789 ut
1379 2749 1423 2790 in
1472 2759 1619 2791 nostro

203 2826 328 2856 textu.
400 2844 408 2852 .

322 2882 367 2939 5)
395 2881 520 2926 Jesai.
550 2879 702 2931 XLIII,
727 2880 795 2924 26.
915 2877 961 2932 ⁶)
992 2876 1154 2942 Psalm3
1176 2873 1361 2924 XXXII,
1388 2874 1428 2917 5.
