<?xml version="1.0" encoding="UTF-8"?>
<!DOCTYPE html PUBLIC "-//W3C//DTD XHTML 1.0 Transitional//EN"
    "http://www.w3.org/TR/xhtml1/DTD/xhtml1-transitional.dtd">
<html xmlns="http://www.w3.org/1999/xhtml" xml:lang="en" lang="en">
 <head>
  <title>
</title>
<meta http-equiv="Content-Type" content="text/html;charset=utf-8" />
  <meta name='ocr-system' content='tesseract 3.04.00' />
  <meta name='ocr-capabilities' content='ocr_page ocr_carea ocr_par ocr_line ocrx_word'/>
</head>
<body>
  <div class='ocr_page' id='page_1' title='image "./operaomniaquaegr09orig_0012.png"; bbox 0 0 1768 3107; ppageno 0'>
   <div class='ocr_carea' id='block_1_1' title="bbox 195 76 1193 122">
    <p class='ocr_par' dir='ltr' id='par_1_1' title="bbox 195 76 1193 122">
     <span class='ocr_line' id='line_1_1' title="bbox 195 76 1193 122; baseline -0.002 -1"><span class='ocrx_word' id='word_1_1' title='bbox 195 93 243 121; x_wconf 84' lang='lat' dir='ltr'><strong>v1</strong></span> <span class='ocrx_word' id='word_1_2' title='bbox 632 77 862 120; x_wconf 77' lang='lat' dir='ltr'><strong>Momrum</strong></span> <span class='ocrx_word' id='word_1_3' title='bbox 891 88 938 119; x_wconf 79' lang='lat' dir='ltr'><strong>m</strong></span> <span class='ocrx_word' id='word_1_4' title='bbox 968 76 1193 122; x_wconf 79' lang='lat' dir='ltr'><strong>Exonum.</strong></span> 
     </span>
    </p>
   </div>
   <div class='ocr_carea' id='block_1_2' title="bbox 142 189 1643 1411">
    <p class='ocr_par' dir='ltr' id='par_1_2' title="bbox 142 189 1643 1411">
     <span class='ocr_line' id='line_1_2' title="bbox 193 189 1635 248; baseline 0.001 -15"><span class='ocrx_word' id='word_1_5' title='bbox 193 192 386 248; x_wconf 79' lang='lat' dir='ltr'>pulsatae</span> <span class='ocrx_word' id='word_1_6' title='bbox 403 189 671 246; x_wconf 79' lang='lat' dir='ltr'><strong>quaestiones</strong></span> <span class='ocrx_word' id='word_1_7' title='bbox 694 202 733 232; x_wconf 89' lang='lat' dir='ltr'><strong>et</strong></span> <span class='ocrx_word' id='word_1_8' title='bbox 763 190 935 232; x_wconf 81' lang='lat' dir='ltr'><strong>relictae</strong></span> <span class='ocrx_word' id='word_1_9' title='bbox 957 191 1102 248; x_wconf 84' lang='lat' dir='ltr'><strong>(quod</strong></span> <span class='ocrx_word' id='word_1_10' title='bbox 1122 192 1166 233; x_wconf 87' lang='lat' dir='ltr'><strong>in</strong></span> <span class='ocrx_word' id='word_1_11' title='bbox 1193 190 1441 234; x_wconf 77' lang='lat' dir='ltr'><strong>homiletico</strong></span> <span class='ocrx_word' id='word_1_12' title='bbox 1464 191 1635 234; x_wconf 78' lang='lat' dir='ltr'><strong>dicendi</strong></span> 
     </span>
     <span class='ocr_line' id='line_1_3' title="bbox 142 267 1637 323; baseline 0.001 -13"><span class='ocrx_word' id='word_1_13' title='bbox 142 268 144 271; x_wconf 44' lang='lat'>¹</span> <span class='ocrx_word' id='word_1_14' title='bbox 196 285 351 322; x_wconf 88' lang='lat' dir='ltr'><strong>genere</strong></span> <span class='ocrx_word' id='word_1_15' title='bbox 383 270 436 310; x_wconf 88' lang='lat' dir='ltr'><strong>ab</strong></span> <span class='ocrx_word' id='word_1_16' title='bbox 467 268 543 310; x_wconf 84' lang='lat' dir='ltr'><strong>illo</strong></span> <span class='ocrx_word' id='word_1_17' title='bbox 574 267 667 310; x_wconf 84' lang='lat' dir='ltr'><strong>fieri</strong></span> <span class='ocrx_word' id='word_1_18' title='bbox 699 268 831 323; x_wconf 81' lang='lat' dir='ltr'><strong>solet)</strong></span> <span class='ocrx_word' id='word_1_19' title='bbox 861 269 996 311; x_wconf 87' lang='lat' dir='ltr'><strong>latino</strong></span> <span class='ocrx_word' id='word_1_20' title='bbox 1028 268 1178 312; x_wconf 85' lang='lat' dir='ltr'><strong>lectori</strong></span> <span class='ocrx_word' id='word_1_21' title='bbox 1209 268 1428 311; x_wconf 77' lang='lat' dir='ltr'><strong>fastidium</strong></span> <span class='ocrx_word' id='word_1_22' title='bbox 1459 285 1637 322; x_wconf 83' lang='lat' dir='ltr'><strong>genera-</strong></span> 
     </span>
     <span class='ocr_line' id='line_1_4' title="bbox 196 344 1634 389; baseline 0 -1"><span class='ocrx_word' id='word_1_23' title='bbox 196 351 329 388; x_wconf 81' lang='lat' dir='ltr'><strong>1·ent.“</strong></span> <span class='ocrx_word' id='word_1_24' title='bbox 387 346 453 388; x_wconf 84' lang='lat' dir='ltr'><strong>Ex</strong></span> <span class='ocrx_word' id='word_1_25' title='bbox 485 344 549 388; x_wconf 86' lang='lat' dir='ltr'><strong>his</strong></span> <span class='ocrx_word' id='word_1_26' title='bbox 580 346 812 388; x_wconf 80' lang='lat' dir='ltr'><strong>duodecim</strong></span> <span class='ocrx_word' id='word_1_27' title='bbox 841 358 1010 389; x_wconf 84' lang='lat' dir='ltr'><strong>tantum</strong></span> <span class='ocrx_word' id='word_1_28' title='bbox 1055 358 1370 389; x_wconf 82' lang='lat' dir='ltr'><strong>commemorat</strong></span> <span class='ocrx_word' id='word_1_29' title='bbox 1405 346 1634 388; x_wconf 82' lang='lat' dir='ltr'><strong>Cassiodo-</strong></span> 
     </span>
     <span class='ocr_line' id='line_1_5' title="bbox 197 423 1636 481; baseline -0.001 -16"><span class='ocrx_word' id='word_1_30' title='bbox 197 441 269 465; x_wconf 87' lang='lat' dir='ltr'><strong>rus</strong></span> <span class='ocrx_word' id='word_1_31' title='bbox 301 425 355 465; x_wconf 91' lang='lat' dir='ltr'><strong>de</strong></span> <span class='ocrx_word' id='word_1_32' title='bbox 385 423 518 465; x_wconf 64' lang='lat' dir='ltr'><strong>instit.</strong></span> <span class='ocrx_word' id='word_1_33' title='bbox 549 423 646 464; x_wconf 88' lang='lat' dir='ltr'>Div.</span> <span class='ocrx_word' id='word_1_34' title='bbox 678 423 754 466; x_wconf 79' lang='lat' dir='ltr'><strong>litt.</strong></span> <span class='ocrx_word' id='word_1_35' title='bbox 787 440 876 481; x_wconf 91' lang='lat' dir='ltr'><strong>cap.</strong></span> <span class='ocrx_word' id='word_1_36' title='bbox 909 428 962 475; x_wconf 84' lang='grc'><strong>1.,</strong></span> <span class='ocrx_word' id='word_1_37' title='bbox 991 426 1066 467; x_wconf 88' lang='lat' dir='ltr'><strong>sed</strong></span> <span class='ocrx_word' id='word_1_38' title='bbox 1096 423 1302 466; x_wconf 77' lang='lat' dir='ltr'><strong>tredecim</strong></span> <span class='ocrx_word' id='word_1_39' title='bbox 1321 424 1454 466; x_wconf 86' lang='lat' dir='ltr'><strong>hodie</strong></span> <span class='ocrx_word' id='word_1_40' title='bbox 1484 442 1636 481; x_wconf 82' lang='lat' dir='ltr'><strong>super-</strong></span> 
     </span>
     <span class='ocr_line' id='line_1_6' title="bbox 199 500 1635 557; baseline 0.002 -15"><span class='ocrx_word' id='word_1_41' title='bbox 199 513 311 552; x_wconf 85' lang='lat' dir='ltr'><strong>sunt,</strong></span> <span class='ocrx_word' id='word_1_42' title='bbox 340 517 448 557; x_wconf 89' lang='lat' dir='ltr'><strong>quae</strong></span> <span class='ocrx_word' id='word_1_43' title='bbox 478 517 503 542; x_wconf 85' lang='lat' dir='ltr'><strong>a</strong></span> <span class='ocrx_word' id='word_1_44' title='bbox 531 501 718 551; x_wconf 84' lang='lat' dir='ltr'><strong>nemine,</strong></span> <span class='ocrx_word' id='word_1_45' title='bbox 751 503 869 557; x_wconf 91' lang='lat' dir='ltr'><strong>quod</strong></span> <span class='ocrx_word' id='word_1_46' title='bbox 899 500 1046 552; x_wconf 81' lang='lat' dir='ltr'><strong>sciam,</strong></span> <span class='ocrx_word' id='word_1_47' title='bbox 1077 501 1123 543; x_wconf 83' lang='lat' dir='ltr'><strong>in</strong></span> <span class='ocrx_word' id='word_1_48' title='bbox 1154 500 1336 543; x_wconf 79' lang='lat' dir='ltr'><strong>dubium</strong></span> <span class='ocrx_word' id='word_1_49' title='bbox 1367 514 1635 545; x_wconf 79' lang='lat' dir='ltr'><strong>revocantur.</strong></span> 
     </span>
     <span class='ocr_line' id='line_1_7' title="bbox 200 578 1640 635; baseline -0.001 -15"><span class='ocrx_word' id='word_1_50' title='bbox 200 579 374 635; x_wconf 83' lang='lat' dir='ltr'><strong>Duplex</strong></span> <span class='ocrx_word' id='word_1_51' title='bbox 405 595 452 620; x_wconf 89' lang='lat' dir='ltr'><strong>ex</strong></span> <span class='ocrx_word' id='word_1_52' title='bbox 483 578 661 620; x_wconf 86' lang='lat' dir='ltr'><strong>homilia</strong></span> <span class='ocrx_word' id='word_1_53' title='bbox 693 583 844 621; x_wconf 75' lang='lat' dir='ltr'><strong>octava</strong></span> <span class='ocrx_word' id='word_1_54' title='bbox 873 580 1159 631; x_wconf 80' lang='lat' dir='ltr'><strong>fragmentum</strong></span> <span class='ocrx_word' id='word_1_55' title='bbox 1190 580 1316 620; x_wconf 80' lang='lat' dir='ltr'><strong>affert</strong></span> <span class='ocrx_word' id='word_1_56' title='bbox 1336 578 1469 619; x_wconf 82' lang='lat' dir='ltr'><strong>Jonas</strong></span> <span class='ocrx_word' id='word_1_57' title='bbox 1500 581 1640 620; x_wconf 86' lang='lat' dir='ltr'><strong>Aure-</strong></span> 
     </span>
     <span class='ocr_line' id='line_1_8' title="bbox 200 655 1638 712; baseline 0 -16"><span class='ocrx_word' id='word_1_58' title='bbox 200 655 400 698; x_wconf 85' lang='lat' dir='ltr'><strong>lianensis</strong></span> <span class='ocrx_word' id='word_1_59' title='bbox 432 655 657 712; x_wconf 85' lang='lat' dir='ltr'><strong>episcopus</strong></span> <span class='ocrx_word' id='word_1_60' title='bbox 687 655 759 698; x_wconf 86' lang='lat' dir='ltr'><strong>lib.</strong></span> <span class='ocrx_word' id='word_1_61' title='bbox 790 656 820 697; x_wconf 90' lang='grc' dir='ltr'><strong>Ι.</strong></span> <span class='ocrx_word' id='word_1_62' title='bbox 854 657 907 697; x_wconf 88' lang='lat' dir='ltr'><strong>de</strong></span> <span class='ocrx_word' id='word_1_63' title='bbox 937 655 1209 697; x_wconf 81' lang='lat' dir='ltr'><strong>Institutione</strong></span> <span class='ocrx_word' id='word_1_64' title='bbox 1239 655 1399 698; x_wconf 76' lang='lat' dir='ltr'><strong>Laicali</strong></span> <span class='ocrx_word' id='word_1_65' title='bbox 1432 672 1523 711; x_wconf 87' lang='lat' dir='ltr'><strong>cap.</strong></span> <span class='ocrx_word' id='word_1_66' title='bbox 1556 657 1638 708; x_wconf 65' lang='lat'><strong>19„</strong></span> 
     </span>
     <span class='ocr_line' id='line_1_9' title="bbox 203 732 1639 791; baseline 0 -17"><span class='ocrx_word' id='word_1_67' title='bbox 203 745 243 774; x_wconf 81' lang='lat' dir='ltr'><strong>et</strong></span> <span class='ocrx_word' id='word_1_68' title='bbox 274 732 465 791; x_wconf 85' lang='lat' dir='ltr'><strong>ejusdem</strong></span> <span class='ocrx_word' id='word_1_69' title='bbox 495 733 595 775; x_wconf 84' lang='lat' dir='ltr'>libri</span> <span class='ocrx_word' id='word_1_70' title='bbox 634 751 726 789; x_wconf 87' lang='lat' dir='ltr'><strong>cap.</strong></span> <span class='ocrx_word' id='word_1_71' title='bbox 758 734 824 778; x_wconf 86' lang='lat'><strong>13.</strong></span> <span class='ocrx_word' id='word_1_72' title='bbox 867 734 1046 774; x_wconf 84' lang='lat' dir='ltr'><strong>alterum</strong></span> <span class='ocrx_word' id='word_1_73' title='bbox 1078 732 1247 774; x_wconf 78' lang='lat' dir='ltr'><strong>exhibet</strong></span> <span class='ocrx_word' id='word_1_74' title='bbox 1278 749 1325 773; x_wconf 84' lang='lat' dir='ltr'><strong>ex</strong></span> <span class='ocrx_word' id='word_1_75' title='bbox 1355 732 1531 774; x_wconf 82' lang='lat' dir='ltr'><strong>homilia</strong></span> <span class='ocrx_word' id='word_1_76' title='bbox 1565 735 1639 774; x_wconf 86' lang='lat' dir='ltr'><strong>de-</strong></span> 
     </span>
     <span class='ocr_line' id='line_1_10' title="bbox 204 808 1638 866; baseline -0.001 -15"><span class='ocrx_word' id='word_1_77' title='bbox 204 810 327 852; x_wconf 86' lang='lat' dir='ltr'><strong>cima.</strong></span> <span class='ocrx_word' id='word_1_78' title='bbox 402 811 451 852; x_wconf 87' lang='lat' dir='ltr'><strong>Id</strong></span> <span class='ocrx_word' id='word_1_79' title='bbox 490 827 625 852; x_wconf 88' lang='lat' dir='ltr'><strong>unum</strong></span> <span class='ocrx_word' id='word_1_80' title='bbox 667 822 868 866; x_wconf 83' lang='lat' dir='ltr'><strong>optarent</strong></span> <span class='ocrx_word' id='word_1_81' title='bbox 908 808 1089 859; x_wconf 83' lang='lat' dir='ltr'><strong>eruditi,</strong></span> <span class='ocrx_word' id='word_1_82' title='bbox 1135 821 1183 850; x_wconf 89' lang='lat' dir='ltr'><strong>ut</strong></span> <span class='ocrx_word' id='word_1_83' title='bbox 1211 810 1364 851; x_wconf 82' lang='lat' dir='ltr'><strong>labore</strong></span> <span class='ocrx_word' id='word_1_84' title='bbox 1394 810 1638 865; x_wconf 81' lang='lat' dir='ltr'><strong>supplendi,</strong></span> 
     </span>
     <span class='ocr_line' id='line_1_11' title="bbox 206 886 1638 944; baseline -0.001 -14"><span class='ocrx_word' id='word_1_85' title='bbox 206 905 314 944; x_wconf 87' lang='lat' dir='ltr'><strong>quae</strong></span> <span class='ocrx_word' id='word_1_86' title='bbox 345 889 489 930; x_wconf 83' lang='lat' dir='ltr'><strong>deesse</strong></span> <span class='ocrx_word' id='word_1_87' title='bbox 513 886 789 936; x_wconf 77' lang='lat' dir='ltr'><strong>existimabat,</strong></span> <span class='ocrx_word' id='word_1_88' title='bbox 818 886 1002 927; x_wconf 71' lang='lat' dir='ltr'><strong>Rufinus</strong></span> <span class='ocrx_word' id='word_1_89' title='bbox 1022 886 1336 941; x_wconf 68' lang='lat' dir='ltr'><strong>supersedisset.</strong></span> <span class='ocrx_word' id='word_1_90' title='bbox 1393 887 1503 928; x_wconf 84' lang='lat' dir='ltr'><strong>Cum</strong></span> <span class='ocrx_word' id='word_1_91' title='bbox 1524 888 1638 928; x_wconf 88' lang='lat' dir='ltr'><strong>enim</strong></span> 
     </span>
     <span class='ocr_line' id='line_1_12' title="bbox 203 962 1640 1022; baseline -0.003 -15"><span class='ocrx_word' id='word_1_92' title='bbox 203 965 288 1022; x_wconf 81' lang='lat' dir='ltr'><strong>jam</strong></span> <span class='ocrx_word' id='word_1_93' title='bbox 318 978 454 1008; x_wconf 85' lang='lat' dir='ltr'><strong>textus</strong></span> <span class='ocrx_word' id='word_1_94' title='bbox 486 981 658 1018; x_wconf 80' lang='lat' dir='ltr'><strong>graecus</strong></span> <span class='ocrx_word' id='word_1_95' title='bbox 688 962 878 1021; x_wconf 84' lang='lat' dir='ltr'><strong>perierit,</strong></span> <span class='ocrx_word' id='word_1_96' title='bbox 906 964 970 1006; x_wconf 86' lang='lat' dir='ltr'><strong>vix</strong></span> <span class='ocrx_word' id='word_1_97' title='bbox 1002 974 1118 1004; x_wconf 88' lang='lat' dir='ltr'><strong>certo</strong></span> <span class='ocrx_word' id='word_1_98' title='bbox 1152 963 1350 1017; x_wconf 83' lang='lat' dir='ltr'><strong>distingui</strong></span> <span class='ocrx_word' id='word_1_99' title='bbox 1379 976 1532 1019; x_wconf 88' lang='lat' dir='ltr'><strong>potest,</strong></span> <span class='ocrx_word' id='word_1_100' title='bbox 1565 963 1640 1004; x_wconf 83' lang='lat' dir='ltr'><strong>ubi</strong></span> 
     </span>
     <span class='ocr_line' id='line_1_13' title="bbox 206 1041 1641 1099; baseline -0.001 -14"><span class='ocrx_word' id='word_1_101' title='bbox 206 1044 321 1085; x_wconf 82' lang='lat' dir='ltr'><strong>solus</strong></span> <span class='ocrx_word' id='word_1_102' title='bbox 355 1042 559 1096; x_wconf 76' lang='lat' dir='ltr'><strong>Origenes</strong></span> <span class='ocrx_word' id='word_1_103' title='bbox 589 1044 818 1099; x_wconf 86' lang='lat' dir='ltr'><strong>loquatur,</strong></span> <span class='ocrx_word' id='word_1_104' title='bbox 860 1052 933 1083; x_wconf 84' lang='lat' dir='ltr'><strong>aut</strong></span> <span class='ocrx_word' id='word_1_105' title='bbox 962 1041 1039 1083; x_wconf 87' lang='lat' dir='ltr'><strong>ubi</strong></span> <span class='ocrx_word' id='word_1_106' title='bbox 1081 1058 1176 1083; x_wconf 88' lang='lat' dir='ltr'><strong>suas</strong></span> <span class='ocrx_word' id='word_1_107' title='bbox 1205 1041 1333 1083; x_wconf 84' lang='lat' dir='ltr'><strong>nobis</strong></span> <span class='ocrx_word' id='word_1_108' title='bbox 1363 1059 1526 1083; x_wconf 85' lang='lat' dir='ltr'><strong>merces</strong></span> <span class='ocrx_word' id='word_1_109' title='bbox 1561 1043 1641 1083; x_wconf 89' lang='lat' dir='ltr'><strong>ob—</strong></span> 
     </span>
     <span class='ocr_line' id='line_1_14' title="bbox 206 1119 1643 1176; baseline -0.001 -13"><span class='ocrx_word' id='word_1_110' title='bbox 206 1125 352 1165; x_wconf 84' lang='lat' dir='ltr'><strong>trudat</strong></span> <span class='ocrx_word' id='word_1_111' title='bbox 380 1121 575 1163; x_wconf 83' lang='lat' dir='ltr'><strong>Rufinus.</strong></span> <span class='ocrx_word' id='word_1_112' title='bbox 637 1120 699 1161; x_wconf 86' lang='lat' dir='ltr'><strong>Ut</strong></span> <span class='ocrx_word' id='word_1_113' title='bbox 723 1132 770 1161; x_wconf 90' lang='lat' dir='ltr'><strong>ut</strong></span> <span class='ocrx_word' id='word_1_114' title='bbox 800 1132 881 1169; x_wconf 88' lang='lat' dir='ltr'><strong>est,</strong></span> <span class='ocrx_word' id='word_1_115' title='bbox 921 1136 1020 1161; x_wconf 88' lang='lat' dir='ltr'><strong>cum</strong></span> <span class='ocrx_word' id='word_1_116' title='bbox 1062 1131 1415 1176; x_wconf 84' lang='lat' dir='ltr'><strong>extemporaneae</strong></span> <span class='ocrx_word' id='word_1_117' title='bbox 1446 1119 1530 1161; x_wconf 86' lang='lat' dir='ltr'><strong>sint</strong></span> <span class='ocrx_word' id='word_1_118' title='bbox 1559 1120 1643 1161; x_wconf 74' lang='lat' dir='ltr'><strong>hae</strong></span> 
     </span>
     <span class='ocr_line' id='line_1_15' title="bbox 208 1197 1642 1253; baseline -0.001 -12"><span class='ocrx_word' id='word_1_119' title='bbox 208 1199 434 1249; x_wconf 79' lang='lat' dir='ltr'><strong>homiliae,</strong></span> <span class='ocrx_word' id='word_1_120' title='bbox 473 1215 522 1240; x_wconf 85' lang='lat' dir='ltr'><strong>cx</strong></span> <span class='ocrx_word' id='word_1_121' title='bbox 559 1197 733 1240; x_wconf 79' lang='lat' dir='ltr'><strong>illarum</strong></span> <span class='ocrx_word' id='word_1_122' title='bbox 771 1214 954 1239; x_wconf 89' lang='lat' dir='ltr'><strong>numero</strong></span> <span class='ocrx_word' id='word_1_123' title='bbox 986 1208 1106 1246; x_wconf 82' lang='lat' dir='ltr'><strong>sunt,</strong></span> <span class='ocrx_word' id='word_1_124' title='bbox 1147 1213 1249 1253; x_wconf 87' lang='lat' dir='ltr'><strong>quas</strong></span> <span class='ocrx_word' id='word_1_125' title='bbox 1292 1197 1499 1250; x_wconf 83' lang='lat' dir='ltr'><strong>Origenes</strong></span> <span class='ocrx_word' id='word_1_126' title='bbox 1539 1209 1642 1239; x_wconf 85' lang='lat' dir='ltr'><strong>teste</strong></span> 
     </span>
     <span class='ocr_line' id='line_1_16' title="bbox 208 1272 1639 1332; baseline -0.003 -13"><span class='ocrx_word' id='word_1_127' title='bbox 208 1277 399 1319; x_wconf 86' lang='lat' dir='ltr'><strong>Eusebio</strong></span> <span class='ocrx_word' id='word_1_128' title='bbox 439 1276 513 1318; x_wconf 84' lang='lat' dir='ltr'><strong>lib.</strong></span> <span class='ocrx_word' id='word_1_129' title='bbox 554 1277 628 1323; x_wconf 77' lang='lat' dir='ltr'><strong>VI.</strong></span> <span class='ocrx_word' id='word_1_130' title='bbox 666 1277 815 1318; x_wconf 85' lang='lat' dir='ltr'><strong>histor.</strong></span> <span class='ocrx_word' id='word_1_131' title='bbox 858 1275 974 1317; x_wconf 88' lang='lat' dir='ltr'><strong>Eccl.</strong></span> <span class='ocrx_word' id='word_1_132' title='bbox 1016 1291 1105 1330; x_wconf 87' lang='lat' dir='ltr'><strong>cap.</strong></span> <span class='ocrx_word' id='word_1_133' title='bbox 1135 1275 1203 1318; x_wconf 83' lang='lat'><strong>36.</strong></span> <span class='ocrx_word' id='word_1_134' title='bbox 1243 1272 1329 1332; x_wconf 86' lang='lat' dir='ltr'><strong>jam</strong></span> <span class='ocrx_word' id='word_1_135' title='bbox 1370 1274 1639 1328; x_wconf 85' lang='lat' dir='ltr'><strong>sexagenario</strong></span> 
     </span>
     <span class='ocr_line' id='line_1_17' title="bbox 207 1351 1641 1411; baseline -0.001 -16"><span class='ocrx_word' id='word_1_136' title='bbox 207 1353 349 1411; x_wconf 85' lang='lat' dir='ltr'><strong>major</strong></span> <span class='ocrx_word' id='word_1_137' title='bbox 378 1371 401 1395; x_wconf 87' lang='lat' dir='ltr'><strong>a</strong></span> <span class='ocrx_word' id='word_1_138' title='bbox 429 1353 617 1395; x_wconf 85' lang='lat' dir='ltr'><strong>Notariis</strong></span> <span class='ocrx_word' id='word_1_139' title='bbox 648 1351 783 1409; x_wconf 81' lang='lat' dir='ltr'><strong>excipi</strong></span> <span class='ocrx_word' id='word_1_140' title='bbox 811 1351 1026 1408; x_wconf 85' lang='lat' dir='ltr'><strong>permisit,</strong></span> <span class='ocrx_word' id='word_1_141' title='bbox 1052 1368 1150 1393; x_wconf 88' lang='lat' dir='ltr'><strong>cum</strong></span> <span class='ocrx_word' id='word_1_142' title='bbox 1180 1352 1225 1393; x_wconf 85' lang='lat' dir='ltr'><strong>id</strong></span> <span class='ocrx_word' id='word_1_143' title='bbox 1255 1364 1378 1393; x_wconf 83' lang='lat' dir='ltr'><strong>antea</strong></span> <span class='ocrx_word' id='word_1_144' title='bbox 1408 1352 1499 1395; x_wconf 82' lang='lat' dir='ltr'><strong>fieri</strong></span> <span class='ocrx_word' id='word_1_145' title='bbox 1528 1369 1641 1394; x_wconf 89' lang='lat' dir='ltr'><strong>nun—</strong></span> 
     </span>
    </p>
   </div>
   <div class='ocr_carea' id='block_1_3' title="bbox 210 1429 1640 1565">
    <p class='ocr_par' dir='ltr' id='par_1_3' title="bbox 210 1429 1640 1565">
     <span class='ocr_line' id='line_1_18' title="bbox 211 1429 1640 1488; baseline 0 -16"><span class='ocrx_word' id='word_1_146' title='bbox 211 1449 340 1487; x_wconf 84' lang='lat' dir='ltr'><strong>quam</strong></span> <span class='ocrx_word' id='word_1_147' title='bbox 358 1432 648 1474; x_wconf 84' lang='lat' dir='ltr'><strong>concessisset:</strong></span> <span class='ocrx_word' id='word_1_148' title='bbox 663 1429 935 1488; x_wconf 83' lang='lat' dir='ltr'><strong>proindeque</strong></span> <span class='ocrx_word' id='word_1_149' title='bbox 955 1440 1054 1487; x_wconf 87' lang='lat' dir='ltr'><strong>post</strong></span> <span class='ocrx_word' id='word_1_150' title='bbox 1069 1446 1230 1472; x_wconf 86' lang='lat' dir='ltr'><strong>annum</strong></span> <span class='ocrx_word' id='word_1_151' title='bbox 1255 1430 1412 1472; x_wconf 84' lang='lat' dir='ltr'><strong>Christi</strong></span> <span class='ocrx_word' id='word_1_152' title='bbox 1432 1430 1640 1474; x_wconf 88' lang='lat' dir='ltr'>CCXLV.</span> 
     </span>
     <span class='ocr_line' id='line_1_19' title="bbox 210 1508 583 1565; baseline 0.003 -15"><span class='ocrx_word' id='word_1_153' title='bbox 210 1508 380 1551; x_wconf 77' lang='lat' dir='ltr'><strong>habitae</strong></span> <span class='ocrx_word' id='word_1_154' title='bbox 409 1521 518 1552; x_wconf 84' lang='lat' dir='ltr'><strong>sunt.</strong></span> <span class='ocrx_word' id='word_1_155' title='bbox 540 1509 583 1565; x_wconf 86' lang='lat'><strong>¹)</strong></span> 
     </span>
    </p>
   </div>
   <div class='ocr_carea' id='block_1_4' title="bbox 336 1660 1233 1720">
    <p class='ocr_par' dir='ltr' id='par_1_4' title="bbox 336 1660 1233 1720">
     <span class='ocr_line' id='line_1_20' title="bbox 336 1660 1233 1720; baseline -0.001 -17"><span class='ocrx_word' id='word_1_156' title='bbox 336 1663 378 1720; x_wconf 81' lang='lat'><strong>¹)</strong></span> <span class='ocrx_word' id='word_1_157' title='bbox 413 1661 501 1705; x_wconf 84' lang='lat' dir='ltr'><strong>Cfr.</strong></span> <span class='ocrx_word' id='word_1_158' title='bbox 533 1662 588 1703; x_wconf 91' lang='lat' dir='ltr'><strong>de</strong></span> <span class='ocrx_word' id='word_1_159' title='bbox 617 1660 760 1703; x_wconf 86' lang='lat' dir='ltr'><strong>indice</strong></span> <span class='ocrx_word' id='word_1_160' title='bbox 791 1661 989 1703; x_wconf 89' lang='lat' dir='ltr'><strong>locorum</strong></span> <span class='ocrx_word' id='word_1_161' title='bbox 1021 1661 1148 1706; x_wconf 88' lang='lat' dir='ltr'><strong>Tom.</strong></span> <span class='ocrx_word' id='word_1_162' title='bbox 1178 1661 1233 1702; x_wconf 79' lang='lat' dir='ltr'><strong>X.</strong></span> 
     </span>
    </p>
   </div>
  </div>
 </body>
</html>
