<?xml version="1.0" encoding="UTF-8"?>
<!DOCTYPE html PUBLIC "-//W3C//DTD XHTML 1.0 Transitional//EN"
    "http://www.w3.org/TR/xhtml1/DTD/xhtml1-transitional.dtd">
<html xmlns="http://www.w3.org/1999/xhtml" xml:lang="en" lang="en">
 <head>
  <title>
</title>
<meta http-equiv="Content-Type" content="text/html;charset=utf-8" />
  <meta name='ocr-system' content='tesseract 3.04.00' />
  <meta name='ocr-capabilities' content='ocr_page ocr_carea ocr_par ocr_line ocrx_word'/>
</head>
<body>
  <div class='ocr_page' id='page_1' title='image "./operaomniaquaegr09orig_0291.png"; bbox 0 0 1752 3136; ppageno 0'>
   <div class='ocr_carea' id='block_1_1' title="bbox 495 63 1541 113">
    <p class='ocr_par' dir='ltr' id='par_1_1' title="bbox 495 63 1541 113">
     <span class='ocr_line' id='line_1_1' title="bbox 495 63 1541 113; baseline 0.007 -7"><span class='ocrx_word' id='word_1_1' title='bbox 495 78 542 106; x_wconf 76' lang='lat' dir='ltr'><strong>m</strong></span> <span class='ocrx_word' id='word_1_2' title='bbox 574 65 832 106; x_wconf 77' lang='lat' dir='ltr'><strong>LEvrricuM</strong></span> <span class='ocrx_word' id='word_1_3' title='bbox 851 63 1061 107; x_wconf 76' lang='grc' dir='ltr'><strong><em>ΗοΜιιιΑ</em></strong></span> <span class='ocrx_word' id='word_1_4' title='bbox 1083 65 1154 108; x_wconf 88' lang='lat' dir='ltr'><strong>VI.</strong></span> <span class='ocrx_word' id='word_1_5' title='bbox 1455 70 1541 113; x_wconf 74' lang='lat'><strong>279</strong></span> 
     </span>
    </p>
   </div>
   <div class='ocr_carea' id='block_1_2' title="bbox 78 175 1540 2388">
    <p class='ocr_par' dir='ltr' id='par_1_2' title="bbox 89 175 1540 1306">
     <span class='ocr_line' id='line_1_2' title="bbox 114 175 1539 234; baseline 0.003 -16"><span class='ocrx_word' id='word_1_6' title='bbox 114 190 235 234; x_wconf 78' lang='lat' dir='ltr'><strong>potu,</strong></span> <span class='ocrx_word' id='word_1_7' title='bbox 266 189 338 219; x_wconf 87' lang='lat' dir='ltr'><strong>aut</strong></span> <span class='ocrx_word' id='word_1_8' title='bbox 367 177 410 218; x_wconf 90' lang='lat' dir='ltr'><strong>in</strong></span> <span class='ocrx_word' id='word_1_9' title='bbox 440 188 561 232; x_wconf 81' lang='lat' dir='ltr'><strong>parte</strong></span> <span class='ocrx_word' id='word_1_10' title='bbox 592 175 674 216; x_wconf 88' lang='lat' dir='ltr'><strong>diei</strong></span> <span class='ocrx_word' id='word_1_11' title='bbox 705 175 813 224; x_wconf 81' lang='lat' dir='ltr'><strong>sesti,</strong></span> <span class='ocrx_word' id='word_1_12' title='bbox 843 187 916 215; x_wconf 81' lang='lat' dir='ltr'><strong>aut</strong></span> <span class='ocrx_word' id='word_1_13' title='bbox 947 176 1198 225; x_wconf 83' lang='lat' dir='ltr'><strong>neomenia,</strong></span> <span class='ocrx_word' id='word_1_14' title='bbox 1239 188 1309 217; x_wconf 79' lang='lat' dir='ltr'><strong>aut</strong></span> <span class='ocrx_word' id='word_1_15' title='bbox 1338 179 1539 222; x_wconf 77' lang='lat' dir='ltr'><strong>sabbato:</strong></span> 
     </span>
     <span class='ocr_line' id='line_1_3' title="bbox 113 250 1540 311; baseline 0.001 -15"><span class='ocrx_word' id='word_1_16' title='bbox 113 272 222 311; x_wconf 83' lang='lat' dir='ltr'><strong>quae</strong></span> <span class='ocrx_word' id='word_1_17' title='bbox 252 266 349 296; x_wconf 89' lang='lat' dir='ltr'><strong>sunt</strong></span> <span class='ocrx_word' id='word_1_18' title='bbox 377 255 528 294; x_wconf 82' lang='lat' dir='ltr'><strong>umbra</strong></span> <span class='ocrx_word' id='word_1_19' title='bbox 557 255 801 293; x_wconf 85' lang='lat' dir='ltr'><strong>futurorum</strong></span> <span class='ocrx_word' id='word_1_20' title='bbox 815 256 852 291; x_wconf 85' lang='lat'><strong>:“</strong></span> <span class='ocrx_word' id='word_1_21' title='bbox 892 250 958 291; x_wconf 83' lang='lat' dir='ltr'><strong>isti</strong></span> <span class='ocrx_word' id='word_1_22' title='bbox 990 268 1088 303; x_wconf 84' lang='lat' dir='ltr'><strong>ergo</strong></span> <span class='ocrx_word' id='word_1_23' title='bbox 1120 263 1167 292; x_wconf 89' lang='lat' dir='ltr'><strong>ut</strong></span> <span class='ocrx_word' id='word_1_24' title='bbox 1198 252 1445 309; x_wconf 86' lang='lat' dir='ltr'><strong>hujusmodi</strong></span> <span class='ocrx_word' id='word_1_25' title='bbox 1475 274 1540 297; x_wconf 85' lang='lat' dir='ltr'><strong>sc-</strong></span> 
     </span>
     <span class='ocr_line' id='line_1_4' title="bbox 111 327 1536 386; baseline -0.001 -13"><span class='ocrx_word' id='word_1_26' title='bbox 111 335 302 374; x_wconf 85' lang='lat' dir='ltr'><strong>cundum</strong></span> <span class='ocrx_word' id='word_1_27' title='bbox 345 330 507 371; x_wconf 76' lang='lat' dir='ltr'><strong>literam</strong></span> <span class='ocrx_word' id='word_1_28' title='bbox 547 327 646 380; x_wconf 85' lang='lat' dir='ltr'><strong>legis</strong></span> <span class='ocrx_word' id='word_1_29' title='bbox 696 327 983 368; x_wconf 77' lang='lat' dir='ltr'>observantias</span> <span class='ocrx_word' id='word_1_30' title='bbox 1032 328 1200 383; x_wconf 85' lang='lat' dir='ltr'><strong>penitus</strong></span> <span class='ocrx_word' id='word_1_31' title='bbox 1246 331 1536 386; x_wconf 84' lang='lat' dir='ltr'><strong>repudiarent,</strong></span> 
     </span>
     <span class='ocr_line' id='line_1_5' title="bbox 110 404 1535 464; baseline -0.001 -14"><span class='ocrx_word' id='word_1_32' title='bbox 110 428 190 452; x_wconf 83' lang='lat' dir='ltr'><strong>nec</strong></span> <span class='ocrx_word' id='word_1_33' title='bbox 233 417 488 462; x_wconf 79' lang='lat' dir='ltr'>occuparent</span> <span class='ocrx_word' id='word_1_34' title='bbox 533 404 764 459; x_wconf 82' lang='lat' dir='ltr'><strong>discipulos</strong></span> <span class='ocrx_word' id='word_1_35' title='bbox 803 404 992 446; x_wconf 85' lang='lat' dir='ltr'><strong>Judaicis</strong></span> <span class='ocrx_word' id='word_1_36' title='bbox 1033 405 1209 456; x_wconf 83' lang='lat' dir='ltr'><strong>sabulis,</strong></span> <span class='ocrx_word' id='word_1_37' title='bbox 1259 419 1298 448; x_wconf 89' lang='lat' dir='ltr'><strong>et</strong></span> <span class='ocrx_word' id='word_1_38' title='bbox 1337 407 1535 464; x_wconf 85' lang='lat' dir='ltr'><strong>impone—</strong></span> 
     </span>
     <span class='ocr_line' id='line_1_6' title="bbox 108 480 1536 540; baseline -0.001 -12"><span class='ocrx_word' id='word_1_39' title='bbox 108 499 200 528; x_wconf 81' lang='lat' dir='ltr'><strong>rent</strong></span> <span class='ocrx_word' id='word_1_40' title='bbox 221 486 263 540; x_wconf 87' lang='lat'><strong>¹)</strong></span> <span class='ocrx_word' id='word_1_41' title='bbox 292 483 354 524; x_wconf 92' lang='lat' dir='ltr'><strong>his</strong></span> <span class='ocrx_word' id='word_1_42' title='bbox 382 480 555 539; x_wconf 84' lang='lat' dir='ltr'><strong>jugum,</strong></span> <span class='ocrx_word' id='word_1_43' title='bbox 587 482 701 536; x_wconf 90' lang='lat' dir='ltr'><strong>quod</strong></span> <span class='ocrx_word' id='word_1_44' title='bbox 735 497 875 536; x_wconf 85' lang='lat' dir='ltr'><strong>neque</strong></span> <span class='ocrx_word' id='word_1_45' title='bbox 905 480 1006 536; x_wconf 88' lang='lat' dir='ltr'><strong>ipsi,</strong></span> <span class='ocrx_word' id='word_1_46' title='bbox 1043 497 1184 537; x_wconf 87' lang='lat' dir='ltr'><strong>neque</strong></span> <span class='ocrx_word' id='word_1_47' title='bbox 1213 495 1352 538; x_wconf 83' lang='lat' dir='ltr'><strong>patres</strong></span> <span class='ocrx_word' id='word_1_48' title='bbox 1384 501 1536 526; x_wconf 86' lang='lat' dir='ltr'><strong>eorum</strong></span> 
     </span>
     <span class='ocr_line' id='line_1_7' title="bbox 105 551 1532 619; baseline -0.001 -15"><span class='ocrx_word' id='word_1_49' title='bbox 105 574 277 619; x_wconf 82' lang='lat' dir='ltr'><strong>portare</strong></span> <span class='ocrx_word' id='word_1_50' title='bbox 304 570 561 615; x_wconf 78' lang='lat' dir='ltr'><strong>potuerunt,</strong></span> <span class='ocrx_word' id='word_1_51' title='bbox 592 557 744 598; x_wconf 86' lang='lat' dir='ltr'><strong>merito</strong></span> <span class='ocrx_word' id='word_1_52' title='bbox 778 559 880 598; x_wconf 82' lang='lat' dir='ltr'><strong>duas</strong></span> <span class='ocrx_word' id='word_1_53' title='bbox 913 558 1074 600; x_wconf 83' lang='lat' dir='ltr'><strong>tunicas</strong></span> <span class='ocrx_word' id='word_1_54' title='bbox 1105 559 1264 601; x_wconf 80' lang='lat' dir='ltr'><strong>habere</strong></span> <span class='ocrx_word' id='word_1_55' title='bbox 1294 551 1532 616; x_wconf 80' lang='lat' dir='ltr'><strong>prohiben-</strong></span> 
     </span>
     <span class='ocr_line' id='line_1_8' title="bbox 104 630 1533 694; baseline 0 -14"><span class='ocrx_word' id='word_1_56' title='bbox 104 630 184 688; x_wconf 81' lang='lat' dir='ltr'><strong>tur,</strong></span> <span class='ocrx_word' id='word_1_57' title='bbox 213 637 286 679; x_wconf 89' lang='lat' dir='ltr'><strong>sed</strong></span> <span class='ocrx_word' id='word_1_58' title='bbox 316 634 468 677; x_wconf 80' lang='lat' dir='ltr'><strong>sufficit</strong></span> <span class='ocrx_word' id='word_1_59' title='bbox 497 635 546 676; x_wconf 89' lang='lat' dir='ltr'><strong>iis</strong></span> <span class='ocrx_word' id='word_1_60' title='bbox 575 652 672 685; x_wconf 89' lang='lat' dir='ltr'><strong>una,</strong></span> <span class='ocrx_word' id='word_1_61' title='bbox 702 647 741 676; x_wconf 85' lang='lat' dir='ltr'><strong>et</strong></span> <span class='ocrx_word' id='word_1_62' title='bbox 760 636 862 676; x_wconf 80' lang='lat' dir='ltr'><strong>haec</strong></span> <span class='ocrx_word' id='word_1_63' title='bbox 885 636 1074 676; x_wconf 84' lang='lat' dir='ltr'><strong>interior.</strong></span> <span class='ocrx_word' id='word_1_64' title='bbox 1121 637 1228 677; x_wconf 75' lang='lat' dir='ltr'><strong>Nam</strong></span> <span class='ocrx_word' id='word_1_65' title='bbox 1256 638 1390 688; x_wconf 79' lang='lat' dir='ltr'><strong>istam,</strong></span> <span class='ocrx_word' id='word_1_66' title='bbox 1423 656 1533 694; x_wconf 86' lang='lat' dir='ltr'><strong>quae</strong></span> 
     </span>
     <span class='ocr_line' id='line_1_9' title="bbox 99 713 1526 769; baseline 0 -13"><span class='ocrx_word' id='word_1_67' title='bbox 99 715 203 756; x_wconf 79' lang='lat' dir='ltr'><strong>foris</strong></span> <span class='ocrx_word' id='word_1_68' title='bbox 235 725 304 763; x_wconf 84' lang='lat' dir='ltr'><strong>est,</strong></span> <span class='ocrx_word' id='word_1_69' title='bbox 337 725 376 754; x_wconf 91' lang='lat' dir='ltr'><strong>et</strong></span> <span class='ocrx_word' id='word_1_70' title='bbox 408 729 517 769; x_wconf 85' lang='lat' dir='ltr'><strong>quae</strong></span> <span class='ocrx_word' id='word_1_71' title='bbox 545 714 729 768; x_wconf 85' lang='lat' dir='ltr'>desuper</span> <span class='ocrx_word' id='word_1_72' title='bbox 759 724 958 768; x_wconf 84' lang='lat' dir='ltr'><strong>apparet,</strong></span> <span class='ocrx_word' id='word_1_73' title='bbox 999 713 1097 766; x_wconf 86' lang='lat' dir='ltr'><strong>legis</strong></span> <span class='ocrx_word' id='word_1_74' title='bbox 1137 713 1326 755; x_wconf 81' lang='lat' dir='ltr'><strong>tunicam</strong></span> <span class='ocrx_word' id='word_1_75' title='bbox 1356 715 1526 756; x_wconf 88' lang='lat' dir='ltr'><strong>nolunt.</strong></span> 
     </span>
     <span class='ocr_line' id='line_1_10' title="bbox 97 776 1529 848; baseline 0.001 -16"><span class='ocrx_word' id='word_1_76' title='bbox 97 791 239 832; x_wconf 84' lang='lat' dir='ltr'><strong>Unam</strong></span> <span class='ocrx_word' id='word_1_77' title='bbox 270 807 457 846; x_wconf 83' lang='lat' dir='ltr'><strong>namque</strong></span> <span class='ocrx_word' id='word_1_78' title='bbox 486 789 533 831; x_wconf 88' lang='lat' dir='ltr'><strong>iis</strong></span> <span class='ocrx_word' id='word_1_79' title='bbox 564 790 698 839; x_wconf 87' lang='lat' dir='ltr'><strong>Jesus,</strong></span> <span class='ocrx_word' id='word_1_80' title='bbox 730 802 768 830; x_wconf 92' lang='lat' dir='ltr'><strong>et</strong></span> <span class='ocrx_word' id='word_1_81' title='bbox 796 789 932 845; x_wconf 82' lang='lat' dir='ltr'>ipsam</span> <span class='ocrx_word' id='word_1_82' title='bbox 963 789 1211 832; x_wconf 84' lang='lat' dir='ltr'><strong>interiorem</strong></span> <span class='ocrx_word' id='word_1_83' title='bbox 1242 776 1402 832; x_wconf 73' lang='lat' dir='ltr'><strong>liabere</strong></span> <span class='ocrx_word' id='word_1_84' title='bbox 1430 809 1529 848; x_wconf 82' lang='lat' dir='ltr'><strong>per-</strong></span> 
     </span>
     <span class='ocr_line' id='line_1_11' title="bbox 96 867 1526 923; baseline 0 -13"><span class='ocrx_word' id='word_1_85' title='bbox 96 867 234 910; x_wconf 80' lang='lat' dir='ltr'><strong>mittit.</strong></span> <span class='ocrx_word' id='word_1_86' title='bbox 291 867 542 923; x_wconf 87' lang='lat' dir='ltr'><strong>Impouit²)</strong></span> <span class='ocrx_word' id='word_1_87' title='bbox 574 878 715 908; x_wconf 76' lang='lat' dir='ltr'><strong>tamen</strong></span> <span class='ocrx_word' id='word_1_88' title='bbox 747 867 892 909; x_wconf 81' lang='lat' dir='ltr'><strong>Moses</strong></span> <span class='ocrx_word' id='word_1_89' title='bbox 932 868 1126 923; x_wconf 81' lang='lat' dir='ltr'><strong>pontifici</strong></span> <span class='ocrx_word' id='word_1_90' title='bbox 1165 879 1206 908; x_wconf 80' lang='lat' dir='ltr'><strong>et</strong></span> <span class='ocrx_word' id='word_1_91' title='bbox 1244 868 1526 919; x_wconf 81' lang='lat' dir='ltr'><strong>humeralem,</strong></span> 
     </span>
     <span class='ocr_line' id='line_1_12' title="bbox 97 943 1525 1002; baseline -0.001 -14"><span class='ocrx_word' id='word_1_92' title='bbox 97 947 170 1002; x_wconf 85' lang='lat' dir='ltr'><strong>qui</strong></span> <span class='ocrx_word' id='word_1_93' title='bbox 201 958 259 988; x_wconf 89' lang='lat' dir='ltr'><strong>est</strong></span> <span class='ocrx_word' id='word_1_94' title='bbox 288 946 567 986; x_wconf 73' lang='lat' dir='ltr'><strong>humerorum</strong></span> <span class='ocrx_word' id='word_1_95' title='bbox 601 943 775 999; x_wconf 83' lang='lat' dir='ltr'><strong>quidam</strong></span> <span class='ocrx_word' id='word_1_96' title='bbox 808 960 854 983; x_wconf 85' lang='lat' dir='ltr'><strong>ex</strong></span> <span class='ocrx_word' id='word_1_97' title='bbox 900 943 1273 986; x_wconf 80' lang='lat' dir='ltr'><strong>circumductione</strong></span> <span class='ocrx_word' id='word_1_98' title='bbox 1304 946 1421 987; x_wconf 86' lang='lat' dir='ltr'><strong>vestis</strong></span> <span class='ocrx_word' id='word_1_99' title='bbox 1452 963 1525 987; x_wconf 89' lang='lat' dir='ltr'><strong>or-</strong></span> 
     </span>
     <span class='ocr_line' id='line_1_13' title="bbox 94 1021 1519 1074; baseline 0.001 -12"><span class='ocrx_word' id='word_1_100' title='bbox 94 1036 228 1065; x_wconf 80' lang='lat' dir='ltr'><strong>natus.</strong></span> <span class='ocrx_word' id='word_1_101' title='bbox 286 1021 467 1063; x_wconf 88' lang='lat' dir='ltr'><strong>Humeri</strong></span> <span class='ocrx_word' id='word_1_102' title='bbox 495 1033 634 1060; x_wconf 84' lang='lat' dir='ltr'><strong>autem</strong></span> <span class='ocrx_word' id='word_1_103' title='bbox 670 1037 849 1074; x_wconf 83' lang='lat' dir='ltr'><strong>operum</strong></span> <span class='ocrx_word' id='word_1_104' title='bbox 880 1021 1059 1074; x_wconf 79' lang='lat' dir='ltr'><strong>figuram</strong></span> <span class='ocrx_word' id='word_1_105' title='bbox 1089 1033 1245 1072; x_wconf 85' lang='lat' dir='ltr'><strong>tenent,</strong></span> <span class='ocrx_word' id='word_1_106' title='bbox 1280 1039 1327 1062; x_wconf 86' lang='lat' dir='ltr'><strong>ac</strong></span> <span class='ocrx_word' id='word_1_107' title='bbox 1358 1023 1519 1064; x_wconf 84' lang='lat' dir='ltr'><strong>laboris</strong></span> 
     </span>
     <span class='ocr_line' id='line_1_14' title="bbox 92 1094 1520 1155; baseline -0.001 -14"><span class='ocrx_word' id='word_1_108' title='bbox 92 1099 260 1141; x_wconf 80' lang='lat' dir='ltr'><strong>indicia.</strong></span> <span class='ocrx_word' id='word_1_109' title='bbox 315 1099 420 1139; x_wconf 84' lang='lat' dir='ltr'><strong>Vult</strong></span> <span class='ocrx_word' id='word_1_110' title='bbox 450 1113 548 1147; x_wconf 85' lang='lat' dir='ltr'><strong>ergo</strong></span> <span class='ocrx_word' id='word_1_111' title='bbox 580 1096 831 1152; x_wconf 84' lang='lat' dir='ltr'><strong>pontificem</strong></span> <span class='ocrx_word' id='word_1_112' title='bbox 864 1113 950 1138; x_wconf 83' lang='lat' dir='ltr'><strong>esse</strong></span> <span class='ocrx_word' id='word_1_113' title='bbox 980 1097 1106 1139; x_wconf 82' lang='lat' dir='ltr'><strong>etiam</strong></span> <span class='ocrx_word' id='word_1_114' title='bbox 1137 1097 1181 1139; x_wconf 88' lang='lat' dir='ltr'><strong>in</strong></span> <span class='ocrx_word' id='word_1_115' title='bbox 1214 1094 1416 1155; x_wconf 57' lang='lat' dir='ltr'><strong>operibus</strong></span> <span class='ocrx_word' id='word_1_116' title='bbox 1449 1094 1520 1141; x_wconf 61' lang='lat' dir='ltr'><strong>orss</strong></span> 
     </span>
     <span class='ocr_line' id='line_1_15' title="bbox 89 1173 1522 1231; baseline 0 -14"><span class='ocrx_word' id='word_1_117' title='bbox 89 1188 262 1226; x_wconf 83' lang='lat' dir='ltr'><strong>natum,</strong></span> <span class='ocrx_word' id='word_1_118' title='bbox 291 1191 371 1216; x_wconf 89' lang='lat' dir='ltr'><strong>nec</strong></span> <span class='ocrx_word' id='word_1_119' title='bbox 398 1174 554 1216; x_wconf 74' lang='lat' dir='ltr'><strong>sufficit</strong></span> <span class='ocrx_word' id='word_1_120' title='bbox 591 1173 682 1215; x_wconf 86' lang='lat' dir='ltr'><strong>sola</strong></span> <span class='ocrx_word' id='word_1_121' title='bbox 721 1173 917 1223; x_wconf 85' lang='lat' dir='ltr'><strong>scientia,</strong></span> <span class='ocrx_word' id='word_1_122' title='bbox 962 1176 1061 1231; x_wconf 84' lang='lat' dir='ltr'><strong>quia</strong></span> <span class='ocrx_word' id='word_1_123' title='bbox 1100 1174 1261 1231; x_wconf 80' lang='lat' dir='ltr'><strong>„qui³)</strong></span> <span class='ocrx_word' id='word_1_124' title='bbox 1304 1176 1452 1217; x_wconf 81' lang='lat' dir='ltr'><strong>fecerit</strong></span> <span class='ocrx_word' id='word_1_125' title='bbox 1482 1188 1522 1218; x_wconf 83' lang='lat' dir='ltr'><strong>et</strong></span> 
     </span>
     <span class='ocr_line' id='line_1_16' title="bbox 89 1239 1380 1306; baseline -0.001 -11"><span class='ocrx_word' id='word_1_126' title='bbox 89 1252 296 1304; x_wconf 85' lang='lat' dir='ltr'><strong>docuerit,</strong></span> <span class='ocrx_word' id='word_1_127' title='bbox 319 1252 389 1292; x_wconf 89' lang='lat' dir='ltr'><strong>hic</strong></span> <span class='ocrx_word' id='word_1_128' title='bbox 419 1267 596 1303; x_wconf 85' lang='lat' dir='ltr'><strong>magnus</strong></span> <span class='ocrx_word' id='word_1_129' title='bbox 622 1239 848 1292; x_wconf 63' lang='lat' dir='ltr'><strong>&#39;vocabitur</strong></span> <span class='ocrx_word' id='word_1_130' title='bbox 877 1251 921 1292; x_wconf 87' lang='lat' dir='ltr'><strong>in</strong></span> <span class='ocrx_word' id='word_1_131' title='bbox 954 1269 1084 1306; x_wconf 83' lang='lat' dir='ltr'><strong>regno</strong></span> <span class='ocrx_word' id='word_1_132' title='bbox 1116 1254 1380 1295; x_wconf 87' lang='lat' dir='ltr'><strong>coelorum.“</strong></span> 
     </span>
    </p>

    <p class='ocr_par' dir='ltr' id='par_1_3' title="bbox 78 1327 1518 2388">
     <span class='ocr_line' id='line_1_17' title="bbox 201 1327 1518 1383; baseline 0.003 -14"><span class='ocrx_word' id='word_1_133' title='bbox 201 1332 240 1372; x_wconf 88' lang='grc'><strong>4.</strong></span> <span class='ocrx_word' id='word_1_134' title='bbox 270 1328 350 1378; x_wconf 89' lang='lat' dir='ltr'><strong>„Et</strong></span> <span class='ocrx_word' id='word_1_135' title='bbox 367 1328 412 1382; x_wconf 71' lang='lat'><strong>⁴)</strong></span> <span class='ocrx_word' id='word_1_136' title='bbox 445 1327 583 1377; x_wconf 84' lang='lat' dir='ltr'><strong>cinxit,</strong></span> <span class='ocrx_word' id='word_1_137' title='bbox 612 1327 764 1383; x_wconf 84' lang='lat' dir='ltr'><strong>inquit,</strong></span> <span class='ocrx_word' id='word_1_138' title='bbox 795 1344 891 1369; x_wconf 88' lang='lat' dir='ltr'><strong>eum</strong></span> <span class='ocrx_word' id='word_1_139' title='bbox 932 1330 1168 1371; x_wconf 87' lang='lat' dir='ltr'><strong>secundum</strong></span> <span class='ocrx_word' id='word_1_140' title='bbox 1197 1332 1405 1373; x_wconf 77' lang='lat' dir='ltr'><strong>facturam</strong></span> <span class='ocrx_word' id='word_1_141' title='bbox 1437 1332 1518 1373; x_wconf 88' lang='lat' dir='ltr'><strong>hu-</strong></span> 
     </span>
     <span class='ocr_line' id='line_1_18' title="bbox 85 1396 1516 1461; baseline 0.001 -13"><span class='ocrx_word' id='word_1_142' title='bbox 85 1407 294 1448; x_wconf 83' lang='lat' dir='ltr'><strong>meralis.“</strong></span> <span class='ocrx_word' id='word_1_143' title='bbox 335 1406 435 1446; x_wconf 83' lang='lat' dir='ltr'><strong>Jam</strong></span> <span class='ocrx_word' id='word_1_144' title='bbox 463 1416 503 1446; x_wconf 84' lang='lat' dir='ltr'><strong>et</strong></span> <span class='ocrx_word' id='word_1_145' title='bbox 530 1404 720 1459; x_wconf 81' lang='lat' dir='ltr'><strong>superius</strong></span> <span class='ocrx_word' id='word_1_146' title='bbox 743 1403 913 1454; x_wconf 78' lang='lat' dir='ltr'><strong>dixerat,</strong></span> <span class='ocrx_word' id='word_1_147' title='bbox 945 1406 1044 1461; x_wconf 81' lang='lat' dir='ltr'><strong>quia</strong></span> <span class='ocrx_word' id='word_1_148' title='bbox 1074 1406 1202 1448; x_wconf 80' lang='lat' dir='ltr'><strong>cinxit</strong></span> <span class='ocrx_word' id='word_1_149' title='bbox 1233 1424 1329 1448; x_wconf 89' lang='lat' dir='ltr'><strong>eum</strong></span> <span class='ocrx_word' id='word_1_150' title='bbox 1361 1396 1516 1450; x_wconf 78' lang='lat' dir='ltr'><strong>zonam</strong></span> 
     </span>
     <span class='ocr_line' id='line_1_19' title="bbox 85 1481 1514 1540; baseline 0.001 -16"><span class='ocrx_word' id='word_1_151' title='bbox 85 1499 215 1540; x_wconf 83' lang='lat' dir='ltr'><strong>super</strong></span> <span class='ocrx_word' id='word_1_152' title='bbox 243 1482 453 1531; x_wconf 76' lang='lat' dir='ltr'><strong>tunicam,</strong></span> <span class='ocrx_word' id='word_1_153' title='bbox 483 1493 523 1522; x_wconf 85' lang='lat' dir='ltr'><strong>et</strong></span> <span class='ocrx_word' id='word_1_154' title='bbox 553 1482 687 1522; x_wconf 87' lang='lat' dir='ltr'><strong>modo</strong></span> <span class='ocrx_word' id='word_1_155' title='bbox 719 1481 873 1522; x_wconf 81' lang='lat' dir='ltr'><strong>iterum</strong></span> <span class='ocrx_word' id='word_1_156' title='bbox 905 1482 1085 1535; x_wconf 75' lang='lat' dir='ltr'><strong>cingitur</strong></span> <span class='ocrx_word' id='word_1_157' title='bbox 1112 1485 1346 1526; x_wconf 77' lang='lat' dir='ltr'><strong>secundum</strong></span> <span class='ocrx_word' id='word_1_158' title='bbox 1379 1488 1514 1528; x_wconf 82' lang='lat' dir='ltr'><strong>factu-</strong></span> 
     </span>
     <span class='ocr_line' id='line_1_20' title="bbox 85 1558 1511 1618; baseline 0.001 -16"><span class='ocrx_word' id='word_1_159' title='bbox 85 1577 177 1602; x_wconf 83' lang='lat' dir='ltr'><strong>ram</strong></span> <span class='ocrx_word' id='word_1_160' title='bbox 209 1558 449 1600; x_wconf 87' lang='lat' dir='ltr'><strong>humeralis.</strong></span> <span class='ocrx_word' id='word_1_161' title='bbox 523 1558 656 1612; x_wconf 85' lang='lat' dir='ltr'><strong>Quod</strong></span> <span class='ocrx_word' id='word_1_162' title='bbox 696 1569 756 1599; x_wconf 87' lang='lat' dir='ltr'><strong>est</strong></span> <span class='ocrx_word' id='word_1_163' title='bbox 793 1558 904 1600; x_wconf 84' lang='lat' dir='ltr'><strong>istud</strong></span> <span class='ocrx_word' id='word_1_164' title='bbox 944 1561 1098 1615; x_wconf 82' lang='lat' dir='ltr'><strong>duplex</strong></span> <span class='ocrx_word' id='word_1_165' title='bbox 1142 1561 1382 1615; x_wconf 85' lang='lat' dir='ltr'><strong>cingulum,</strong></span> <span class='ocrx_word' id='word_1_166' title='bbox 1425 1579 1511 1618; x_wconf 86' lang='lat' dir='ltr'><strong>quo</strong></span> 
     </span>
     <span class='ocr_line' id='line_1_21' title="bbox 86 1635 1511 1693; baseline 0.002 -15"><span class='ocrx_word' id='word_1_167' title='bbox 86 1636 361 1679; x_wconf 78' lang='lat' dir='ltr'><strong>constrictum</strong></span> <span class='ocrx_word' id='word_1_168' title='bbox 392 1637 480 1675; x_wconf 78' lang='lat' dir='ltr'><strong>vult</strong></span> <span class='ocrx_word' id='word_1_169' title='bbox 510 1651 595 1677; x_wconf 86' lang='lat' dir='ltr'><strong>esse</strong></span> <span class='ocrx_word' id='word_1_170' title='bbox 627 1652 675 1675; x_wconf 84' lang='lat' dir='ltr'><strong>ex</strong></span> <span class='ocrx_word' id='word_1_171' title='bbox 707 1635 824 1676; x_wconf 80' lang='lat' dir='ltr'><strong>omni</strong></span> <span class='ocrx_word' id='word_1_172' title='bbox 855 1648 975 1692; x_wconf 83' lang='lat' dir='ltr'><strong>parte</strong></span> <span class='ocrx_word' id='word_1_173' title='bbox 993 1638 1273 1693; x_wconf 81' lang='lat' dir='ltr'><strong>pontificem?</strong></span> <span class='ocrx_word' id='word_1_174' title='bbox 1318 1639 1511 1681; x_wconf 84' lang='lat' dir='ltr'><strong>Constri-</strong></span> 
     </span>
     <span class='ocr_line' id='line_1_22' title="bbox 86 1712 1509 1770; baseline 0 -14"><span class='ocrx_word' id='word_1_175' title='bbox 86 1726 175 1756; x_wconf 86' lang='lat' dir='ltr'><strong>ctus</strong></span> <span class='ocrx_word' id='word_1_176' title='bbox 205 1713 256 1755; x_wconf 91' lang='lat' dir='ltr'><strong>sit</strong></span> <span class='ocrx_word' id='word_1_177' title='bbox 284 1712 329 1753; x_wconf 89' lang='lat' dir='ltr'><strong>in</strong></span> <span class='ocrx_word' id='word_1_178' title='bbox 350 1713 495 1760; x_wconf 84' lang='lat' dir='ltr'><strong>verbo,</strong></span> <span class='ocrx_word' id='word_1_179' title='bbox 527 1712 776 1770; x_wconf 81' lang='lat' dir='ltr'><strong>constrictus</strong></span> <span class='ocrx_word' id='word_1_180' title='bbox 794 1713 839 1753; x_wconf 91' lang='lat' dir='ltr'><strong>in</strong></span> <span class='ocrx_word' id='word_1_181' title='bbox 862 1718 1006 1769; x_wconf 88' lang='lat' dir='ltr'><strong>opere,</strong></span> <span class='ocrx_word' id='word_1_182' title='bbox 1039 1714 1254 1770; x_wconf 82' lang='lat' dir='ltr'><strong>expeditus</strong></span> <span class='ocrx_word' id='word_1_183' title='bbox 1272 1717 1324 1756; x_wconf 86' lang='lat' dir='ltr'><strong>ad</strong></span> <span class='ocrx_word' id='word_1_184' title='bbox 1352 1716 1509 1767; x_wconf 78' lang='lat' dir='ltr'><strong>omnia,</strong></span> 
     </span>
     <span class='ocr_line' id='line_1_23' title="bbox 81 1789 1511 1843; baseline 0.001 -11"><span class='ocrx_word' id='word_1_185' title='bbox 81 1790 190 1833; x_wconf 83' lang='lat' dir='ltr'><strong>nihil</strong></span> <span class='ocrx_word' id='word_1_186' title='bbox 220 1789 464 1839; x_wconf 77' lang='lat' dir='ltr'><strong>remissum,</strong></span> <span class='ocrx_word' id='word_1_187' title='bbox 513 1789 621 1830; x_wconf 79' lang='lat' dir='ltr'><strong>nihil</strong></span> <span class='ocrx_word' id='word_1_188' title='bbox 659 1790 815 1843; x_wconf 69' lang='lat' dir='ltr'><strong>habeat</strong></span> <span class='ocrx_word' id='word_1_189' title='bbox 860 1791 1124 1834; x_wconf 84' lang='lat' dir='ltr'><strong>dissolutum.</strong></span> <span class='ocrx_word' id='word_1_190' title='bbox 1201 1793 1428 1834; x_wconf 63' lang='lat' dir='ltr'><strong>Act-{nctus</strong></span> <span class='ocrx_word' id='word_1_191' title='bbox 1459 1794 1511 1834; x_wconf 84' lang='lat' dir='ltr'><strong>sit</strong></span> 
     </span>
     <span class='ocr_line' id='line_1_24' title="bbox 83 1866 1510 1925; baseline 0.001 -15"><span class='ocrx_word' id='word_1_192' title='bbox 83 1868 213 1910; x_wconf 87' lang='lat' dir='ltr'><strong>animi</strong></span> <span class='ocrx_word' id='word_1_193' title='bbox 242 1866 486 1914; x_wconf 77' lang='lat' dir='ltr'><strong>virtutibus,</strong></span> <span class='ocrx_word' id='word_1_194' title='bbox 520 1867 767 1909; x_wconf 87' lang='lat' dir='ltr'><strong>constrictus</strong></span> <span class='ocrx_word' id='word_1_195' title='bbox 798 1869 848 1910; x_wconf 89' lang='lat' dir='ltr'><strong>sit</strong></span> <span class='ocrx_word' id='word_1_196' title='bbox 880 1886 900 1910; x_wconf 87' lang='lat' dir='ltr'><strong>a</strong></span> <span class='ocrx_word' id='word_1_197' title='bbox 931 1869 1232 1925; x_wconf 80' lang='lat' dir='ltr'><strong>corporalibus</strong></span> <span class='ocrx_word' id='word_1_198' title='bbox 1263 1869 1382 1919; x_wconf 80' lang='lat' dir='ltr'><strong>vitiis,</strong></span> <span class='ocrx_word' id='word_1_199' title='bbox 1413 1872 1510 1911; x_wconf 89' lang='lat' dir='ltr'><strong>nul-</strong></span> 
     </span>
     <span class='ocr_line' id='line_1_25' title="bbox 81 1944 1506 2002; baseline 0.001 -16"><span class='ocrx_word' id='word_1_200' title='bbox 81 1945 173 1986; x_wconf 87' lang='lat' dir='ltr'><strong>lum</strong></span> <span class='ocrx_word' id='word_1_201' title='bbox 205 1945 370 1986; x_wconf 82' lang='lat' dir='ltr'><strong>animae</strong></span> <span class='ocrx_word' id='word_1_202' title='bbox 390 1945 569 1998; x_wconf 80' lang='lat' dir='ltr'><strong>lapsum,</strong></span> <span class='ocrx_word' id='word_1_203' title='bbox 600 1944 769 1985; x_wconf 88' lang='lat' dir='ltr'><strong>nullum</strong></span> <span class='ocrx_word' id='word_1_204' title='bbox 797 1945 992 2001; x_wconf 87' lang='lat' dir='ltr'><strong>corporis</strong></span> <span class='ocrx_word' id='word_1_205' title='bbox 1014 1946 1171 1996; x_wconf 80' lang='lat' dir='ltr'><strong>timeat,</strong></span> <span class='ocrx_word' id='word_1_206' title='bbox 1199 1958 1386 2002; x_wconf 86' lang='lat' dir='ltr'><strong>utroque</strong></span> <span class='ocrx_word' id='word_1_207' title='bbox 1418 1947 1506 1988; x_wconf 90' lang='lat' dir='ltr'><strong>cin-</strong></span> 
     </span>
     <span class='ocr_line' id='line_1_26' title="bbox 80 2014 1505 2079; baseline 0.001 -17"><span class='ocrx_word' id='word_1_208' title='bbox 80 2023 180 2074; x_wconf 85' lang='lat' dir='ltr'><strong>gulo</strong></span> <span class='ocrx_word' id='word_1_209' title='bbox 222 2037 389 2076; x_wconf 84' lang='lat' dir='ltr'><strong>semper</strong></span> <span class='ocrx_word' id='word_1_210' title='bbox 430 2032 592 2071; x_wconf 82' lang='lat' dir='ltr'><strong>utatur,</strong></span> <span class='ocrx_word' id='word_1_211' title='bbox 634 2033 681 2063; x_wconf 88' lang='lat' dir='ltr'><strong>ut</strong></span> <span class='ocrx_word' id='word_1_212' title='bbox 724 2022 774 2064; x_wconf 87' lang='lat' dir='ltr'><strong>sit</strong></span> <span class='ocrx_word' id='word_1_213' title='bbox 817 2033 984 2064; x_wconf 84' lang='lat' dir='ltr'><strong>sanctus</strong></span> <span class='ocrx_word' id='word_1_214' title='bbox 1033 2040 1219 2078; x_wconf 81' lang='lat' dir='ltr'><strong>corpore</strong></span> <span class='ocrx_word' id='word_1_215' title='bbox 1260 2036 1299 2063; x_wconf 87' lang='lat' dir='ltr'><strong>et</strong></span> <span class='ocrx_word' id='word_1_216' title='bbox 1343 2014 1505 2079; x_wconf 84' lang='lat' dir='ltr'><strong>spiritu.</strong></span> 
     </span>
     <span class='ocr_line' id='line_1_27' title="bbox 80 2097 1504 2153; baseline 0.003 -15"><span class='ocrx_word' id='word_1_217' title='bbox 80 2097 202 2139; x_wconf 89' lang='lat' dir='ltr'><strong>Beue</strong></span> <span class='ocrx_word' id='word_1_218' title='bbox 244 2110 384 2139; x_wconf 82' lang='lat' dir='ltr'><strong>autem</strong></span> <span class='ocrx_word' id='word_1_219' title='bbox 429 2108 471 2138; x_wconf 88' lang='lat' dir='ltr'><strong>et</strong></span> <span class='ocrx_word' id='word_1_220' title='bbox 509 2099 742 2139; x_wconf 80' lang='lat' dir='ltr'><strong>secundum</strong></span> <span class='ocrx_word' id='word_1_221' title='bbox 789 2100 995 2141; x_wconf 77' lang='lat' dir='ltr'><strong>facturam</strong></span> <span class='ocrx_word' id='word_1_222' title='bbox 1040 2101 1268 2143; x_wconf 84' lang='lat' dir='ltr'><strong>humeralis</strong></span> <span class='ocrx_word' id='word_1_223' title='bbox 1313 2101 1504 2153; x_wconf 84' lang='lat' dir='ltr'><strong>cingitur.</strong></span> 
     </span>
     <span class='ocr_line' id='line_1_28' title="bbox 81 2174 1501 2233; baseline 0.003 -17"><span class='ocrx_word' id='word_1_224' title='bbox 81 2176 331 2217; x_wconf 82' lang='lat' dir='ltr'><strong>Secundum</strong></span> <span class='ocrx_word' id='word_1_225' title='bbox 362 2174 471 2215; x_wconf 83' lang='lat' dir='ltr'><strong>sacta</strong></span> <span class='ocrx_word' id='word_1_226' title='bbox 504 2174 613 2216; x_wconf 85' lang='lat' dir='ltr'><strong>enim</strong></span> <span class='ocrx_word' id='word_1_227' title='bbox 643 2193 737 2226; x_wconf 85' lang='lat' dir='ltr'><strong>sua,</strong></span> <span class='ocrx_word' id='word_1_228' title='bbox 777 2187 816 2217; x_wconf 82' lang='lat' dir='ltr'><strong>et</strong></span> <span class='ocrx_word' id='word_1_229' title='bbox 850 2179 1087 2219; x_wconf 86' lang='lat' dir='ltr'><strong>secundum</strong></span> <span class='ocrx_word' id='word_1_230' title='bbox 1129 2194 1259 2233; x_wconf 81' lang='lat' dir='ltr'><strong>opera</strong></span> <span class='ocrx_word' id='word_1_231' title='bbox 1296 2196 1370 2220; x_wconf 84' lang='lat' dir='ltr'><strong>sua</strong></span> <span class='ocrx_word' id='word_1_232' title='bbox 1412 2179 1501 2220; x_wconf 83' lang='lat' dir='ltr'><strong>cin-</strong></span> 
     </span>
     <span class='ocr_line' id='line_1_29' title="bbox 81 2251 1497 2312; baseline 0.004 -20"><span class='ocrx_word' id='word_1_233' title='bbox 81 2254 179 2305; x_wconf 89' lang='lat' dir='ltr'><strong>gulo</strong></span> <span class='ocrx_word' id='word_1_234' title='bbox 211 2251 372 2293; x_wconf 84' lang='lat' dir='ltr'><strong>virtutis</strong></span> <span class='ocrx_word' id='word_1_235' title='bbox 403 2251 545 2292; x_wconf 87' lang='lat' dir='ltr'><strong>utitur.</strong></span> <span class='ocrx_word' id='word_1_236' title='bbox 589 2252 646 2293; x_wconf 89' lang='lat' dir='ltr'><strong>Et</strong></span> <span class='ocrx_word' id='word_1_237' title='bbox 669 2265 765 2309; x_wconf 87' lang='lat' dir='ltr'><strong>post</strong></span> <span class='ocrx_word' id='word_1_238' title='bbox 789 2254 905 2303; x_wconf 82' lang='lat' dir='ltr'><strong>haec,</strong></span> <span class='ocrx_word' id='word_1_239' title='bbox 934 2251 1084 2311; x_wconf 75' lang='lat' dir='ltr'><strong>inquit,</strong></span> <span class='ocrx_word' id='word_1_240' title='bbox 1112 2254 1315 2312; x_wconf 87' lang='lat' dir='ltr'><strong>imposuit</strong></span> <span class='ocrx_word' id='word_1_241' title='bbox 1334 2255 1378 2311; x_wconf 72' lang='lat'><strong>⁵)</strong></span> <span class='ocrx_word' id='word_1_242' title='bbox 1407 2273 1497 2306; x_wconf 83' lang='lat' dir='ltr'><strong>„su-</strong></span> 
     </span>
     <span class='ocr_line' id='line_1_30' title="bbox 78 2329 1502 2388; baseline 0.004 -19"><span class='ocrx_word' id='word_1_243' title='bbox 78 2345 157 2384; x_wconf 84' lang='lat' dir='ltr'><strong>per</strong></span> <span class='ocrx_word' id='word_1_244' title='bbox 188 2345 283 2370; x_wconf 91' lang='lat' dir='ltr'><strong>eum</strong></span> <span class='ocrx_word' id='word_1_245' title='bbox 316 2329 498 2382; x_wconf 83' lang='lat' dir='ltr'><strong>logium,</strong></span> <span class='ocrx_word' id='word_1_246' title='bbox 540 2354 593 2361; x_wconf 91' lang='lat'><strong>—</strong></span> <span class='ocrx_word' id='word_1_247' title='bbox 624 2331 744 2385; x_wconf 90' lang='lat' dir='ltr'><strong>quod</strong></span> <span class='ocrx_word' id='word_1_248' title='bbox 775 2342 836 2373; x_wconf 87' lang='lat' dir='ltr'><strong>est</strong></span> <span class='ocrx_word' id='word_1_249' title='bbox 864 2332 1074 2374; x_wconf 79' lang='lat' dir='ltr'><strong>rationale</strong></span> <span class='ocrx_word' id='word_1_250' title='bbox 1106 2358 1180 2382; x_wconf 91' lang='lat'><strong>-,</strong></span> <span class='ocrx_word' id='word_1_251' title='bbox 1222 2343 1262 2373; x_wconf 86' lang='lat' dir='ltr'><strong>et</strong></span> <span class='ocrx_word' id='word_1_252' title='bbox 1298 2331 1502 2388; x_wconf 66' lang='lat' dir='ltr'><strong>imposuit</strong></span> 
     </span>
    </p>
   </div>
   <div class='ocr_carea' id='block_1_3' title="bbox 75 2406 1502 2466">
    <p class='ocr_par' dir='ltr' id='par_1_4' title="bbox 75 2406 1502 2466">
     <span class='ocr_line' id='line_1_31' title="bbox 75 2406 1502 2466; baseline 0.004 -21"><span class='ocrx_word' id='word_1_253' title='bbox 75 2421 207 2460; x_wconf 83' lang='lat' dir='ltr'><strong>super</strong></span> <span class='ocrx_word' id='word_1_254' title='bbox 235 2406 394 2458; x_wconf 84' lang='lat' dir='ltr'><strong>logium</strong></span> <span class='ocrx_word' id='word_1_255' title='bbox 419 2406 835 2460; x_wconf 55' lang='grc' dir='ltr'><strong>&gt;ιῐιεωίῖεεῑῐιῐίοῐ]σξη],</strong></span> <span class='ocrx_word' id='word_1_256' title='bbox 879 2421 918 2451; x_wconf 84' lang='lat' dir='ltr'><strong>et</strong></span> <span class='ocrx_word' id='word_1_257' title='bbox 945 2410 1188 2461; x_wconf 85' lang='lat' dir='ltr'><strong>veritatem,</strong></span> <span class='ocrx_word' id='word_1_258' title='bbox 1235 2421 1273 2451; x_wconf 86' lang='lat' dir='ltr'><strong>et</strong></span> <span class='ocrx_word' id='word_1_259' title='bbox 1300 2411 1502 2466; x_wconf 87' lang='lat' dir='ltr'><strong>imposuit</strong></span> 
     </span>
    </p>
   </div>
   <div class='ocr_carea' id='block_1_4' title="bbox 193 2539 1498 2671">
    <p class='ocr_par' dir='ltr' id='par_1_5' title="bbox 193 2539 1498 2671">
     <span class='ocr_line' id='line_1_32' title="bbox 196 2539 706 2595; baseline 0 -13"><span class='ocrx_word' id='word_1_260' title='bbox 196 2539 240 2595; x_wconf 80' lang='grc'><strong>1)</strong></span> <span class='ocrx_word' id='word_1_261' title='bbox 273 2539 362 2582; x_wconf 82' lang='lat' dir='ltr'><strong>Cfr.</strong></span> <span class='ocrx_word' id='word_1_262' title='bbox 393 2543 484 2582; x_wconf 86' lang='lat' dir='ltr'><strong>Act.</strong></span> <span class='ocrx_word' id='word_1_263' title='bbox 513 2541 608 2591; x_wconf 86' lang='lat' dir='ltr'><strong>XV,</strong></span> <span class='ocrx_word' id='word_1_264' title='bbox 640 2543 706 2586; x_wconf 87' lang='grc'><strong>10.</strong></span> 
     </span>
     <span class='ocr_line' id='line_1_33' title="bbox 193 2610 1498 2671; baseline 0.006 -21"><span class='ocrx_word' id='word_1_265' title='bbox 193 2610 239 2664; x_wconf 86' lang='grc'><strong>2)</strong></span> <span class='ocrx_word' id='word_1_266' title='bbox 270 2610 387 2653; x_wconf 84' lang='lat' dir='ltr'><strong>Libri</strong></span> <span class='ocrx_word' id='word_1_267' title='bbox 407 2611 504 2653; x_wconf 87' lang='lat' dir='ltr'><strong>editi</strong></span> <span class='ocrx_word' id='word_1_268' title='bbox 535 2612 595 2666; x_wconf 79' lang='lat' dir='ltr'><strong>(v.</strong></span> <span class='ocrx_word' id='word_1_269' title='bbox 629 2630 662 2654; x_wconf 88' lang='lat' dir='ltr'><strong>c.</strong></span> <span class='ocrx_word' id='word_1_270' title='bbox 695 2614 790 2655; x_wconf 85' lang='lat' dir='ltr'><strong>edd.</strong></span> <span class='ocrx_word' id='word_1_271' title='bbox 822 2612 934 2670; x_wconf 85' lang='grc' dir='ltr'>Μ.);</span> <span class='ocrx_word' id='word_1_272' title='bbox 966 2613 1239 2671; x_wconf 81' lang='lat' dir='ltr'><strong>„lmponet;“</strong></span> <span class='ocrx_word' id='word_1_273' title='bbox 1270 2617 1378 2662; x_wconf 85' lang='lat' dir='ltr'><strong>Cod.</strong></span> <span class='ocrx_word' id='word_1_274' title='bbox 1411 2615 1498 2657; x_wconf 86' lang='lat' dir='ltr'><strong>Ge-</strong></span> 
     </span>
    </p>
   </div>
   <div class='ocr_carea' id='block_1_5' title="bbox 77 2664 1140 2863">
    <p class='ocr_par' dir='ltr' id='par_1_6' title="bbox 77 2664 1140 2863">
     <span class='ocr_line' id='line_1_34' title="bbox 77 2664 697 2724; baseline 0.005 -17"><span class='ocrx_word' id='word_1_275' title='bbox 77 2664 333 2709; x_wconf 83' lang='lat' dir='ltr'><strong>meticensis:</strong></span> <span class='ocrx_word' id='word_1_276' title='bbox 363 2669 617 2724; x_wconf 77' lang='lat' dir='ltr'><strong>‚,Imp6nit.“</strong></span> <span class='ocrx_word' id='word_1_277' title='bbox 645 2670 697 2710; x_wconf 86' lang='lat' dir='ltr'><strong>R.</strong></span> 
     </span>
     <span class='ocr_line' id='line_1_35' title="bbox 193 2734 1140 2795; baseline 0.008 -18"><span class='ocrx_word' id='word_1_278' title='bbox 193 2734 240 2792; x_wconf 81' lang='grc'><strong>3)</strong></span> <span class='ocrx_word' id='word_1_279' title='bbox 271 2737 421 2779; x_wconf 81' lang='lat' dir='ltr'><strong>Matth.</strong></span> <span class='ocrx_word' id='word_1_280' title='bbox 453 2739 503 2787; x_wconf 91' lang='lat' dir='ltr'><strong>V,</strong></span> <span class='ocrx_word' id='word_1_281' title='bbox 535 2739 600 2782; x_wconf 88' lang='grc'><strong>19.</strong></span> <span class='ocrx_word' id='word_1_282' title='bbox 720 2738 766 2795; x_wconf 76' lang='lat'><strong>⁴)</strong></span> <span class='ocrx_word' id='word_1_283' title='bbox 797 2740 924 2782; x_wconf 80' lang='lat' dir='ltr'><strong>Levit.</strong></span> <span class='ocrx_word' id='word_1_284' title='bbox 956 2740 1070 2793; x_wconf 77' lang='lat' dir='ltr'><strong>VIII,</strong></span> <span class='ocrx_word' id='word_1_285' title='bbox 1101 2743 1140 2785; x_wconf 89' lang='lat'><strong>7.</strong></span> 
     </span>
     <span class='ocr_line' id='line_1_36' title="bbox 197 2807 693 2863; baseline 0.01 -15"><span class='ocrx_word' id='word_1_286' title='bbox 197 2807 244 2863; x_wconf 83' lang='lat'><strong>⁵)</strong></span> <span class='ocrx_word' id='word_1_287' title='bbox 274 2807 402 2852; x_wconf 81' lang='lat' dir='ltr'><strong>Levit.</strong></span> <span class='ocrx_word' id='word_1_288' title='bbox 432 2809 547 2861; x_wconf 84' lang='lat' dir='ltr'><strong>VIII,</strong></span> <span class='ocrx_word' id='word_1_289' title='bbox 577 2811 616 2855; x_wconf 84' lang='grc'><strong>8.</strong></span> <span class='ocrx_word' id='word_1_290' title='bbox 650 2810 693 2854; x_wconf 85' lang='grc'><strong>9.</strong></span> 
     </span>
    </p>
   </div>
  </div>
 </body>
</html>
