1752 3136
177 121 264 168 286
780 118 999 162 Omcnms

177 235 338 291 gentia,
379 234 451 275 scd
493 245 534 275 et
571 232 678 288 in¹)
717 233 878 275 actibus
920 235 1212 284 observemus,
1256 244 1303 275 ut
1339 233 1600 290 spiritualem

177 315 350 368 gratiam
383 311 587 366 consequi
620 327 859 352 mereamur
888 311 1117 353 illuminati
1145 327 1224 367 per
1251 311 1386 362 legem
1418 310 1601 367 Spiritus

176 391 321 440 sancti,
350 389 393 430 in
427 388 598 430 Christo
628 389 731 430 Jesu
761 388 954 429 Domino
987 400 1159 430 nostro:
1191 388 1259 430 cui
1291 399 1352 430 est
1382 388 1530 442 gloria,
1562 399 1603 430 et

177 467 405 524 imperium
436 465 480 508 in
509 466 677 509 saecula
705 466 988 508 saeculorum.
1048 466 1204 509 Amen.

507 896 1065 947 HOMILIA
1162 899 1267 948 VII.

174 1026 244 1067 De
275 1040 340 1074 eo,
371 1021 488 1079 quod
520 1021 770 1062 mandatum
803 1032 863 1062 est
893 1022 1063 1071 Aaron,
1102 1033 1140 1063 et
1180 1021 1273 1064 filiis
1315 1020 1426 1079 ejus,
1464 1034 1511 1063 ut
1543 1023 1601 1063 vi-

173 1119 279 1144 num
314 1112 355 1142 et
383 1099 559 1141 siceram
591 1115 680 1139 non
710 1097 873 1148 bibant,
906 1115 1004 1138 cum
1035 1098 1332 1150 ingrediuntur
1352 1101 1602 1142 tabernacu-

173 1182 264 1222 lum
286 1176 528 1225 testimonii,
558 1176 623 1216 vel
655 1191 752 1216 cum
780 1177 988 1216 accedunt
1020 1177 1072 1216 ad
1106 1178 1247 1226 altare,
1280 1189 1318 1218 ct
1350 1179 1402 1218 de
1431 1190 1599 1233 pectus-

231 1256 329 1298 culo
370 1251 672 1309 appositionis,
715 1263 756 1292 et
786 1252 839 1292 de
869 1252 1045 1294 brachio
1078 1254 1378 1309 separationis,
1421 1265 1462 1296 et
1492 1255 1545 1295 de

357 1329 529 1372 mundis
562 1341 601 1370 et
629 1327 862 1371 immundis
894 1328 1169 1381 animalibus,
1207 1333 1269 1372 vel
1300 1331 1416 1374 cibis.

286 1449 324 1489 1.
354 1445 485 1486 Plura
517 1442 692 1498 quidem
722 1440 935 1497 superiori
976 1442 1163 1484 lectione
1199 1445 1377 1484 fuerunt
1417 1443 1600 1493 recitata,

175 1542 222 1566 ex
263 1522 417 1579 quibus
453 1519 661 1576 temporis
700 1517 905 1560 brevitate
936 1519 1151 1561 constricti
1187 1537 1325 1577 pauca
1363 1520 1602 1562 admodum

173 1602 366 1643 diximus.
425 1599 528 1640 Non
560 1596 673 1638 enim
703 1611 819 1637 nunc
860 1597 1103 1652 exponendi
1133 1596 1395 1653 Scripturas,
1423 1599 1496 1639 sed
1530 1614 1600 1638 ae-

173 1678 376 1721 dificandi
409 1676 601 1718 ecclesias
631 1672 913 1716 ministerium
944 1674 1140 1725 gerimus,
1169 1674 1357 1729 quamvis
1373 1685 1413 1715 et
1444 1690 1491 1716 ex
1522 1673 1600 1726 his,

174 1771 282 1811 quae
312 1770 335 1794 a
365 1754 491 1794 nohis
523 1764 621 1793 ante
650 1762 821 1792 tractata
850 1761 961 1799 sunt,
991 1750 1180 1806 prudens
1212 1751 1390 1806 quisque
1429 1751 1600 1793 auditor

174 1831 385 1875 evidentes
426 1831 481 1871 ad
524 1829 848 1882 intelligendum
887 1826 1021 1884 possit
1058 1826 1224 1869 semitas
1272 1827 1474 1870 invenire.
1543 1829 1600 1870 Et

170 1912 270 1953 ideo
303 1925 352 1949 ex
382 1907 444 1948 his
479 1923 665 1963 quoque,
699 1921 807 1961 quae
836 1921 952 1946 nunc
982 1906 1088 1946 lecta
1114 1916 1223 1955 sunt,
1255 1905 1460 1961 quoniam
1491 1923 1597 1947 cun-

173 2000 239 2029 cta
269 2003 360 2027 non
391 2001 639 2041 possumus,
673 1983 812 2039 aliqua
838 1995 1002 2031 tamen,
1034 1997 1141 2037 quae
1172 1982 1398 2024 aedificent
1429 1982 1600 2024 audito-

170 2082 249 2114 res,
279 2064 394 2104 velut
423 2061 510 2115 agri
540 2061 669 2117 pleni,
703 2077 827 2116 quem
867 2059 1084 2101 benedixit
1112 2059 1353 2109 Dominus,
1394 2060 1598 2103 flosculos

173 2142 431 2193 colligemus.
492 2137 612 2193 Quid
644 2155 742 2192 ergo
773 2136 846 2188 sit,
886 2139 1005 2194 quod
1035 2137 1161 2178 nobis
1190 2154 1307 2178 nunc
1335 2138 1492 2178 lectum
1525 2149 1598 2188 est,

171 2220 403 2261 videamus.
472 2216 613 2273 „Et²)
661 2216 832 2257 locutus
872 2226 932 2256 est
968 2215 1185 2257 Dominus
1223 2216 1392 2264 Aaron,
1432 2213 1597 2256 dicens:

172 2297 317 2338 vinum
351 2307 393 2337 et
421 2294 598 2338 siceram
626 2310 717 2335 non
747 2293 899 2334 bibetis
932 2304 978 2333 tu
1011 2304 1051 2334 et
1067 2292 1143 2334 filii
1158 2292 1284 2346 tui3)
1312 2304 1465 2340 tecum,
1499 2308 1597 2332 cum

170 2373 379 2416 intrabitis
408 2374 453 2415 in
481 2372 804 2414 tabernaculum
833 2370 1077 2421 testimonii,
1108 2383 1179 2412 aut
1210 2386 1307 2411 cum
1338 2369 1595 2424 acceditis4)

171 2453 227 2493 ad
265 2453 415 2501 altare,
455 2462 496 2492 et
534 2466 626 2491 non
666 2446 920 2490 moriemini.
988 2448 1243 2500 Legitimum
1287 2457 1506 2487 aeternum
1547 2445 1596 2487 in

169 2527 394 2584 progenies
423 2539 575 2570 vestras
593 2560 605 2580 ‚
637 2528 877 2569 discernere
904 2525 1015 2568 inter
1044 2524 1234 2566 medium
1277 2535 1524 2565 sanctorum
1557 2533 1598 2564 et

172 2605 572 2656 contaminatorum,
604 2617 643 2646 et
671 2603 780 2646 inter
808 2603 999 2645 medium
1028 2601 1377 2651 immundorum,
1420 2612 1460 2642 et
1488 2599 1598 2642 inter

290 2738 334 2792 ¹)
365 2737 497 2780 Deest
525 2738 622 2789 ,‚in“
651 2737 694 2779 in
728 2739 823 2780 edd.
854 2737 915 2780 M.
1036 2737 1082 2793 2>
1112 2734 1240 2778 Levit.
1270 2732 1325 2784 X,
1355 2731 1524 2776 8—11.

289 2807 337 2863 3)
367 2808 502 2868 Deest
530 2808 644 2857 ‚,tui“
675 2808 719 2848 in
753 2810 817 2849 ed.
848 2806 996 2849 Ruaei.

289 2878 336 2933 ⁴)
369 2878 478 2922 Edd.
510 2877 706 2921 Merlini:
736 2876 954 2920 accedetis.
