1752 3136
195 119 281 163 266
793 115 1016 158 Omonms

195 248 324 289 quam
363 230 588 287 plenitudo
637 228 825 282 gentium
873 228 1237 283 subintroierit,¹)
1287 231 1463 271 salutem
1502 231 1610 287 in2)

194 308 426 351 novissImis
455 319 606 363 sperat.
673 307 835 363 Adipes
876 324 975 349 vero
1017 307 1200 348 animam
1234 306 1412 348 diximus
1445 306 1614 359 Christi,

197 404 306 443 quac
337 398 397 427 est
427 385 599 428 ecclesia
630 384 866 426 amicorum
886 383 986 439 ejus,
1014 401 1095 440 pro
1121 383 1273 440 quibus
1293 385 1477 426 animam
1495 402 1613 428 suam

195 463 348 519 posuit.
407 462 552 505 Potest
585 478 683 514 ergo
709 461 800 504 fieri
832 474 871 503 et
900 461 943 502 in
976 462 1060 503 hoc
1089 462 1210 512 loco,
1241 473 1308 512 ut,
1342 464 1459 519 quod
1491 480 1613 504 man-

194 542 332 593 datur,
364 556 419 581 ne
450 541 542 596 quis
571 538 715 595 adipes
747 541 842 580 edat
872 555 918 580 ex
951 539 1025 590 his,
1057 556 1165 594 quac
1195 540 1389 582 Domino
1422 542 1613 582 offerun-

193 630 276 669 tur,
307 618 392 659 hoc
421 619 485 667 sit,
515 618 633 673 quod
665 629 705 657 et
737 617 952 658 Dominus
985 616 1171 672 dicit:³)
1201 635 1255 659 ne
1285 617 1376 673 quis
1406 618 1617 659 scandali-

192 708 258 737 zet
286 713 419 737 unum
449 712 496 737 ex
526 695 589 735 his
618 693 818 742 minimis,
849 694 921 748 qui
951 695 1131 736 credunt
1160 694 1201 735 in
1234 712 1314 737 me.
1374 695 1507 750 Quod
1538 712 1613 737 au·
1640 746 1643 749 K

191 785 277 814 tem
315 771 482 824 sanguis
521 771 678 812 nullius
718 769 910 811 animalis
949 771 1017 811 edi
1055 769 1251 824 jubetur,
1293 773 1401 814 illud
1437 774 1615 814 sortasse

190 850 254 899 sit,
286 850 404 903 quod
435 849 489 889 de
518 846 713 890 Israelitis
754 846 855 888 dicit
885 847 1141 902 Apostolus:
1181 848 1314 897 „dicis
1328 848 1374 905 ⁴)
1417 866 1539 902 ergo,
1580 851 1613 891 si

191 925 314 966 fracti
341 937 440 967 sunt
470 925 591 975 rami,
620 937 667 966 ut
697 940 772 976 ego
803 923 976 966 inserar.
1034 924 1180 974 Bene,
1209 936 1388 983 propter
1414 925 1615 967 incredu—

190 1003 348 1044 litatem
385 1002 506 1044 fracti
544 1015 654 1045 sunt.
730 1001 800 1043 Tu
839 1014 980 1043 autem
1017 1003 1103 1044 fide
1139 1002 1310 1056 stas:⁶)
1349 1002 1442 1043 noli
1481 1002 1612 1043 altum

191 1097 350 1138 sapere,
380 1082 455 1123 sed
483 1082 623 1123 time.“
679 1079 736 1120 Et
765 1079 942 1120 iterum:
986 1080 1167 1134 ‚,noli⁶)
1205 1078 1379 1131 gloriari
1419 1081 1615 1122 adversus

192 1176 334 1200 ramos
347 1164 383 1200 :“
415 1175 500 1215 quo
532 1158 692 1200 scilicet
722 1157 833 1199 casui
866 1174 1017 1199 eorum
1040 1159 1182 1198 nullus
1199 1156 1391 1199 insultet:
1418 1173 1476 1215 ne
1494 1159 1615 1208 forte,

190 1237 299 1279 sicut
326 1236 442 1277 idem
472 1237 707 1292 Apostolus
738 1234 851 1284 dicit,
882 1246 923 1276 et
949 1246 997 1276 tu
1029 1233 1250 1284 excidaris,
1282 1246 1321 1275 ct
1348 1234 1434 1284 illi,
1461 1234 1494 1276 si
1524 1252 1612 1276 non

191 1314 504 1371 permanserint
532 1314 575 1354 in
614 1311 923 1361 incredulitate,
952 1312 1202 1360 inserantur.
1262 1311 1442 1363 Sanguis
1473 1324 1614 1353 autem

190 1403 298 1449 puto
340 1393 457 1447 quod
495 1389 685 1446 populus
722 1389 794 1430 ille
833 1400 1128 1444 competenter
1174 1388 1444 1440 intelligatur.
1512 1391 1614 1431 Non

191 1470 304 1510 enim
336 1485 382 1509 ex
413 1469 520 1518 fide,
560 1482 701 1522 neque
731 1483 778 1507 ex
808 1465 955 1522 spiritu
986 1466 1229 1514 Abraham,
1266 1466 1341 1507 sed
1370 1477 1533 1507 tantum
1565 1483 1614 1507 ex

189 1547 391 1600 sanguine
422 1544 510 1601 ejus
540 1545 814 1586 descendunt.

304 1624 373 1669 12.
401 1622 505 1665 Post
533 1622 659 1663 haec:
688 1621 817 1678 „ct⁷)
846 1621 1013 1662 locutus
1042 1632 1101 1661 est
1119 1619 1337 1662 Dominus
1369 1622 1422 1662 ad
1444 1622 1612 1672 Mosen,

192 1703 359 1743 dicens:
390 1699 485 1741 filiis
514 1700 644 1741 Israel
674 1701 865 1756 loquere,
895 1698 1058 1740 dicens:
1092 1697 1163 1754 qui
1195 1699 1322 1739 offert
1356 1699 1611 1740 sacrificium

189 1775 381 1822 salutaris
412 1776 476 1818 sui
505 1776 727 1826 Domino,
777 1777 928 1816 offeret
973 1792 1127 1816 munus
1166 1792 1290 1817 suum
1328 1775 1525 1817 Domino
1565 1777 1609 1818 in

189 1855 395 1900 sacrificio
427 1853 615 1895 salutaris
645 1852 720 1895 sui.
785 1853 941 1894 Manus
973 1851 1062 1909 ejus
1094 1854 1276 1894 offerent
1305 1853 1485 1894 hostiam
1515 1854 1611 1896 Do-

189 1934 322 1984 mino,
353 1932 533 1988 adipem,
567 1931 638 1987 qui
667 1946 794 1987 super
823 1931 1117 1986 pectusculum
1150 1942 1227 1980 est,
1271 1941 1312 1970 et
1341 1930 1517 1986 pinnam
1547 1929 1608 1988 je-

191 2012 324 2053 coris:
356 2012 508 2052 offeret
538 2026 585 2050 ea
616 2008 686 2058 ita,
715 2020 761 2049 ut
790 2020 976 2064 ponatur
993 2009 1159 2049 donum
1180 2018 1327 2061 contra
1355 2007 1607 2049 Dominum.

188 2091 245 2131 Et
276 2089 472 2144 imponet
500 2087 696 2128 sacerdos
726 2086 920 2143 adipem,
956 2087 1028 2141 qui
1059 2098 1118 2126 est
1146 2101 1275 2142 super
1302 2087 1609 2141 pectusculum,

309 2235 353 2289 ¹)
382 2236 493 2278 Edd.
523 2234 698 2276 Mcrlini
726 2251 975 2292 perperam:
1013 2233 1306 2276 subintroierit
1333 2234 1532 2276 salutem:
1563 2235 1606 2275 in

188 2293 433 2335 Ποῖἱὸῧῐωίδ.

304 2363 351 2418 ²)
380 2362 497 2404 Libri
536 2361 638 2403 editi
675 2362 733 2417 (V.
773 2379 806 2403 c.
848 2362 943 2402 edd.
982 2361 1090 2415 ΒΙ.);
1133 2362 1202 2410 „in
1241 2359 1473 2402 novissimis
1511 2377 1604 2416 spe-

188 2433 296 2463 xant
302 2426 324 2444 “
385 2420 493 2461 Cod.
525 2419 803 2470 Sangerman.
832 2417 903 2467 „in
933 2417 1168 2460 novissimis
1196 2423 1374 2473 spexat.“
1404 2417 1455 2458 R.

304 2491 350 2546 ³)
384 2490 470 2532 Cfr.
500 2490 651 2530 Matth
681 2487 841 2537 XVIII,
869 2489 908 2531 6.

304 2560 349 2613 4)
379 2561 505 2602 Rom.
536 2561 613 2610 XI,
643 2560 708 2603 19.
741 2584 793 2591 -
823 2558 934 2600 Edd.
965 2557 1137 2599 Merlini
1167 2571 1412 2612 perperam:
1445 2557 1606 2597 inserar

187 2619 317 2664 bene:
350 2630 527 2672 propter
557 2630 634 2658 etc,

305 2687 349 2740 ⁵)
383 2688 491 2731 Cod.
524 2689 741 2739 Sangerm.
773 2692 898 2736 „sta.“
945 2684 1060 2728 Libri
1085 2683 1183 2727 editi
1212 2684 1271 2740 (v.
1305 2701 1338 2726 c.
1372 2684 1467 2726 cdd.
1498 2681 1602 2736 Μ.);

189 2750 335 2801 „stas.“
367 2744 414 2786 R.

305 2815 350 2870 6)
382 2814 509 2857 Rom.
540 2814 618 2862 XI,
649 2813 717 2857 18.

305 2884 349 2940 7)
381 2884 471 2927 Csr:
497 2882 623 2925 Levit.
654 2883 748 2938 Vll,
778 2884 974 2929 28-34.
