1752 3136
266 179 353 224 274
874 179 1098 224 Onmssms

268 292 383 349 quit,
428 293 481 334 ad
513 291 692 343 Mosen,
731 291 897 334 dicens:
931 310 1052 336 sume
1083 295 1255 343 Aaron,
1295 303 1335 335 et
1365 292 1475 335 filios
1506 293 1618 352 ejus,
1663 308 1703 338 et

267 373 396 413 stolas
429 382 468 412 ct
500 372 642 412 oleum
673 370 902 421 unctionis,
934 384 973 413 et
1003 372 1194 422 vitulum,
1226 371 1297 427 qui
1329 382 1389 412 est
1407 387 1487 427 pro
1509 385 1704 428 peccam,

269 461 308 489 et
339 449 448 490 duos
480 449 641 498 arietes,
672 459 714 488 et
744 448 972 489 canistrum
1004 466 1265 508 azymorum,
1304 460 1343 490 et
1374 465 1546 490 omnem
1578 467 1703 508 syna-

266 541 419 578 gogam
452 540 643 567 convoca
675 526 729 565 ad
760 523 933 583 januam
964 527 1230 568 tabernaculi
1263 526 1509 574 testimonii,
1552 527 1609 569 Et
1639 529 1700 569 fe-

266 603 322 643 cit
353 602 519 652 Moses,
549 601 656 644 sicut
684 603 903 658 praecepit
933 602 969 644 ei
1000 604 1240 656 Dominus,
1283 616 1323 645 et
1353 606 1603 646 convocavit
1634 622 1701 663 sy-

264 695 473 732 nagogam
507 681 559 720 ad
591 677 763 735 januam
795 680 1061 721 tabernaculi
1090 680 1334 722 testimonii.
1391 681 1446 721 Et
1477 681 1578 721 dixit
1598 681 1699 722 Μο-

263 773 325 799 ses
357 758 409 796 ad
441 771 717 812 synagogam:
762 756 845 796 hoc
879 767 938 796 est
969 759 1168 806 verbum,
1209 759 1327 813 qnod
1358 758 1573 798 mandavit
1605 758 1698 798 Do-

264 833 403 874 minus
434 833 586 872 facere.
654 831 709 872 Et
748 833 953 888 applicuit
991 833 1134 874 Moses
1179 838 1325 875 Aaron
1358 836 1530 875 fratrem
1561 852 1699 884 suum,

265 922 305 950 et
336 910 447 950 filios
481 908 592 966 ejus,
635 920 674 950 et
711 909 810 951 lavit
853 926 926 951 eos
955 927 1086 966 aqua:
1128 922 1167 951 et
1205 910 1365 952 vestivit
1406 928 1502 951 eum
1542 912 1700 961 tunica,

265 998 306 1027 et
334 985 571 1042 praecinxit
601 1002 697 1027 eum
731 1004 859 1037 zona,
907 1000 946 1029 et
989 987 1147 1030 vestivit
1179 1004 1275 1029 eum
1307 987 1452 1029 tunica
1483 988 1698 1038 interiore,

262 1076 303 1106 et
332 1064 536 1120 imposuit
567 1066 602 1105 ei
634 1065 876 1117 humerale,
898 1067 941 1120 ¹)
984 1079 1022 1109 et
1061 1066 1187 1107 cinxit
1229 1083 1325 1107 eum
1365 1065 1603 1106 secundum
1632 1067 1697 1106 fa-

263 1154 427 1184 cturam
461 1141 711 1191 humeralis,
755 1153 796 1182 et
840 1142 1091 1184 constrinxit
1132 1160 1226 1184 eum
1260 1145 1303 1184 in
1337 1142 1452 1198 ipso:
1486 1154 1526 1182 et
1556 1142 1700 1197 impo-

263 1219 345 1260 suit
375 1235 504 1275 super
534 1235 630 1259 eum
664 1219 840 1271 logium,
866 1232 905 1260 et
933 1220 1140 1276 imposuit
1169 1237 1297 1276 super
1325 1219 1486 1272 logium
1518 1220 1701 1260 manife-

261 1296 486 1338 stationem
505 1307 545 1337 et
564 1296 803 1337 veritatem:
829 1308 868 1337 et
885 1296 1089 1352 imposuit
1107 1297 1276 1338 mitram
1295 1314 1423 1353 super
1451 1308 1578 1352 caput
1597 1295 1699 1353 ejus,

262 1386 301 1416 et
330 1373 475 1430 posuit
503 1389 633 1429 super
661 1373 828 1414 mitram
860 1386 956 1415 ante
988 1374 1136 1416 faciem
1169 1373 1257 1432 ejus
1294 1375 1495 1416 laminam
1528 1390 1700 1414 auream

259 1452 562 1494 sanctificatam
592 1462 805 1503 sanctam,
852 1451 958 1493 sicut
987 1462 1263 1507 praeceperat
1292 1449 1514 1492 Dominus
1542 1451 1699 1492 Mosi.“

258 1528 436 1571 Intentis
467 1529 639 1570 auribus
680 1539 719 1568 et
768 1528 951 1581 vigilanti
983 1530 1115 1570 corde
1156 1528 1522 1569 consecrationem
1553 1526 1698 1583 ponti-

258 1606 347 1648 ficis
378 1606 443 1646 vel
474 1604 705 1647 sacerdotis
737 1605 905 1657 audite,
948 1607 1045 1663 quia
1088 1618 1127 1648 et
1169 1623 1265 1655 vos,
1311 1607 1546 1647 secundum
1591 1622 1697 1662 pro·
1750 1626 1752 1631 ·

257 1683 381 1725 missa
413 1683 510 1734 Dei,
542 1686 783 1726 sacerdotes
815 1683 899 1725 Dei
941 1684 1058 1726 estis:
1099 1683 1287 1738 ‚,gens²)
1331 1684 1443 1724 enim
1484 1694 1625 1724 sancta
1657 1695 1697 1724 et
1750 1716 1752 1721 .

256 1761 543 1803 sacerdotium
573 1760 828 1815 sanctum-³)
861 1760 994 1802 estis.“
1058 1759 1246 1816 Accepit,
1277 1760 1427 1817 inquit,
1459 1761 1602 1803 Moses
1630 1776 1696 1802 se-

261 1839 450 1878 cundum
481 1849 757 1892 praeceptum
774 1837 958 1879 Domini
987 1840 1133 1879 Aaron
1157 1849 1198 1878 et
1217 1837 1326 1879 filios
1355 1836 1455 1893 ejus,
1489 1849 1526 1878 et
1549 1837 1691 1892 primo

258 1915 431 1971 quidem
464 1914 595 1966 lavat,
637 1926 785 1970 postea
828 1930 928 1956 vero
960 1913 1100 1955 induit
1132 1930 1215 1956 eos.
1289 1914 1567 1955 Considerate
1597 1914 1692 1955 dili-

256 1993 420 2044 gentius
461 1990 657 2032 ordinem
698 1992 940 2033 dictorum:
990 1992 1130 2048 primo
1171 1993 1303 2042 lavat,
1352 2004 1498 2047 postea
1537 1992 1691 2034 induit,

254 2072 356 2111 Non
388 2069 501 2110 enim
546 2081 667 2125 potes
717 2069 861 2120 indui,
907 2068 987 2110 nisi
1035 2081 1132 2110 ante
1173 2071 1284 2111 lotus
1324 2069 1464 2111 fueris.
1530 2069 1691 2119 „Lava-
1740 2079 1741 2082 ’

254 2147 422 2202 mini⁴)
455 2162 571 2199 erg0,
604 2159 642 2188 et
673 2148 823 2188 mundi
855 2159 999 2196 estote,
1034 2159 1072 2187 et
1104 2148 1267 2187 auferte
1287 2146 1495 2202 nequitias
1514 2148 1567 2187 ab
1599 2145 1690 2188 ani-

253 2224 332 2266 mis
363 2223 546 2266 vestris.“
602 2222 695 2279 Nisi
725 2223 835 2265 enim
869 2225 952 2265 hoc
984 2225 1118 2265 modo
1150 2225 1261 2265 lotus
1291 2222 1443 2272 fueris,
1482 2240 1573 2265 non
1605 2240 1688 2279 po-

254 2302 352 2343 teris
382 2301 562 2343 induere
592 2300 837 2343 Dominum
867 2302 1014 2343 Jesum
1038 2300 1268 2350 Christum,
1300 2302 1534 2343 secundum
1566 2300 1688 2355 quod
1733 2287 1737 2290 ²

253 2378 355 2421 dicit
393 2379 650 2434 Apostolus:
691 2377 880 2429 „induite
898 2378 942 2433 ⁵)
983 2377 1225 2419 Dominum
1264 2378 1412 2420 Jesum
1454 2376 1688 2427 Christum,

253 2467 293 2497 et
324 2457 459 2497 carnis
490 2471 636 2496 curam
666 2473 721 2497 ne
750 2455 933 2497 feceritis
963 2456 1007 2496 in
1040 2453 1430 2510 concupiscentiis.“
1487 2454 1615 2495 Lavet
1644 2466 1686 2494 te

1731 2437 1741 2498 i

1729 2502 1739 2581 ἶ

371 2610 414 2665 1>
446 2608 574 2651 Mss.=
605 2609 894 2658 „humeralcf‘
963 2608 1081 2649 Libri
1126 2607 1227 2650 editi
1260 2608 1319 2664 (v.
1361 2624 1394 2650 c.
1438 2609 1534 2651 cdd.
1574 2607 1685 2662 M.):
1721 2582 1752 2669 f

254 2667 589 2720 ,‚humeralem.“
625 2667 676 2706 R.

364 2736 410 2786 ²)
445 2735 531 2776 Cfr.
563 2736 579 2774 1
610 2735 722 2776 Petr.
754 2735 809 2785 II,
839 2734 877 2776 9.
909 2736 949 2778 5.

364 2806 410 2860 ³)
439 2806 488 2903 {zu
529 2805 628 2848 Mss.
672 2805 960 2848 Gemeticensi
1006 2818 1047 2846 et
1103 2804 1363 2846 Cadomensi
1405 2804 1520 2845 deest
1557 2818 1682 2853 „san-
1720 2814 1733 2883 f

249 2869 406 2905 ctum.“
480 2895 488 2903 .
1422 2882 1425 2883 ⁷

362 2931 408 2987 ⁴)
441 2930 565 2973 Jesai.
597 2931 629 2982 I,
662 2932 731 2975 16,
850 2932 896 2986 ⁵)
927 2933 1052 2974 Rom.
1085 2930 1203 2981 XIII,
1235 2931 1301 2973 14.
