1752 3136
214 125 298 168 102
814 124 1037 167 Onffimus

213 235 473 278 amatoribus
502 236 658 286 multis,
689 247 729 277 ct
758 237 1035 279 revertebaris
1067 239 1118 280 ad
1150 243 1259 280 me.“
1306 238 1411 280 Item
1443 239 1544 282 alibi
1575 240 1640 282 di-

214 314 287 356 cit:
318 312 444 368 „et¹)
472 325 750 370 posteaquam
783 315 991 356 fornicata
1031 330 1073 355 es
1103 314 1146 356 in
1180 316 1378 358 omnibus
1410 317 1494 367 his,
1534 317 1642 383 dixi:

215 401 423 432 revertere
453 391 507 431 ad
537 407 629 443 me;
669 402 710 431 et
751 407 831 432 nec
868 392 927 433 sic
958 408 1119 434 reversa
1152 409 1214 443 es,
1257 394 1356 435 dicit
1384 392 1642 436 Dominus.“

216 467 300 508 Hic
332 484 430 521 ergo
447 467 566 510 Deus
596 469 732 510 zelans
764 467 796 510 si
828 468 1002 523 requirit
1032 481 1073 510 ct
1094 471 1301 512 desiderat
1322 472 1505 512 animam
1523 482 1643 512 tuam

219 545 451 586 adhaerere
476 545 568 595 sibi,
597 544 631 587 si
658 557 698 586 te.
727 557 862 586 servat
889 561 909 585 a
940 557 1140 601 peccato,
1168 546 1201 588 si
1233 548 1430 603 corripit,
1459 547 1491 589 si
1524 547 1645 589 casti-

220 633 301 675 gat,
329 622 364 664 si
392 621 648 675 indignatur,
677 621 710 663 si
741 621 952 672 irascitur,
993 634 1033 663 et
1075 625 1188 664 velut
1218 623 1425 682 zelotypia
1458 626 1645 680 quadam

222 715 319 752 erga
347 711 387 740 te
417 700 561 748 utitur,
591 715 709 754 spem
739 697 813 738 tibi
848 714 932 739 csse
963 699 1105 740 salutis
1136 715 1328 752 agnosce.
1382 699 1428 741 Si
1458 716 1557 741 vero
1575 716 1644 741 ca-

221 776 390 830 stigatus
420 793 509 816 non
543 774 762 830 resipiscis,
793 775 1077 830 correptus2)
1108 792 1199 816 non
1218 776 1465 826 emendaris,
1495 779 1644 818 verbe-

222 866 336 895 ratus
367 851 625 893 contemnis:
671 850 798 900 scito,
831 851 949 907 quod
980 851 1014 892 si
1045 867 1096 892 eo
1127 868 1261 908 usque
1290 855 1511 907 peccando
1542 868 1646 910 pro-

221 931 386 979 feceris,
415 928 592 971 discedit
620 946 641 970 a
672 940 713 969 te
743 928 854 970 zelus
885 928 986 984 ejus,
1019 939 1060 969 et
1079 930 1243 970 dicetur
1271 928 1346 970 tibi
1374 930 1494 979 illud,
1530 930 1649 986 quod

224 1024 303 1063 per
331 1007 600 1049 Ezechielem
632 1005 889 1061 prophetam
930 1006 985 1046 ad
1016 1005 1283 1047 Hierusalem
1315 1005 1490 1048 dicitur:
1521 1023 1650 1062 „pro-

224 1083 430 1141 pterea3)
463 1083 651 1124 discedet
681 1083 793 1125 zelus
822 1099 942 1123 meus
974 1098 996 1123 a
1028 1093 1092 1134 te,
1135 1094 1175 1123 et
1211 1099 1301 1124 non
1342 1081 1500 1124 irascar
1538 1083 1651 1124 ultra

228 1178 357 1218 super
396 1167 474 1202 te.“
541 1160 652 1201 Vide
700 1160 1036 1201 misericordiam
1078 1170 1117 1200 et
1158 1159 1358 1214 pietatem
1398 1158 1505 1201 boni
1554 1160 1651 1202 Dei.

228 1239 418 1293 Quando
450 1238 539 1278 vult
567 1235 769 1286 misereri,
799 1235 1010 1289 indignari
1040 1253 1083 1293 se
1122 1236 1242 1287 dicit,
1285 1248 1324 1277 et
1361 1237 1507 1287 irasci,
1545 1237 1653 1280 sicut

226 1330 306 1370 per
343 1313 601 1355 Hieremiam
642 1313 763 1353 dicit:
812 1313 1051 1367 „dmm-2⁴)
1091 1325 1129 1355 ct
1176 1315 1342 1367 flagello
1388 1314 1653 1367 castigaberis
1680 1364 1690 1369 -
1750 1316 1752 1318 ’

228 1391 510 1440 Hierusalem,
540 1389 600 1430 uti
630 1405 685 1429 ne
715 1390 914 1431 abscedat
955 1390 1095 1431 anima
1135 1407 1231 1432 mea
1271 1392 1344 1432 abs
1374 1396 1456 1433 te.“
1529 1392 1652 1433 Haec

228 1468 263 1510 si
291 1467 498 1519 intelligis,
527 1466 760 1507 miserantis
791 1465 874 1506 Dei
902 1482 983 1506 vox
1015 1477 1094 1507 est:
1133 1468 1208 1508 ubi
1252 1467 1446 1509 irascitur
1476 1479 1515 1509 et
1544 1470 1654 1510 zela-

229 1556 320 1594 tur,
350 1544 412 1586 ibi
443 1544 616 1586 adhibet
657 1543 829 1583 dolores
860 1553 900 1583 et
943 1543 1129 1586 verbera.
1218 1544 1511 1601 „Flagellat⁵)
1543 1545 1655 1587 enim

231 1638 403 1663 omnem
433 1620 594 1670 filium,
636 1636 763 1676 quem
802 1620 993 1676 recipit.“
1082 1620 1154 1663 Vis
1191 1634 1332 1663 autem
1366 1622 1513 1664 audire
1541 1622 1654 1664 indi-

229 1699 394 1752 gnantis
421 1698 508 1739 Dei
543 1696 777 1738 terribilem
808 1696 990 1738 vocem?
1021 1699 1146 1749 Audi,
1179 1700 1296 1755 quod
1329 1698 1429 1740 dicit
1457 1716 1534 1755 per
1552 1716 1656 1756 pro-

229 1776 423 1830 phetam;
447 1791 544 1815 cum
566 1785 851 1815 enumerasset
873 1775 1005 1815 multa
1026 1776 1223 1825 nefanda,
1247 1791 1354 1831 quae
1386 1777 1658 1818 commiserat

230 1851 431 1908 populus,
460 1850 578 1891 addit
608 1851 732 1891 etiam
750 1845 874 1893 haec:
907 1863 972 1902 „et
988 1852 1034 1907 6)
1063 1863 1243 1908 propter
1263 1853 1360 1902 hoc,
1391 1853 1540 1909 inquit,
1565 1870 1658 1895 non

231 1928 410 1970 visitabo
440 1943 568 1983 super
587 1927 704 1977 filias,
728 1945 823 1969 cum
842 1927 1123 1978 fornicantur,
1143 1946 1281 1985 neque
1292 1947 1420 1986 super
1440 1947 1572 1972 nurus
1585 1947 1656 1972 ve-

231 2017 349 2057 stras,
380 2021 478 2045 cum
503 2004 823 2046 moechantur.“
865 2005 961 2046 Hoc
995 2017 1054 2046 est
1071 2005 1272 2056 terribile,
1303 2007 1386 2047 hoe
1408 2018 1655 2058 extremum,

234 2097 330 2122 cum
350 2079 436 2138 jam
457 2097 547 2122 non
577 2081 836 2137 corripimur
864 2099 944 2138 pro
966 2083 1156 2137 peccatis,
1187 2101 1282 2124 cum
1310 2082 1502 2139 jamnon
1522 2085 1656 2126 corri-

233 2159 372 2210 gimur
388 2157 692 2214 delinquentes.
732 2158 855 2200 Tunc
875 2158 986 2200 enim
1012 2178 1106 2201 cum
1135 2160 1429 2202 excesserimus
1446 2161 1657 2217 peccandi

233 2236 428 2286 modum,
458 2235 576 2276 Deus
604 2237 742 2277 zelans
772 2236 919 2278 avertit
958 2253 981 2277 a
1025 2237 1149 2278 nobis
1181 2239 1320 2279 zelum
1361 2255 1511 2289 suum,
1549 2238 1658 2280 sicut

234 2312 427 2368 superius
460 2311 581 2354 dixit:
613 2316 853 2364 „auferetur
869 2314 912 2368 ⁷)
940 2313 1053 2355 zelus
1093 2331 1213 2356 meus
1245 2331 1265 2355 a
1297 2326 1352 2366 te,
1384 2327 1423 2357 et
1451 2332 1541 2357 non
1572 2315 1655 2357 ira-

264 2580 275 2590 .
359 2524 400 2579 ¹>
434 2524 521 2566 cfr.
553 2526 709 2567 serem.
743 2527 826 2577 111,
863 2529 900 2570 7.
947 2531 1039 2572 0011.
1081 2531 1214 2572 LXX.
1244 2518 1526 2587 interpretum
1567 2547 1659 2573 ver-

241 2597 372 2623 8101]ss-

354 2651 400 2702 ²)
432 2651 545 2692 Alias
575 2652 635 2707 (e.
667 2669 699 2695 c.
730 2654 777 2695 in
809 2656 902 2697 edd.
933 2657 1042 2713 Μ.);
1075 2669 1319 2708 „correctus
1349 2664 1467 2700 non“
1499 2670 1575 2702 etc.
1606 2659 1655 2701 R.

352 2719 398 2774 3)
431 2719 520 2762 Cfr.
552 2721 703 2764 Ezech.
734 2724 849 2777 XVI,
876 2727 943 2769 42.
1064 2726 1109 2783 4)
1139 2728 1295 2769 Jerem.
1329 2729 1400 2782 VI,
1430 2731 1466 2774 7·
1496 2729 1534 2773 8.

357 2789 401 2844 ⁵)
432 2789 562 2833 Hebr.
592 2791 690 2842 XII,
719 2795 758 2837 6.
879 2797 925 2852 6)
957 2795 1060 2841 Hos.
1089 2797 1159 2849 IV,
1191 2798 1256 2840 1-1,

356 2858 400 2914 7)
430 2860 581 2903 Ezech.
614 2863 729 2914 XVI,
759 2866 823 2908 42.
