1752 3136
232 114 319 159 308
834 115 1055 158 Omessms

238 229 462 284 quomodo
494 226 652 268 dictum
685 238 762 268 est:
793 229 951 284 „qui¹)
983 228 1152 284 dividit,
1181 227 1329 284 inquit,
1361 229 1584 279 ungulam,
1614 240 1653 270 et

236 316 407 345 revocat
436 303 803 346 ruminationem.“
858 306 1049 347 Revocat
1079 322 1176 358 ergo
1210 305 1553 354 ruminationem,
1584 305 1655 359 qui

238 396 301 429 ea,
331 397 438 436 quae
467 382 701 422 secundum
731 382 895 423 literam
927 384 1045 434 legit,
1090 394 1259 424 revocat
1289 383 1342 423 ad
1371 399 1538 422 sensum
1569 381 1654 436 spi-

238 457 449 507 ritualem,
478 468 517 498 et
547 458 599 498 ab
630 458 784 500 infimis
816 470 854 499 et
893 459 1123 500 visibilibus
1163 460 1215 500 ad
1254 457 1476 500 invisibilia
1517 470 1554 499 et
1594 458 1655 498 al-

236 534 347 575 tiora
379 533 633 577 conscendit.
691 534 776 575 Sed
807 535 839 575 si
869 535 1081 576 mediteris
1111 537 1242 586 legem
1276 535 1480 585 divinam,
1526 545 1564 575 et
1595 550 1653 582 ea,

240 627 348 668 quae
378 610 500 663 legis,
542 613 596 652 ad
637 611 833 652 subtilem
875 623 915 652 et
953 613 1007 652 ad
1045 612 1306 668 spiritualem
1335 611 1655 662 intelligentiam

238 705 434 737 revoces,
480 688 561 728 vita
593 698 731 726 autem
763 697 856 736 tua,
900 699 939 727 et
970 699 1083 728 actus
1113 689 1172 728 tui
1202 705 1290 729 non
1321 688 1402 729 sint
1442 689 1564 737 tales,
1610 699 1656 728 ut

238 766 423 806 habeant
461 763 759 804 discretionem
800 763 906 803 vitae
943 764 1173 818 praesentis
1218 776 1256 804 et
1294 767 1482 815 suturae,
1531 764 1654 822 liujus

238 841 394 882 saeculi
433 851 472 880 et
508 840 664 880 saeculi
700 839 1015 895 superventuri:
1070 838 1104 880 si
1145 853 1234 879 non
1279 840 1354 881 ista
1395 842 1654 896 competenti

237 917 401 958 ratione
430 916 661 966 discernas,
702 927 743 956 et
779 915 964 965 dividas,
1006 915 1189 957 camelus
1235 908 1281 956 es*
1305 928 1541 957 tortuosus:
1584 918 1656 971 qui

239 1012 336 1036 cum
366 993 626 1034 intellectum
659 993 869 1048 acceperis
902 1009 948 1033 ex
979 991 1255 1033 meditatione
1286 993 1449 1048 legis2)
1479 993 1658 1042 divinae,

234 1087 328 1114 non
357 1070 520 1119 dividis,
549 1085 689 1124 neque
718 1085 904 1121 segregas
931 1068 1164 1124 praesentia
1197 1082 1235 1110 et
1263 1071 1429 1119 futura,
1469 1087 1547 1110 nec
1580 1088 1654 1111 an-

235 1160 398 1202 gustam
427 1147 536 1188 viam
568 1163 591 1188 a
620 1147 684 1188 via
714 1145 896 1202 spatiosa
924 1147 1116 1188 secernis.
1189 1146 1275 1187 Sed
1307 1147 1446 1187 adhuc
1476 1147 1656 1188 manife-

232 1225 347 1277 stius,
378 1225 496 1280 quod
527 1223 694 1275 dicitur,
730 1225 1013 1279 explanemus.
1071 1223 1203 1272 Sunt,
1234 1222 1307 1279 qui
1337 1225 1564 1264 adsumunt
1593 1235 1654 1264 te-

233 1313 485 1344 stamentum
516 1300 600 1341 Dei
631 1315 708 1355 per
740 1316 784 1341 os
813 1317 958 1349 suum,
997 1311 1038 1340 et
1076 1316 1172 1341 cum
1211 1299 1346 1351 legem
1389 1300 1472 1340 Dei
1503 1300 1546 1341 in
1578 1318 1652 1340 ore

234 1379 441 1427 habeant,
483 1378 563 1418 vita
603 1387 643 1418 et
686 1388 802 1416 actus
840 1377 904 1417 sui
941 1376 1067 1427 longe
1097 1393 1119 1416 a
1150 1376 1287 1418 verbis
1317 1392 1465 1416 eorum
1497 1389 1535 1417 et
1565 1394 1652 1419 ser-

232 1455 436 1496 monibus
467 1454 718 1509 discrepant.
805 1453 968 1494 Dicunt
1000 1452 1136 1502 enim,
1179 1464 1218 1493 et
1254 1469 1343 1493 non
1374 1453 1555 1493 faciunt:
1600 1455 1652 1494 de

234 1532 388 1588 quibus
421 1542 461 1571 et
491 1531 701 1585 propheta
733 1530 854 1572 dicit:
885 1528 1190 1586 „peccatori³)
1223 1540 1363 1570 autem
1390 1528 1490 1570 dixit
1511 1530 1652 1572 Deus:

232 1624 363 1665 quare
391 1619 438 1648 tu
470 1623 637 1648 enarras
666 1606 838 1663 justitias
868 1622 1003 1656 meaS,
1047 1617 1087 1647 et
1127 1605 1310 1647 adsumis
1349 1617 1645 1648 testamentum

230 1702 374 1727 meum
403 1700 482 1740 per
513 1701 559 1725 os
588 1696 707 1725 tuum
725 1683 773 1724 ?“
802 1683 927 1724 Vides
959 1698 1071 1734 erg0,
1103 1684 1325 1738 quomodo
1351 1682 1425 1724 iste
1448 1683 1646 1734 ruminat,

232 1761 306 1818 qui
333 1772 627 1802 testamentum
659 1760 742 1801 Dei
774 1761 902 1800 habet
929 1760 973 1800 in
1005 1776 1080 1799 ore
1110 1775 1201 1800 suo.
1261 1759 1347 1800 Sed
1380 1761 1481 1815 quid
1511 1761 1554 1802 in
1583 1778 1650 1804 se-

231 1838 458 1894 quentibus
487 1838 541 1877 ad
573 1853 669 1877 eum
702 1835 884 1877 dicitur}>
943 1834 1100 1888 „Tu⁴)
1131 1846 1269 1875 autem
1303 1837 1426 1878 odisti
1457 1838 1644 1894 discipli-

229 1930 345 1964 narn,
376 1925 415 1955 et
444 1911 634 1970 abjecisti
660 1930 876 1954 sermones
905 1928 1023 1953 meos
1063 1923 1160 1968 post
1199 1918 1280 1953 tess‘
1347 1913 1393 1953 In
1437 1930 1522 1969 quo
1565 1914 1648 1955 evi-

231 1991 380 2032 denter
412 1991 596 2032 ostendit
622 1989 747 2031 istum
780 1990 1063 2031 ruminantem
1104 1988 1298 2044 quidem,
1339 1991 1413 2030 sed
1444 1992 1647 2042 ungulam

231 2084 322 2108 non
353 2067 623 2117 dividentem,
655 2078 694 2108 et
724 2066 820 2108 ideo
855 2067 1098 2121 immundus
1132 2078 1190 2108 est
1222 2066 1466 2121 quicunque
1496 2079 1553 2108 est
1582 2080 1645 2108 ta-

230 2145 292 2186 lis.
381 2144 435 2185 Et
475 2143 628 2185 iterum
668 2155 726 2184 est
765 2143 892 2193 alius,
941 2144 1004 2184 vel
1046 2159 1092 2183 ex
1136 2143 1219 2193 his,
1269 2144 1341 2198 qui
1380 2155 1493 2185 extra
1541 2144 1641 2185 reli-

227 2221 396 2274 gionem
436 2233 623 2262 nostram
664 2232 779 2271 sunt,
824 2220 889 2276 vel
933 2237 979 2260 ex
1020 2220 1103 2269 his,
1149 2218 1222 2276 qui
1262 2219 1484 2261 nobiscum
1524 2233 1643 2263 sunt:

227 2297 302 2353 qui
332 2297 524 2338 dividunt
555 2297 727 2353 quidem
758 2299 946 2350 ungulas,
975 2308 1015 2337 et
1044 2297 1100 2337 ita
1131 2295 1335 2337 incedunt
1364 2298 1407 2338 in
1439 2296 1511 2339 viis
1540 2298 1639 2348 suis,

225 2384 274 2418 ut
314 2386 428 2416 actus
465 2391 562 2415 suos
603 2376 658 2416 ad
695 2375 887 2415 futurum
925 2373 1141 2414 saeculum
1180 2384 1445 2428 praeparent.
1511 2374 1639 2415 Multi

225 2450 338 2493 enim
368 2451 424 2491 ita
456 2463 494 2491 et
525 2468 570 2492 ex
601 2450 867 2506 philosophis
899 2450 1089 2505 sapiunt,
1119 2460 1159 2490 et
1188 2451 1378 2489 futurum
1411 2466 1494 2490 esse
1524 2448 1636 2506 judi-

223 2527 338 2570 cium
369 2528 558 2569 eredunt.
616 2527 903 2570 Immortalem
939 2543 1126 2583 namque
1156 2527 1340 2567 animam
1370 2525 1567 2576 sentiunt,
1598 2538 1638 2568 et

220 2604 606 2645 remunerationem
654 2604 779 2646 honis
837 2603 1076 2659 quibusque
1130 2602 1312 2659 positam
1365 2602 1632 2644 confitentur.

337 2783 380 2837 ¹)
410 2782 536 2823 Levit.
567 2783 643 2832 XI,
673 2786 711 2826 3.
831 2784 877 2840 ³)
909 2785 987 2827 Ed.
1018 2783 1153 2826 Ruaei
1182 2783 1292 2824 sola:
1324 2783 1460 2840 hujus.

329 2853 376 2906 ³)
405 2852 557 2895 Psalm.
577 2852 624 2906 L,
644 2855 707 2898 16.
737 2855 939 2909 (XLIX.)
1028 2851 1073 2908 Δ>
1105 2854 1253 2896 Psalm.
1272 2852 1316 2906 L,
1334 2854 1397 2896 17.
1429 2853 1632 2910 (XLIX.)
