1752 3136
155 143 240 187 262
769 136 991 179 Omossms

160 255 390 304 tradamus,
421 251 540 309 quod
568 262 770 308 superest,
799 250 843 292 id
875 262 948 300 est,
976 249 1074 290 Deo
1106 262 1379 290 reservemus.
1433 247 1581 304 Neque

163 332 275 375 enim
305 331 349 373 in
380 330 591 387 praesenti
631 328 712 371 vita
742 329 860 370 Deus
889 326 994 369 scire
1034 342 1112 368 nos
1145 325 1289 367 omnia
1318 324 1465 375 voluit,
1493 342 1584 367 ma-

162 411 273 452 xime
303 425 401 450 cum
433 418 473 449 et
493 406 535 462 ¹)
564 406 610 447 id
641 406 871 462 Apostolus
897 404 1032 446 dicat:
1071 403 1257 459 „quia²)
1289 419 1334 444 ex
1357 415 1477 459 parte
1504 402 1584 445 sci-

165 504 271 536 mus,
303 496 343 526 et
371 500 418 525 ex
447 495 567 540 parte
595 485 916 540 prophetamus.
979 481 1088 523 Cum
1120 481 1278 522 venerit
1308 491 1448 520 autem
1467 480 1586 535 quod

165 566 401 620 perfectum
435 573 506 612 est,
540 562 810 602 destruentur
839 559 925 608 illa,
957 573 1064 614 quae
1097 573 1141 598 ex
1171 567 1292 613 parte
1320 561 1456 597 sunt.“
1507 555 1589 596 Iste

167 654 226 683 est
255 657 353 693 ergo
386 639 512 692 ignis,
561 638 651 688 cui,
702 653 809 692 quae
849 635 894 676 in
934 635 1104 675 tertium
1145 634 1258 676 diem
1289 632 1589 689 superfuerint,

166 735 330 760 servare
361 718 577 764 debemus,
610 725 650 754 et
680 729 769 753 non
800 711 1034 753 temeritate
1062 722 1302 766 praesumta
1331 726 1590 752 assumamus

166 795 291 837 nobis
324 804 577 834 cunctorum
607 789 848 838 scientiam,
893 799 942 827 ut
983 786 1134 828 merito
1172 787 1297 828 nobis
1342 787 1509 829 dicatur
1539 787 1592 828 ab

168 873 320 913 eodem
362 868 596 925 Apostolo:
641 865 899 916 „nescientes
917 866 959 918 ³)
1011 879 1152 919 neque
1193 879 1302 918 quae
1342 865 1594 918 loquuntur,

168 964 308 1004 neque
340 948 392 988 de
423 945 576 1002 quibus
608 944 864 985 affirmant.“
931 942 998 982 Ne
1027 943 1139 982 forte
1170 955 1269 992 ergo
1301 956 1391 980 non
1422 939 1494 980 fiat
1523 957 1595 981 ac-

171 1037 342 1082 ceptum
372 1021 626 1065 sacrificium
656 1032 865 1069 nostrum,
896 1031 935 1060 et
965 1019 1048 1060 hoc
1079 1018 1232 1074 ipsum,
1264 1017 1382 1073 quod
1414 1033 1461 1058 ex
1492 1016 1598 1057 divi-

171 1103 235 1144 nis
265 1100 480 1157 scripturis
512 1098 706 1153 cupimus
736 1095 952 1137 scientiam
986 1112 1149 1151 capere,
1182 1106 1368 1136 vertatur
1396 1094 1523 1136 nobis
1553 1094 1597 1134 in

171 1192 409 1237 peccatum,
437 1192 648 1220 servemus
681 1190 746 1215 eas
778 1189 1008 1222 mensuras,
1039 1189 1141 1228 quas
1172 1171 1296 1214 nobis
1325 1189 1404 1228 per
1433 1172 1597 1224 legisla—

171 1270 309 1298 torem
341 1258 404 1297 lex
434 1252 659 1310 spiritualis
690 1251 893 1293 enuntiat.

284 1335 350 1377 10.
380 1331 522 1386 „Et⁴)
554 1346 700 1371 carnes
731 1343 1011 1384 quaecunque
1041 1339 1175 1368 tactae
1205 1326 1364 1368 fuerint
1393 1327 1446 1367 ab
1479 1326 1600 1368 omni

172 1412 420 1459 immundo,
463 1424 555 1448 non
589 1405 991 1453 manducabuntur,
1018 1403 1105 1457 igni
1143 1404 1462 1445 cremabuntur.
1533 1403 1598 1445 0-

174 1489 283 1530 mnis
327 1487 515 1527 mundus
569 1480 848 1524 manducabit
894 1497 1059 1532 carnes3
1106 1493 1145 1522 et
1194 1480 1336 1522 anima
1384 1497 1602 1536 quaecun-

175 1582 257 1622 que
302 1562 622 1605 manducaverit
665 1575 811 1601 carnes
869 1557 1063 1599 sacrificii
1115 1557 1327 1607 salutaris,
1378 1558 1496 1613 quod
1547 1570 1606 1600 est

173 1641 383 1690 Domino,
415 1651 453 1680 et
482 1636 754 1681 immunditia
786 1634 874 1693 ejus
903 1635 945 1676 in
988 1651 1039 1676 eo
1080 1635 1229 1685 fuerit,
1275 1636 1433 1691 peribit
1464 1635 1605 1678 anima

174 1718 247 1760 illa
279 1719 332 1759 de
361 1718 527 1773 populo
558 1732 650 1757 suo.
689 1715 746 1755 Et
768 1712 907 1754 anima
928 1727 1210 1767 quaecunque
1234 1713 1411 1765 tetigerit
1433 1730 1606 1755 omnem

175 1813 266 1838 rem
306 1796 596 1843 immundam,
636 1791 703 1832 vel
743 1791 795 1831 ab
835 1788 1108 1830 immunditia
1147 1789 1353 1840 hominis,
1394 1790 1458 1830 vel
1500 1807 1605 1845 qua-

177 1873 422 1929 drupedum
452 1870 797 1917 immundorum,
838 1866 902 1907 vel
945 1867 998 1907 ab
1043 1865 1162 1906 omni
1194 1867 1542 1908 abominamento
1562 1866 1607 1923 ⁵)

177 1949 417 1998 immundo,
450 1960 490 1989 et
519 1944 837 1989 manducaverit
867 1960 914 1985 ex
953 1943 1149 1984 carnibus
1179 1943 1372 1986 sacrificii
1403 1944 1608 1994 salutaris,

180 2028 298 2084 quod
341 2037 401 2067 est
439 2024 644 2074 Domini,
691 2022 848 2079 peribit
896 2020 1037 2061 anima
1078 2021 1149 2062 illa
1192 2022 1244 2061 de
1284 2022 1450 2077 populo
1489 2026 1610 2062 suo.¹‘

179 2103 385 2159 TriPlices
403 2101 700 2143 immunditiae
718 2116 859 2142 causas
879 2097 947 2139 hic
967 2097 1180 2150 legislator
1196 2097 1403 2154 exposuit.
1452 2097 1610 2147 Unam,

176 2198 232 2223 ne
264 2197 409 2223 carnes
449 2179 754 2222 sacrificiorum
802 2176 943 2232 aliqua
984 2175 1255 2216 immunditia
1296 2175 1609 2227 contingantur.

180 2259 331 2307 Aliam,
361 2275 416 2298 ne
447 2258 493 2308 is,
525 2256 597 2313 qni
628 2255 715 2297 edit
747 2270 890 2295 carnes
927 2252 1141 2302 sacrificii,
1182 2253 1432 2294 immundus
1461 2252 1535 2302 sit,
1573 2264 1614 2294 et

178 2335 447 2377 immunditia
480 2333 639 2392 ejusrin
670 2333 762 2389 ipso
793 2332 855 2374 sit.
935 2330 1146 2381 Tertiam,
1193 2330 1311 2386 quod
1352 2328 1424 2370 etsi
1464 2344 1611 2370 carnes

183 2414 370 2454 mundae
401 2414 498 2462 sint,
530 2423 570 2453 et
599 2413 701 2467 ipse,
734 2411 807 2466 qui
837 2409 937 2458 edit,
968 2408 1154 2449 mundus
1179 2408 1244 2458 sit,
1273 2418 1415 2446 tamen
1433 2421 1488 2446 ne
1505 2422 1610 2446 con-

181 2489 318 2539 tigerit
348 2489 512 2545 aliquid
544 2489 831 2537 immundum,
862 2487 926 2526 vel
962 2502 983 2526 a
1014 2483 1255 2542 pecoribus,
1286 2484 1350 2523 vel
1382 2484 1434 2524 ab
1451 2480 1496 2539 ⁶)
1529 2480 1615 2523 avi-

310 2614 351 2667 1)
382 2614 493 2655 Edd.
524 2612 723 2655 Merlini:
756 2613 799 2654 id
832 2623 881 2653 et.
1001 2612 1048 2663 ²)
1078 2611 1097 2650 Ῑ
1129 2610 1230 2651 Cor.
1259 2609 1377 2659 XIII,
1406 2609 1444 2651 9.
1476 2611 1540 2655 10.

299 2683 343 2738 3)
375 2683 392 2722 l
425 2683 536 2725 Tim.
568 2685 597 2733 Ῐ,
630 2685 666 2725 7.
789 2682 834 2737 4)
865 2681 996 2723 Levit.
1029 2681 1122 2730 VII,
1153 2681 1217 2722 19.
1248 2682 1315 2723 20.
1346 2682 1417 2725 21.

302 2754 347 2810 ³)
381 2753 488 2795 Cod.
537 2755 812 2804 Sangerman.
861 2749 1283 2802 „abominamento.“
1359 2749 1478 2791 Libri
1515 2749 1616 2791 editi

186 2812 244 2865 (e.
278 2828 310 2851 c.
344 2811 439 2851 edd.
470 2810 577 2864 M.):
611 2810 933 2861 „abominato.“
962 2808 1015 2849 R.

306 2878 352 2934 ὁ>
385 2878 490 2921 Cod.
525 2879 804 2947 Sangerman.
837 2894 885 2929 „a
913 2879 1095 2919 bobus.“
1125 2877 1175 2917 R.
