1768 3107
531 86 578 116 m
609 73 813 115 Exonum
842 71 1047 115 Homnm
1076 73 1107 115 I.
1508 74 1539 117 5

104 187 186 231 sint
216 198 368 245 patres,
399 198 470 228 aut
498 201 578 241 pro
609 185 762 241 quibus
801 186 1120 242 posteritatibus
1163 184 1352 228 coelestis
1391 196 1535 242 pater-

103 265 211 308 nitas
241 264 495 313 nominetur‚
524 262 653 318 ipsius
684 274 744 305 est
772 279 899 305 nosse
927 264 1082 315 solius,
1116 263 1236 322 cujus
1266 263 1467 316 „coelum
1489 262 1532 318 ¹)

105 343 212 384 coeli
244 355 315 392 est,
343 354 498 382 terram
531 352 671 381 autem
705 340 821 382 dedit
849 340 945 381 filiis
977 340 1248 383 hominum.“

214 421 252 463 3.
294 418 616 459 Descenderunt
655 433 754 469 ergo
790 417 836 458 in
874 419 1115 477 Aegyptum
1158 428 1320 473 patres,
1357 415 1527 465 Ruben,

103 497 299 544 Simeon,
345 494 467 544 Levi,
512 495 863 549 unusquisque2)
910 513 1035 545 „cum
1079 494 1198 536 omni
1238 495 1372 536 domo
1413 496 1529 535 sua.“

103 572 339 628 Quomodo
374 571 465 627 quis
496 583 535 612 et
564 572 648 612 hoc
681 570 951 627 edisserat,³)
976 573 1210 628 quodcum
1240 569 1360 612 omni
1390 570 1525 611 domo

100 666 171 691 sua
206 648 462 690 introierunt
499 647 542 689 in
584 648 856 706 Aegyptum?
896 649 1049 705 quibus
1064 648 1112 704 4)
1158 648 1348 690 additur:
1397 647 1527 703 „et⁵)

100 742 267 775 omnes,
315 725 476 781 inquit,
529 725 716 775 animae,
766 742 876 781 quae
922 726 1184 768 introierunt
1235 742 1333 767 cum
1369 725 1524 777 Jacob,

95 815 218 844 LXXV.
276 802 357 843 Hic
393 800 479 859 jam
519 801 789 843 nominando
815 803 990 845 'animas
1029 821 1141 861 pene
1170 804 1405 846 nudaverat
1432 817 1526 860 my-

95 880 267 922 sterium
297 896 436 921 sermo
478 880 781 936 propheticus,
824 881 942 936 quod
982 881 1143 934 ubique
1184 891 1449 930 contexerat,
1477 890 1527 920 ut

95 959 311 1014 proderet,
342 958 459 1012 quod
487 974 578 998 non
609 960 662 999 de
694 958 961 1013 corporibus,
990 959 1064 1000 sed
1096 958 1149 998 de
1168 957 1392 999 animabus
1416 958 1522 998 haec

98 1034 210 1076 dicit.
267 1034 572 1075 Verumtamen
603 1033 731 1075 habet
760 1035 900 1075 adhuc
929 1035 1120 1076 velamen
1151 1051 1287 1076 suum.
1360 1034 1410 1075 In
1442 1052 1521 1075 usu

94 1128 281 1167 namque
322 1128 407 1154 esse
449 1110 655 1161 creditur,
695 1110 855 1154 animas
897 1129 978 1168 pro
1020 1111 1268 1154 hominibus
1299 1111 1520 1168 appellari.

93 1189 265 1231 Interim
294 1201 418 1231 LXXV.
450 1188 616 1230 animae
647 1190 958 1230 descenderunt
989 1206 1084 1230 cum
1129 1188 1267 1231 Jacob
1306 1189 1352 1230 in
1383 1191 1519 1248 Aegy-

93 1279 227 1323 ptum.
288 1267 394 1308 Istae
421 1278 518 1307 sunt
549 1266 735 1316 animae,
779 1282 881 1322 quas
921 1267 1066 1317 genuit
1095 1268 1248 1308 Jacob.
1307 1267 1400 1319 Ego
1430 1284 1523 1308 non

92 1356 213 1400 puto,
243 1345 363 1400 quod
394 1345 571 1400 qpilibet
599 1343 826 1385 hominum
856 1344 989 1399 possit
1019 1343 1203 1385 animam
1227 1344 1409 1397 gignere,
1440 1343 1521 1386 nisi

93 1422 125 1463 si
157 1422 247 1478 quis
275 1423 387 1463 forte
416 1421 510 1462 talis
539 1421 602 1470 sit,
633 1420 767 1476 qualis
797 1421 881 1472 ille,
915 1420 987 1477 qui
1008 1421 1196 1463 dicebat:
1226 1422 1416 1477 „nam⁶)
1447 1421 1522 1465 etsi

92 1500 226 1539 multa
254 1497 388 1540 millia
415 1500 760 1553 paedagogorum
792 1497 980 1540 habeatis
1018 1499 1063 1539 in
1095 1499 1290 1549 Christo,
1327 1500 1402 1542 sed
1431 1516 1523 1540 non

93 1577 248 1617 multos
278 1588 430 1631 patres.
491 1575 600 1615 Nam
631 1574 675 1615 in
709 1574 878 1617 Christo
909 1576 1012 1618 Jesu
1032 1592 1108 1632 per
1129 1576 1409 1628 Evangelium
1442 1591 1522 1627 ego

93 1671 166 1694 vos
197 1652 360 1706 genui.“
416 1652 489 1692 Isti
519 1651 619 1693 tales
648 1664 768 1701 sunt,
801 1652 872 1708 qui
903 1665 1105 1705 generant
1134 1652 1319 1702 animas,
1352 1664 1392 1694 et
1419 1669 1522 1708 par-

92 1730 255 1772 turiunt
285 1746 366 1779 eas,
393 1728 501 1770 sicut
522 1741 560 1769 et
579 1729 679 1770 alibi
700 1729 819 1770 dicit:
851 1728 1062 1785 „fili‹›}i⁷)
1096 1730 1193 1780 mei,
1227 1746 1335 1786 quos
1364 1730 1520 1771 iterum

91 1805 298 1864 parturio,
329 1807 468 1847 donec
498 1808 708 1848 formetur
749 1805 940 1847 Christus
980 1806 1025 1848 in
1055 1807 1218 1849 vobis.“
1290 1806 1377 1849 Alii
1407 1807 1522 1848 enim

92 1883 341 1942 hujusmodi
378 1884 658 1936 generationis
700 1902 871 1933 curam,
917 1896 988 1925 aut
1030 1886 1189 1927 nolunt
1227 1886 1406 1933 habere,
1449 1895 1522 1926 aut

91 1973 324 2018 nequeunt.
392 1962 592 2017 Denique
631 1963 771 2004 statim
814 1963 856 2003 in
898 1962 1025 2005 initiis
1063 1962 1153 2019 ipse
1184 1964 1321 2004 Adam
1354 1960 1456 2016 quid
1474 1960 1522 2016 ⁸)

92 2039 220 2081 dicit?
261 2040 368 2090 „hoc
385 2038 431 2087 9)
459 2056 575 2080 nunc
606 2055 651 2081 os
684 2041 736 2080 de
768 2040 930 2081 ossibus
959 2039 1077 2090 meis,
1111 2052 1149 2081 et
1179 2056 1280 2082 caro
1313 2041 1366 2081 de
1395 2052 1523 2079 carne

89 2122 232 2158 mea:“
274 2116 441 2171 neem)
472 2127 612 2158 tamen
643 2117 828 2159 addidit:
878 2129 917 2159 et
954 2117 1093 2159 anima
1136 2119 1190 2160 de
1232 2116 1373 2160 anima
1412 2130 1520 2156 mea.

210 2250 255 2304 ¹)
287 2251 440 2292 Psalm.
473 2249 606 2300 CXV,
637 2252 702 2295 16.

207 2320 255 2376 2)
289 2320 375 2361 Cfr.
406 2321 544 2362 Exod.
574 2322 607 2370 I,
638 2322 676 2362 1.
708 2323 806 2363 coll.
840 2337 943 2364 vers.
974 2322 1014 2365 2.

208 2391 255 2446 3)
285 2393 399 2433 Edd.
430 2390 628 2432 Merlini:
661 2391 845 2434 disserat.
960 2439 963 2440 ⁷
1083 2421 1086 2425 ι

210 2461 257 2516 ⁴)
288 2462 468 2516 Aliquot
499 2460 621 2502 Mss.:
655 2463 736 2511 „de
766 2463 919 2519 quibus
951 2461 1144 2503 dicitur.“
1175 2460 1224 2502 R.

211 2530 257 2586 5)
285 2532 425 2572 Exod.
451 2530 483 2580 Ῐ,
515 2533 554 2574 5.
673 2532 719 2587 ⁵)
746 2532 767 2573 Ι
799 2532 899 2575 Cor.
928 2533 1002 2582 IV,
1033 2532 1099 2574 15.

208 2600 254 2657 ⁷)
289 2600 426 2643 Galat.
457 2601 530 2652 IV,
560 2602 628 2646 19.

206 2671 254 2725 ⁸)
286 2670 400 2712 Alias
430 2670 490 2726 (v,
522 2689 553 2713 c.
584 2673 629 2714 in
661 2673 755 2714 edd.
783 2672 890 2727 Μ.);
922 2671 1023 2728 „qui
1054 2671 1192 2715 dicim
1224 2671 1272 2712 R.

209 2742 257 2795 9)
289 2739 440 2782 Genes.
473 2741 527 2791 ll,
557 2743 624 2785 23.

186 2809 374 2865 1η)Ρι·ο
416 2810 479 2854 his
521 2813 719 2856 vocibus:
761 2829 864 2867 „uec
904 2825 1046 2857 tamon
1078 2811 1263 2858 addidit:
1303 2823 1340 2854 ct
1381 2810 1519 2854 anima
