1752 3136
4 2817 11 2823 ”
43 2819 54 2843 ἰ

420 126 468 157 m
498 114 751 175 anmcmu
781 96 982 154 HomnA
1008 110 1062 152 ΙΙ.
1372 111 1455 154 187

41 238 111 278 est,
142 225 222 268 nisi
252 226 288 268 ei
319 228 462 269 oleum
493 224 682 267 coelestis
706 221 984 264 miserationis
1015 220 1207 262 adsuerit.
1254 220 1455 264 Secundo

38 303 80 345 in
112 306 224 355 loco,
254 303 555 361 primitiarum,
591 300 637 341 id
674 311 755 349 est,
786 300 839 340 de
866 297 995 339 initiis
1032 300 1202 348 frugum
1231 298 1459 339 mandatur

41 381 217 424 oblatio.
287 380 432 435 Quod,
475 378 508 420 si
537 379 647 418 bene
685 374 950 425 meministis,
995 374 1040 415 in
1080 373 1149 415 die
1186 373 1458 416 Pentecostes

38 458 132 500 fieri
159 458 223 499 lex
250 455 380 514 jubet.
448 455 498 495 In
537 469 622 510 quo
653 454 733 496 illis
769 452 898 508 plane
925 453 1079 493 umbra
1108 452 1204 493 data
1235 462 1305 501 cst,
1335 451 1460 494 nobi⁵

39 546 180 575 autem
209 533 356 574 veritas
385 542 589 573 reservata
612 541 682 572 est.
731 529 781 570 In
804 530 871 571 die
893 529 1004 570 enim
1025 529 1295 569 Pentecostes
1315 528 1459 569 oblato

40 611 284 652 orationum
311 607 541 657 sacrificio,
580 607 786 663 primitias
825 605 1082 648 advenientis
1119 603 1253 647 sancti
1281 603 1462 660 Spiritus

39 686 351 743 Apostolorum
382 684 563 740 suscepit
592 683 780 725 ecclesia.
850 683 906 725 Et
935 700 1033 725 vere
1060 683 1165 724 haec
1192 683 1365 723 fuerunt
1394 697 1462 722 re-

39 763 196 813 centia,
227 762 323 818 quia
353 772 440 803 erat
467 777 650 802 novum:
688 763 803 815 unde
839 772 879 802 et
917 772 1056 802 musto
1097 757 1307 816 repleti¹)
1347 759 1462 800 dice-

39 842 207 882 bantur.
283 838 459 893 υῙςῑιίἳ)
504 843 655 884 tosta.“
726 838 877 891 Igneae
917 854 1102 894 namque
1141 837 1309 889 linguae
1336 852 1466 891 supra

39 916 227 970 singulos
259 916 554 957 consederunt.
617 914 757 969 ‚,Et3)
787 914 930 956 medio
961 917 1132 956 fracta.“
1190 913 1466 965 Frangebat}-

39 1005 110 1035 tur
141 994 253 1035 enim
283 992 436 1042 media,
467 1009 562 1033 cum
595 991 713 1035 litera
742 992 1017 1048 separabatur
1044 1007 1066 1032 a
1096 990 1258 1045 spiritu.
1324 989 1406 1039 „Et
1420 987 1466 1043 ⁴²)

42 1071 153 1112 bene
181 1075 396 1126 purgata.“
451 1069 609 1121 Purgat
643 1084 829 1123 namque
870 1084 1018 1110 omnes
1054 1068 1201 1109 sordes
1229 1064 1468 1121 praesentia

41 1147 174 1189 sancti
204 1146 398 1202 Spiritus,
427 1143 716 1187 remissionem
746 1143 937 1185 tribuens
963 1155 1251 1201 peccatorum.
1310 1141 1469 1183 Oleum

43 1239 216 1279 quoque
253 1222 566 1265 misericordiae
604 1221 704 1263 huic
741 1220 949 1264 sacrificio
985 1220 1249 1270 infunditur,
1295 1231 1334 1262 et
1373 1220 1469 1261 thus

42 1300 266 1350 suavitatis,
292 1316 370 1356 per
400 1301 516 1355 quod
550 1298 705 1341 Christi
749 1300 888 1341 bonus
929 1300 1042 1340 odor
1080 1298 1302 1340 efficimur.
1367 1297 1472 1339 Post

45 1378 149 1419 haec
182 1378 235 1419 dc
267 1376 480 1419 sacrificiis
520 1375 772 1419 salutaribus
812 1375 934 1425 dicit,
974 1392 1083 1432 quae
1121 1392 1169 1416 ex
1206 1373 1473 1423 animalibus,

45 1456 89 1497 id
122 1466 182 1495 est
209 1455 363 1503 bobus,
391 1454 455 1493 vel
486 1453 620 1509 capris
654 1465 780 1508 atquc
812 1453 961 1494 ovibus
992 1454 1253 1501 offeruntur,
1297 1463 1337 1492 ct
1366 1449 1473 1491 nihil

49 1531 112 1571 his
143 1530 253 1570 ultra
282 1528 547 1571 substituitur
576 1530 630 1570 ad
659 1529 987 1579 immolandum,
1016 1530 1090 1570 scd
1119 1544 1174 1569 ne
1194 1527 1348 1582 aves5)
1379 1525 1474 1582 qui-

50 1610 162 1657 dem,
192 1622 301 1663 quae
328 1605 520 1662 superius
549 1604 593 1646 in
624 1605 853 1647 offerendis
892 1604 1141 1646 muneribus
1178 1606 1346 1645 fuerant
1373 1605 1475 1644 sub-

49 1684 228 1726 stitutae.
285 1683 364 1725 Iste
396 1682 522 1732 enim,
554 1681 626 1738 qui
655 1684 857 1724 salutares
894 1682 1052 1724 hostias
1083 1680 1233 1730 offert,
1271 1681 1362 1723 sine
1396 1681 1477 1720 du-

50 1760 123 1802 bio
152 1758 240 1817 jam
271 1775 372 1802 suae
398 1758 541 1800 salutis
572 1769 631 1800 est
661 1757 874 1800 conscius:
906 1769 948 1798 et
975 1758 1088 1807 ideo,
1120 1757 1194 1812 qui
1226 1758 1279 1798 ad
1298 1758 1476 1798 salutem

23 1837 255 1895 ‚pervenit,
283 1851 452 1878 necesse
483 1847 554 1885 est,
584 1846 630 1876 ut
660 1850 768 1891 quae
795 1850 949 1886 magna
990 1846 1031 1876 et
1067 1835 1253 1890 perfecta
1282 1844 1379 1874 sunt
1410 1834 1479 1873 of-

50 1916 172 1956 ferat.
231 1914 303 1956 Sic
335 1912 446 1955 enim
479 1923 520 1952 et
557 1913 787 1968 Apostolus
828 1912 949 1954 dicit:
985 1913 1302 1968 „perfectorum
1317 1909 1362 1965 ⁶)
1403 1926 1481 1951 au-
1546 1942 1549 1944 —

52 2003 138 2033 tem
171 2002 231 2032 est
263 1991 380 2031 cibus
407 1988 610 2030 solidus.“
674 1988 844 2029 Dehinc
882 1989 936 2030 ad
978 1989 1219 2030 offerendas
1258 2004 1337 2044 pro
1379 2004 1480 2042 pec-

56 2067 157 2110 eatis
187 2066 375 2109 victimas
404 2065 707 2107 sacrificiorum
739 2068 848 2108 ordo
881 2064 1096 2118 dirigitur,
1134 2065 1179 2106 in
1219 2081 1306 2120 quo
1346 2076 1385 2105 et
1413 2080 1480 2106 se-

58 2144 202 2185 cundo
235 2142 408 2183 dicitur:
439 2144 630 2193 „locutus
646 2142 690 2198 ⁷)
721 2152 782 2185 est
805 2141 1020 2183 Dominus
1043 2142 1098 2184 ad
1117 2142 1285 2193 ⁷Mosen,
1317 2140 1481 2183 dicens:

59 2222 200 2262 anima
231 2235 511 2275 quaecunque
539 2220 773 2274 peccaverit
803 2236 949 2261 coram
970 2219 1178 2272 Domino,
1210 2237 1301 2261 non
1330 2220 1483 2260 volun-

59 2302 186 2339 tate.“
241 2297 374 2338 Recte
403 2295 588 2338 animam
620 2296 733 2349 dicit,
763 2313 891 2354 quam
920 2313 1098 2354 peccare
1126 2295 1334 2339 describit.
1381 2296 1484 2337 Non

179 2499 223 2555 ¹)
254 2499 343 2541 Cfr.
375 2502 466 2541 Act.
496 2499 548 2549 ΙΙ,
579 2500 644 2543 13.
760 2499 808 2556 ²)
841 2500 928 2542 Csr.
958 2500 1087 2542 Levit.
1118 2500 1171 2551 II,
1202 2499 1268 2541 14.

175 2570 222 2625 3)
252 2570 340 2612 cfr.
370 2569 498 2611 Levit.
528 2569 581 2620 II,
608 2570 674 2611 14.
793 2570 840 2626 4ἲ)
873 2571 960 2616 Cfr.
991 2570 1119 2612 Levit.
1150 2570 1182 2611 Ι.
1211 2570 1263 2611 ΙΙ.
1292 2569 1365 2611 111.

179 2640 224 2695 ⁵)
260 2638 368 2680 Cod.
401 2639 699 2694 Sangerman.:
728 2646 888 2693 „aves.“
945 2640 1063 2684 Libri
1093 2639 1193 2683 editi
1232 2641 1292 2697 (c.
1328 2658 1361 2683 c.
1393 2642 1488 2685 cdd.

62 2696 170 2754 M.):
200 2697 281 2746 „de
312 2694 495 2738 avibus.“
525 2697 575 2738 R.

174 2765 222 2821 ⁶)
252 2764 385 2807 Hebr.
414 2765 464 2815 V,
494 2766 561 2808 14.

185 2836 230 2892 ⁷)
261 2834 389 2878 Lavit.
419 2834 494 2885 IV,
525 2837 563 2879 1.
592 2836 632 2878 2.
