1752 3136
446 138 492 169 m
522 126 720 168 Exonum
751 124 951 165 HomuA
970 121 1089 164 ΧΙΙΙ.
1398 122 1481 165 157

72 251 254 297 quatuor
283 239 612 286 elementorum,
659 252 706 276 ex
746 235 898 289 quibus
937 245 977 274 et
1016 233 1203 274 mundus
1247 242 1409 273 constat
1447 244 1486 273 et

72 333 227 372 corpus
257 317 503 364 humanum,
533 323 678 353 tenent
698 313 888 362 figuram,
909 311 952 351 id
973 321 1031 351 est
1051 309 1169 358 aeris,
1198 309 1317 360 ignis,
1339 324 1488 363 aquae,

72 406 113 434 et
150 405 296 434 terrae.
367 390 626 447 Hyacinthus
667 405 765 440 ergo
808 388 861 428 ad
901 393 1040 427 aerem
1080 387 1278 434 refertur,
1317 385 1487 425 —hoe

72 469 184 511 enim
224 470 312 524 ipse
346 467 503 507 indicat
541 465 663 505 color
703 488 785 514 —,
822 463 927 506 sicut
971 475 1011 504 et
1052 479 1203 504 coccus
1241 463 1295 502 ad
1331 461 1486 514 ignem.

70 547 264 601 Purpura
295 560 428 599 aquae
456 552 569 582 tenet
599 541 798 593 figuram,
841 541 958 595 quasi
1000 556 1107 595 quae
1148 540 1200 579 de
1230 538 1347 594 aquis
1377 536 1489 578 acci-

68 623 157 676 piat
185 622 341 661 fucum.
397 618 551 674 Byssus
579 629 739 666 terrae,
780 617 876 672 quia
920 615 1056 657 oritur
1086 632 1132 656 ex
1166 627 1286 656 terra.
1342 612 1489 654 Habe-

68 713 161 738 mus
191 711 289 747 ergo
322 707 360 736 et
387 711 466 737 nos
497 695 600 735 haec
633 695 776 735 omnia
806 693 847 734 in
878 692 1018 742 nobis,
1048 704 1086 733 et
1112 693 1210 749 quia
1233 708 1280 732 ex
1308 690 1371 731 his
1400 691 1489 746 pri-

68 772 204 813 mitias
239 773 434 814 Domino
473 771 673 827 jubemur
712 774 889 822 offerre,
937 770 1035 811 ideo
1079 769 1199 811 dicit:
1250 767 1488 823 „sumite¹)

69 865 118 889 ex
145 849 266 890 vobis
294 849 405 905 ipsis,
436 859 476 888 et
507 849 658 889 offerte
685 848 889 904 primitias
922 846 1160 888 Domino.“

181 927 221 968 4.
251 926 412 966 Verum
443 925 555 966 istud
571 925 616 979 ²)
656 926 1013 966 considerandum
1045 936 1174 980 puto,
1215 924 1353 979 quod,
1390 938 1489 963 cum

71 1005 124 1044 de
164 1003 308 1044 ceteris
350 1002 594 1057 simpliciter
632 1002 732 1043 dixit
760 1003 926 1053 Moses,
970 1012 1134 1042 tantum
1169 1001 1221 1040 de
1250 1015 1380 1039 cocco
1412 999 1489 1039 ad-

72 1080 179 1121 didit
209 1078 485 1135 duplicatum,
517 1090 556 1119 et
585 1080 760 1134 byssum
790 1091 960 1119 tortam.
999 1076 1248 1132 Requiritur
1269 1091 1382 1127 ergo,
1414 1091 1490 1114 cur

70 1155 169 1197 alias
201 1155 372 1211 quidem
403 1156 612 1205 materias,
643 1173 689 1197 ex
720 1156 872 1211 quibus
904 1167 943 1196 et
973 1166 1111 1196 cetexa
1133 1154 1376 1195 indicantur
1406 1151 1491 1191 ele-

68 1244 223 1283 menta,
253 1233 499 1289 simpliciter
529 1234 697 1274 dixerit:
737 1250 939 1283 coccum,
978 1249 1062 1289 quo
1102 1231 1206 1284 ignis
1237 1230 1492 1282 designatur,

69 1311 207 1351 solum
236 1310 426 1365 posuerit
457 1311 732 1366 duplicatum.
799 1310 1004 1352 Difficiiia
1035 1310 1136 1349 haee
1168 1309 1220 1349 ad
1252 1306 1491 1358 intelligen-

70 1389 186 1437 dum,
218 1399 256 1427 et
292 1389 344 1428 ad
374 1389 680 1442 proferendum
705 1388 842 1428 multo
871 1386 1125 1427 difficiliora.
1183 1386 1490 1426 Verumtamen

68 1475 200 1519 prout
237 1463 452 1505 Dominus
490 1464 675 1514 dederit,
714 1463 968 1505 tentabimus
998 1462 1234 1518 explanare.
1307 1462 1492 1517 Oportet

72 1541 184 1582 enim
217 1553 255 1581 et
286 1539 367 1581 dici
397 1540 548 1596 aliqua,
580 1552 619 1581 et
648 1540 863 1596 aliquanta
890 1539 1056 1582 servari.
1114 1541 1347 1580 Videamus
1377 1552 1491 1589 ergo,

76 1634 155 1672 qua
189 1617 354 1658 ratione
385 1633 560 1657 coccum
591 1617 740 1659 dixerit
779 1617 1055 1673 duplicatum.
1128 1615 1263 1658 Color
1299 1615 1397 1665 iste,
1445 1625 1493 1654 ut

73 1694 272 1743 diximus,
309 1693 413 1745 ignis
443 1693 604 1734 indicat
635 1695 900 1735 elementum.
959 1694 1068 1747 Ignis
1098 1706 1239 1735 autem
1274 1690 1491 1747 duplicem

71 1771 199 1812 habet
229 1770 437 1819 virtutem,
466 1787 610 1820 unam,
641 1787 723 1827 qua
753 1771 977 1821 illuminat,
1007 1771 1145 1820 aliam,
1178 1787 1260 1827 qua
1288 1768 1491 1810 incendit.

71 1846 188 1887 Haec
220 1857 280 1887 est
307 1846 506 1888 historiae
536 1846 655 1890 ratio.
712 1848 944 1893 Veniamus
979 1849 1079 1903 et3)
1102 1850 1154 1890 ad
1175 1843 1490 1888 intellectualia.

69 1922 210 1964 Etiam
238 1923 282 1964 in
311 1923 410 1979 ipsis
440 1923 544 1977 ignis
575 1926 730 1982 duplex
762 1937 832 1966 est.
889 1926 964 1967 Est
991 1925 1096 1979 ignis
1126 1924 1298 1981 quidam
1332 1923 1377 1963 in
1406 1923 1492 1963 hoe

71 2001 254 2050 saeculo,
285 2013 342 2043 est
373 2013 412 2042 et
441 2001 484 2042 in
514 2003 671 2044 futuro.
718 2003 933 2045 Dominus
959 2004 1079 2046 Jesus
1110 2001 1230 2044 dicit:
1260 2000 1426 2052 „ignem
1445 1997 1490 2055 4)

71 2077 165 2118 veni
195 2077 358 2118 mittere
389 2079 432 2119 in
462 2084 657 2120 terram.“
711 2079 825 2134 'Ignis
865 2080 942 2122 iste
979 2080 1203 2122 illuminat.
1261 2079 1365 2118 Item
1395 2093 1491 2116 rur-

70 2170 139 2195 sus
168 2154 382 2195 Dominus
418 2154 528 2196 dicet
563 2155 608 2196 in
645 2157 790 2197 futuro
826 2157 1029 2212 operariis
1057 2156 1309 2212 iniquitatis:
1346 2152 1491 2208 ‚,i1e⁵)

72 2229 116 2271 in
147 2229 285 2282 ignem
319 2242 548 2281 aeternum,
582 2248 706 2288 quem
724 2234 990 2290 praeparavit
1019 2247 1139 2290 pater
1163 2250 1280 2274 meus
1301 2231 1490 2280 diabolo,

74 2318 114 2347 et
155 2306 310 2358 angelis
347 2306 475 2363 ejus.“
542 2309 617 2349 Ille
660 2309 764 2362 ignis
802 2310 1003 2352 incendit.
1073 2311 1376 2352 Verumtamen
1414 2307 1490 2348 iste

72 2382 189 2436 ignis,
213 2400 339 2439 quem
353 2384 466 2426 venit
488 2385 654 2428 mittere
677 2387 810 2437 Jesus,
828 2387 1042 2429 illuminat
1059 2387 1103 2443 6)
1123 2387 1296 2443 quidem
1319 2401 1492 2428 omnem

192 2544 236 2599 1)
266 2544 403 2586 Exod.
434 2544 616 2594 XXXV,
648 2546 687 2588 5.
802 2547 848 2603 2)
879 2547 990 2589 Edd.
1020 2547 1215 2589 Merlini:
1246 2547 1367 2589 illud.

187 2613 234 2670 ³)
267 2613 384 2654 Libri
415 2626 536 2655 antea
568 2616 667 2656 editi
700 2614 760 2671 (v,
792 2634 826 2658 c.
857 2619 951 2658 edd.
981 2616 1088 2671 M.:)
1126 2630 1192 2668 „et
1232 2619 1286 2658 ad
1323 2617 1490 2659 intelle-

76 2680 187 2710 ctum
218 2669 359 2710 alium.
416 2670 600 2712 Etiam
587 2672 693 2724 ignis
722 2673 811 2728 ipse
842 2674 997 2729 duplex
1028 2678 1126 2715 est.“
1196 2674 1282 2716 Sed
1311 2673 1412 2715 Mss.
1443 2685 1490 2714 ut

74 2725 118 2766 in
147 2737 295 2767 nostro
326 2737 452 2767 textu.
482 2728 532 2767 Ρι.

190 2793 235 2849 ⁴¹)
266 2796 368 2836 Iuc.
396 2795 492 2846 XII,
521 2797 588 2840 49.
626 2824 634 2829 -
709 2798 752 2851 ⁵)
783 2799 935 2844 Matth.
967 2800 1107 2853 XXV,
1135 2802 1200 2846 41.

191 2863 239 2919 ὅ)
270 2864 355 2908 Cfr.
384 2881 444 2909 ev.
474 2866 631 2911 Joann.
661 2868 694 2920 J,
722 2869 763 2920 9,
