1768 3107
246 44 276 86 6
852 37 1076 82 Onmnms

251 153 339 195 Sed
367 152 494 195 velim
525 151 631 195 mihi
662 154 850 203 diceres,
889 170 915 195 o
960 153 1122 203 Adam,
1160 152 1193 193 si
1235 169 1282 195 os
1321 154 1376 195 de
1415 154 1496 196 tuis
1527 155 1690 198 ossibus

251 229 471 284 agnovisti,
504 241 544 271 et
575 247 747 272 carnem
779 232 833 272 de
864 241 936 272 tua
972 246 1100 272 carne
1129 230 1303 281 sensisss,
1339 248 1416 272 cur
1445 250 1535 274 non
1567 233 1689 274 intel-

251 306 385 348 lexisti
417 306 543 349 etiarn
575 307 764 350 animam
794 309 847 350 de
879 320 950 350 tua
985 309 1127 350 anima
1166 307 1449 363 processisse?
1494 309 1540 351 Si
1573 310 1687 352 enim

254 384 414 434 omnia,
445 401 555 440 quae
583 386 628 427 in
658 398 699 428 te
729 397 861 436 erant,
893 384 1117 435 tradidisti,
1148 402 1225 427 cur
1254 402 1344 427 non
1370 386 1492 427 etiarn
1526 386 1694 429 animae

251 462 355 505 facis
386 479 484 505 cum
515 463 661 506 ceteris
693 464 973 514 mentionem,
1019 479 1129 519 quae
1159 462 1315 504 melior
1349 464 1479 506 totius
1510 464 1695 506 hominis

251 556 351 596 pars
383 539 471 583 est?
548 542 635 585 Sed
674 542 842 584 videtur
882 558 962 598 per
992 541 1096 582 haec
1124 540 1454 592 intelligentibus
1485 540 1695 583 indicium

254 618 369 669 dare,
401 619 583 675 quod¹)
617 636 713 661 cum
746 619 871 660 dicit:
915 618 1050 673 ‚‚os²)
1093 619 1147 660 de
1179 618 1342 660 ossibus
1380 618 1496 668 meis,
1528 630 1567 660 et
1596 634 1696 660 caro

255 697 309 737 de
341 713 470 738 carne
499 713 593 738 mea
609 702 646 738 :“
679 713 788 753 quae
820 697 873 737 de
903 707 1014 737 terra
1044 708 1143 738 sunt
1159 713 1233 738 sua
1256 712 1342 738 esse
1366 696 1575 752 profiteri,
1605 713 1698 737 non

256 775 416 815 audere
447 790 548 815 vero
579 790 655 816 sua
687 773 840 823 dicere,
873 789 984 829 quae
1011 774 1090 815 scit
1120 790 1212 814 non
1244 789 1329 815 esse
1361 775 1415 815 de
1433 785 1558 815 terra.
1610 774 1697 814 Sed

256 862 298 892 et
326 851 476 892 Laban
505 850 699 892 similiter
740 867 836 891 cum
882 850 984 892 dicit
1015 852 1068 892 ad
1107 849 1272 900 Jacob,
1318 849 1523 906 quoniam
1562 849 1698 905 „0⁵3)

254 945 414 979 meum,
447 940 487 970 et
517 945 616 970 caro
649 944 743 970 mea
776 945 816 970 es
849 933 943 978 tu‚“
980 944 1061 969 nec
1100 927 1190 984 ipse
1229 927 1412 982 amplius
1443 926 1606 982 aliquid
1635 926 1697 967 vi-

255 1006 381 1047 detur
412 1007 570 1048 audere
599 1022 723 1048 suum
758 1005 910 1055 dicere,
940 1006 1020 1047 nisi
1052 1007 1171 1062 quod
1202 1018 1397 1047 terrenae
1429 1005 1569 1061 esse4)
1591 1021 1697 1046 con-

255 1083 549 1136 sanguinitatis
583 1084 784 1139 agnoscit.
854 1083 953 1126 Alia
985 1084 1147 1139 quippe
1178 1094 1238 1125 est
1269 1081 1508 1124 animarum
1540 1099 1699 1135 cogna-

256 1160 341 1211 tio,
383 1177 492 1216 quae
531 1161 594 1201 vel
637 1161 776 1202 Jacob
816 1159 1090 1202 descendenti
1130 1159 1176 1201 in
1214 1161 1457 1218 Aegyptum
1496 1160 1699 1209 sociatur,

256 1238 321 1279 vel
355 1238 503 1279 ceteris
545 1238 810 1294 patriarchis,
843 1250 882 1279 ct
909 1237 1064 1280 sanctis
1093 1239 1172 1280 sub
1203 1239 1527 1279 enumeratione
1555 1238 1701 1296 mysti-

258 1331 334 1356 cae
363 1315 620 1371 posteritatis
652 1317 918 1358 adscribitur.
978 1318 1064 1360 Sed
1107 1316 1181 1373 qui
1219 1314 1406 1356 vicinum
1447 1326 1583 1356 terrae
1624 1331 1701 1356 na-

256 1391 440 1445 vigantes
470 1409 637 1435 servare
669 1395 956 1450 disposuimus
997 1412 1190 1444 cursum,
1236 1405 1276 1434 et
1312 1393 1449 1449 ipsam
1490 1394 1703 1448 quodam-

257 1471 391 1511 modo
426 1487 546 1512 oram
577 1471 730 1513 littoris
760 1472 986 1525 stringere,
1025 1471 1070 1512 in
1110 1473 1244 1512 altum
1286 1470 1430 1511 nescio
1474 1471 1700 1525 quomodo

256 1549 475 1589 undarum
504 1565 586 1590 nos
617 1549 850 1591 violentior
880 1561 1017 1592 aestus
1049 1547 1300 1602 abducit.⁵)
1351 1546 1594 1589 Redeamus
1624 1546 1703 1601 igi-

256 1635 326 1666 tur
355 1625 411 1666 ad
443 1641 506 1675 ea,
536 1641 646 1681 quae
676 1639 986 1682 consequenter
1019 1627 1249 1668 adduntur.
1280 1672 1284 1677 ,

368 1703 410 1748 4.
440 1701 668 1753 „Mortuus
686 1703 732 1758 6)
766 1715 847 1753 est,
876 1702 1041 1760 inquit,
1073 1703 1261 1758 Joseph‚
1304 1713 1343 1742 et
1375 1718 1523 1743 omnes
1554 1704 1703 1744 fratres

260 1776 363 1836 ejus,
395 1790 435 1820 et
466 1778 606 1820 omnis
645 1780 862 1832 generatio
904 1779 989 1821 illa.
1060 1779 1159 1822 Filii
1201 1791 1342 1821 autem
1383 1780 1515 1821 Israel
1560 1797 1702 1822 creve-

257 1868 369 1906 runt,
401 1868 441 1897 et
470 1857 743 1912 multiplicati
775 1869 885 1908 sunt,
920 1870 959 1900 et
988 1857 1031 1899 in
1063 1858 1339 1900 multitudine
1375 1874 1526 1911 magna
1560 1858 1703 1900 diffusi

256 1944 367 1983 sunt,
397 1944 438 1974 et
465 1933 739 1975 invaluerunt
768 1936 952 1978 multum
986 1937 1131 1977 valde:
1180 1935 1478 1991 multiplicavit
1507 1934 1621 1976 enim
1651 1935 1704 1976 il-

256 2011 322 2053 los
352 2016 506 2052 terra.“
556 2011 711 2068 Donec
742 2012 899 2055 viveret
918 2014 1083 2070 Joseph
1104 2031 1196 2055 non
1213 2015 1409 2063 refertur,
1441 2014 1559 2070 quod
1591 2013 1704 2054 mul—

255 2087 436 2144 tiplicati
466 2087 626 2130 fuerint
655 2088 732 2130 filii
764 2091 916 2141 lsrael,
956 2107 1036 2132 nec
1077 2090 1238 2147 aliquid
1271 2090 1449 2132 omnino
1481 2091 1526 2131 in
1556 2089 1618 2133 his
1650 2092 1704 2133 dc.

257 2165 492 2219 augmentis
525 2178 564 2208 et
593 2167 901 2210 numerositate
931 2180 1211 2210 memoratur.
1271 2169 1365 2222 Ego
1404 2170 1581 2211 credens
1609 2185 1703 2211 ver-

258 2340 312 2380 de
345 2339 484 2382 anima
517 2347 652 2391 mea,“
684 2341 793 2384 Cod.
824 2342 1098 2395 Remigianus
1130 2345 1278 2387 habet:
1323 2362 1427 2396 „cur
1456 2362 1548 2386 non
1577 2344 1702 2386 intel-

260 2396 399 2438 lexisti
432 2397 557 2439 etiam
590 2398 775 2440 animam
807 2400 860 2440 de
891 2412 962 2441 tua
996 2400 1137 2443 anima
1169 2401 1476 2458 processisse?“
1508 2402 1557 2442 R.

379 2466 422 2523 ¹)
454 2468 535 2509 Vel
567 2471 895 2524 expungendum
927 2470 992 2526 (?)
1022 2470 1128 2512 illud
1171 2474 1358 2527 „qu0d‚“
1400 2473 1464 2512 vel
1496 2471 1607 2513 infra
1638 2471 1698 2512 le-

257 2524 466 2576 gendum:
498 2542 600 2575 „sua
631 2542 718 2567 esse
748 2527 988 2582 profitetur,
1018 2544 1109 2569 non
1144 2532 1270 2570 audet
1298 2535 1424 2570 vero“
1459 2539 1540 2571 etc.
1573 2528 1622 2568 R.

375 2593 421 2648 ²)
455 2593 607 2637 Genes.
637 2596 688 2647 II,
718 2598 786 2640 23.
904 2597 952 2653 3)
985 2596 1140 2642 Genes.
1170 2599 1336 2650 XXIX,
1367 2601 1432 2644 14.

376 2661 422 2718 4)
453 2665 584 2707 Deest
614 2673 755 2716 „esse“
786 2668 832 2709 in
863 2668 959 2709 edd.
991 2668 1052 2709 M.

375 2734 420 2789 ⁵)
449 2735 563 2778 Edd.
597 2736 794 2779 Merlini:
827 2737 1012 2780 adducit.

377 2803 424 2858 ⁶)
453 2804 590 2848 Exod.
622 2807 653 2856 I,
684 2808 724 2851 6.
756 2809 793 2851 7.

1748 0 1768 134 1
