1752 3136
422 176 469 204 m
499 163 753 205 LEVITICUM
782 162 985 203 Hom1L1A
1008 160 1104 201 XII.
1391 160 1476 204 395

170 276 209 318 6.
240 274 449 325 „Viduam
469 276 512 331 ¹)
552 287 714 324 autem,
753 286 793 316 et
833 273 1030 331 ejectam,
1062 285 1102 315 et
1143 273 1473 317 contaminatam

58 369 149 393 non
179 352 397 407 accipiet.“
455 353 501 396 Si
532 352 622 409 quis
650 363 844 393 nostrum
875 351 1136 406 peccaverit,
1181 351 1369 409 abjectus
1401 366 1474 403 est,

62 428 221 470 etiamsi
250 446 338 469 non
371 429 590 486 abjiciatur
619 430 671 469 ab
704 429 931 484 episcopo,
961 428 1045 469 sive
1078 430 1196 483 quod
1226 430 1363 479 lateat,
1394 430 1478 471 sive

60 507 177 560 quod
207 506 421 547 interdum
461 508 514 547 ad
552 507 726 558 gratiam
766 505 1000 563 judicetur,
1045 504 1200 561 ejectus
1243 519 1301 548 est
1339 519 1481 548 tamen

61 582 212 638 ips-22)
244 583 500 625 conscientia
531 583 704 639 peccati.
773 585 862 625 Nec
901 585 1078 639 prodest
1115 583 1300 624 hominis
1339 585 1480 635 gratia,

63 676 159 700 cum
193 659 382 702 Christus
411 660 658 719 hujusmodi
698 662 883 703 animam
917 672 1121 716 tanquam
1151 659 1359 717 abjectam
1390 680 1482 703 non

62 736 239 792 recipiat
267 738 312 778 in
344 736 604 795 conjugium.
663 739 795 791 Igitur
823 755 962 794 neque
991 738 1183 786 viduam,
1221 738 1326 779 sicut
1354 756 1483 795 supra

63 812 267 864 diximus,
297 814 496 871 accipiet,
525 832 666 871 neque
698 813 895 872 ejectam,
930 831 1070 870 neque
1098 815 1320 870 pollutam.
1379 816 1484 856 Pol-

64 890 153 931 luta
184 891 361 942 dicitur,
394 908 501 948 quae
533 892 691 934 etiamsi
719 909 808 933 non
844 910 891 933 ex
932 892 1094 944 integro
1125 892 1354 948 complevit
1381 910 1484 949 pec-

67 980 220 1018 catum,
250 981 390 1010 tamen
420 971 503 1010 hoc
534 970 640 1026 ipso,
673 972 789 1025 quod
812 968 1019 1020 cogitavit,
1051 970 1169 1024 quod
1187 970 1334 1019 voluit,
1366 972 1485 1026 quod

67 1046 238 1101 optavit,
270 1047 427 1089 etiamsi
456 1065 545 1088 non
578 1046 757 1096 admisit,
786 1048 952 1102 polluta
984 1057 1054 1096 est,
1085 1058 1125 1087 et
1146 1063 1340 1099 amagno
1371 1064 1485 1102 pon-

65 1122 177 1164 tifice
205 1141 296 1165 non
327 1124 504 1177 eligitur.
569 1124 704 1164 Valde
742 1124 854 1164 enim
885 1139 1056 1179 puram,
1102 1124 1224 1164 valde
1267 1127 1488 1172 mundam,

69 1212 109 1240 et
145 1200 353 1242 sinceram
397 1201 577 1257 requirit
618 1200 827 1250 animam,
880 1217 1008 1256 quam
1051 1199 1132 1240 sibi
1177 1198 1343 1257 jungat:
1390 1202 1489 1256 quia

68 1277 229 1333 ,‚qui³)
271 1277 527 1335 sejunxerit
563 1279 783 1327 Domino,
827 1294 936 1318 unus
974 1276 1142 1332 spiritus
1186 1281 1285 1318 est.“
1359 1278 1489 1319 Unde

70 1355 195 1396 etiam
226 1357 310 1396 hoc
340 1356 598 1405 ostenditur,
642 1357 761 1411 quod
796 1355 878 1396 sint
909 1354 1174 1395 differentiae
1202 1368 1490 1410 peccatorum,

73 1442 113 1472 et
143 1433 215 1487 qui
244 1433 478 1488 peccaverit
508 1446 727 1488 peccatum
761 1433 814 1473 ad
845 1443 1048 1480 mortem,
1089 1430 1274 1488 abjectus
1313 1433 1384 1474 sit:
1417 1434 1490 1489 qui

74 1521 215 1550 autem
251 1527 339 1551 non
371 1522 519 1566 peccat
543 1511 594 1550 ad
625 1521 829 1558 mortem,
860 1509 931 1549 sed
962 1507 1136 1548 inferius
1177 1509 1360 1564 aliquid,
1389 1512 1488 1565 pol-

72 1586 185 1627 lutus
215 1586 277 1628 sit.
338 1588 506 1643 Sponsa
547 1598 686 1628 autem
726 1586 901 1634 Christi,
947 1602 1086 1640 neque
1129 1584 1314 1643 abjecta,
1352 1604 1492 1643 neque

74 1662 239 1716 polluta
269 1674 407 1718 potest
439 1680 543 1713 esse,
587 1666 658 1705 sed
690 1663 804 1716 virgo
834 1662 1189 1711 incontaminata,
1231 1664 1491 1720 incorrupta,

78 1750 118 1779 et
156 1741 330 1781 munda.
396 1741 617 1782 Memento
659 1741 772 1782 enim
811 1740 1017 1782 sermonis
1056 1740 1321 1795 Apostolici,
1365 1758 1491 1797 quc-⁷11

76 1817 206 1871 paulo
239 1828 336 1857 ante
365 1817 681 1873 proposuimus,
711 1818 908 1859 dicentis:
939 1828 1013 1866 „ut
1028 1816 1072 1870 ⁵¹)
1095 1817 1286 1858 exhibeat
1307 1818 1395 1873 ipse
1414 1819 1494 1859 sibi

78 1893 306 1944 gloriosam
339 1894 578 1943 ecclesiam,
607 1911 698 1935 non
727 1895 957 1935 habentem
987 1895 1221 1943 maculam,
1250 1911 1390 1950 neque
1421 1913 1493 1935 ru-

79 1985 195 2021 gam,
237 1983 308 2011 aut
338 1971 496 2027 aliquid
527 1971 757 2027 ejusmodi,
798 1972 872 2013 sed
910 1984 954 2012 ut
993 1971 1044 2012 sit
1082 1982 1222 2011 sancta
1266 1983 1304 2011 et
1341 1971 1494 2011 immn-

81 2048 256 2088 culata.“

194 2126 230 2167 7.
262 2124 347 2164 Set]
381 2135 419 2163 et
448 2125 713 2167 meretricem
742 2143 834 2167 non
864 2124 1051 2180 acciplet.
1113 2123 1236 2178 Quae
1267 2135 1325 2165 est
1355 2124 1496 2166 anima

82 2201 308 2244 meretrix?
368 2200 491 2255 Quae
521 2204 572 2243 ad
604 2219 646 2243 se
676 2203 835 2259 recepit
853 2203 896 2258 ⁵)
915 2214 1134 2250 amatores,
1165 2203 1217 2241 de
1249 2201 1401 2257 quibus
1432 2203 1496 2242 ‹li-

84 2279 140 2321 cit
169 2281 402 2335 propheta:
433 2280 723 2326 „meretricata
739 2279 784 2336 ⁶)
818 2295 857 2320 es
876 2291 974 2334 post
995 2290 1204 2319 amatores
1222 2283 1357 2320 tuos.“
1411 2278 1498 2333 Qui

85 2369 182 2399 sunt
199 2357 242 2412 ⁷)
272 2356 337 2398 isti
366 2368 587 2407 amatores,
619 2356 691 2412 qui
720 2358 880 2398 intrant
911 2357 963 2397 ad
995 2356 1179 2397 animam
1217 2355 1497 2405 meretricem,

87 2434 166 2475 nisi
197 2433 433 2475 contrariae
461 2445 707 2488 potestates,
754 2445 793 2474 et
831 2434 1084 2482 daemones,
1130 2432 1200 2488 qui
1244 2432 1499 2474 desiderium

90 2511 261 2566 capiunt
309 2510 637 2566 pulchritudinis
690 2509 806 2566 ejus?
864 2510 1049 2550 Pulchra
1098 2525 1284 2564 namque
1330 2525 1352 2550 a
1400 2510 1497 2550 Deo

211 2692 253 2746 ¹)
283 2693 414 2735 Levit.
445 2692 563 2741 XXI,
596 2692 659 2734 14.
777 2692 824 2737 ²3
854 2691 962 2733 Edd.
994 2690 1193 2733 blerIIni:
1223 2692 1266 2732 in
1299 2693 1399 2748 ipsa.

207 2762 252 2816 ³)
282 2761 300 2802 I
333 2761 428 2802 Cor.
462 2762 533 2811 Vl,
565 2763 627 2803 17.
745 2761 791 2816 ⁴)
821 2763 975 2819 Ephes.
1007 2763 1056 2812 V,
1087 2763 1155 2804 27.

211 2831 253 2884 5)
284 2831 393 2873 Edd.
426 2832 620 2872 Mcrlini:
652 2831 812 2888 recipit.
931 2832 976 2887 ⁶)
1011 2831 1097 2875 Cfr.
1128 2833 1282 2875 Ezech.
1314 2834 1429 2880 XVI.

212 2902 255 2954 ⁷)
285 2901 395 2942 Edd.
428 2901 621 2944 Martini:
650 2903 743 2945 sim.
829 2887 866 2918 ’δ’
