1752 3136
209 107 292 151 272
805 108 1030 152 Omonms

562 224 687 273 110
726 224 836 274 Ml
875 219 1121 286 L1A1)
1194 221 1276 272 vl.

381 345 449 386 De
478 345 795 402 indumenti-1²)
833 346 1068 405 pontificis,
1111 358 1150 388 et
1180 346 1460 388 sacerdotum.
1522 368 1534 372 κ

325 459 365 503 1.
398 458 594 510 Causam,
625 476 705 516 qua
739 460 908 517 quidem
939 461 1066 512 haec,
1098 475 1206 515 quae
1234 459 1358 501 nobis
1388 458 1630 512 recitantur,

215 545 287 576 aut
314 526 491 588 int'elligi
518 537 754 593 possint,³)
786 549 858 578 aut
887 553 976 578 non
1009 535 1206 588 intelligi,
1236 537 1417 578 breviter
1448 538 1631 579 ostendit

214 612 469 668 Apostolus,
501 614 665 663 dicens,
697 615 750 653 ab
781 612 870 670 ejus
902 612 1034 654 oculis
1065 629 1189 669 posse
1217 613 1365 655 veteris
1396 613 1630 656 testamenti

211 691 403 731 velamen
434 690 611 738 auferri,
651 689 724 744 qui
762 705 986 730 conversus
1018 689 1070 728 ad
1101 689 1242 731 Deum
1272 690 1420 732 suerit:
1464 707 1510 732 cx
1542 707 1628 746 quo

215 766 311 807 sciri
341 765 486 812 voluit,
517 765 635 820 quod
667 776 825 819 quanto
849 766 1006 806 'minus
1046 765 1150 806 haec
1190 766 1316 808 nobis
1354 768 1481 822 plana
1521 778 1631 815 sunt,

214 854 333 883 tanto
353 840 398 896 ⁴²)
429 839 572 881 minor
601 852 659 882 est
689 841 743 881 ad
777 840 917 882 Deum
948 852 1093 882 nostra
1138 843 1372 884 conversio.
1445 843 1500 884 Et
1530 843 1627 884 idco

216 918 337 960 omni
365 916 516 958 virtute
543 917 767 959 nitendum
800 928 883 967 est,
922 930 968 959 ut
997 919 1050 959 ab
1083 917 1434 974 occupationibus
1461 919 1631 969 saeculi,

214 1007 255 1037 et
285 1011 307 1038 a
337 995 562 1037 mundanis
593 994 753 1035 actibus
783 992 931 1045 liberi,
961 1006 1001 1036 et
1029 995 1137 1052 ipsas
1168 994 1316 1046 etiam,
1350 994 1385 1038 si
1414 995 1506 1037 fieri
1534 1006 1632 1051 pot-

214 1083 295 1123 est,
339 1071 571 1127 superfluas
599 1071 810 1112 sodalium
842 1072 1006 1113 fabulas
1035 1072 1342 1128 relinquentes,
1385 1074 1516 1115 verbo
1547 1071 1631 1113 Dei

213 1165 390 1206 operam
421 1149 588 1198 demus,
630 1159 670 1188 et
710 1147 754 1187 in
793 1148 883 1200 lege
915 1147 1002 1206 ejus
1031 1148 1288 1191 meditemur
1317 1150 1386 1191 die
1415 1167 1463 1191 ac
1492 1161 1632 1199 nocte,

211 1238 259 1268 ut
286 1237 377 1268 toto
409 1227 540 1267 corde
571 1223 786 1275 conversi,
825 1226 1072 1276 revelatam,
1111 1238 1149 1266 et
1187 1238 1376 1282 apertam
1405 1226 1539 1269 Mosis
1569 1228 1632 1268 fa-

213 1301 318 1344 ciem
351 1301 559 1358 possimus
588 1300 829 1358 adspicere,
879 1314 919 1343 et
957 1303 1139 1345 maxime
1175 1303 1220 1344 in
1250 1303 1334 1354 his,
1379 1319 1487 1359 quae
1515 1320 1631 1344 nunc

211 1378 382 1421 recitata
413 1390 535 1429 sunt,
580 1378 645 1419 vel
687 1379 740 1419 de
778 1380 1110 1422 sacerdotalibus
1151 1379 1436 1430 indumentis,
1483 1381 1547 1420 vel
1579 1380 1633 1420 de

211 1456 530 1498 consecratione
558 1454 796 1511 pontificis,
834 1456 879 1496 in
921 1457 1072 1513 quibus
1110 1457 1210 1497 talia
1240 1457 1449 1512 quaedam
1482 1455 1633 1497 dicun-

212 1543 303 1581 tur,
333 1543 379 1572 ut
418 1530 542 1573 etiam
581 1530 702 1573 illum
741 1531 882 1587 ipsum
922 1535 1135 1576 carnalem
1174 1533 1303 1575 Israel
1341 1533 1394 1573 ab
1434 1531 1633 1575 historica

209 1607 484 1662 intelligentia
514 1607 681 1665 penitus
713 1610 958 1651 excludant:
997 1609 1097 1664 et5)
1136 1610 1236 1653 ideo
1272 1610 1326 1651 ad
1356 1609 1462 1651 haec
1491 1610 1632 1665 expla-

208 1685 366 1735 nanda,
394 1701 485 1726 non
515 1684 691 1727 humani
719 1685 876 1737 ingenii
908 1687 1063 1729 viribus
1085 1687 1313 1728 nitendum*
1337 1697 1409 1736 est,
1436 1687 1510 1727 sed
1535 1702 1632 1728 ora-

210 1762 420 1821 tionibus,
459 1773 499 1803 et
535 1762 735 1818 precibus
765 1765 819 1804 ad
850 1764 993 1805 Deum
1025 1763 1138 1810 fusis.
1206 1762 1257 1803 In
1288 1779 1374 1818 quo
1407 1763 1532 1803 etiam
1561 1779 1631 1803 ve-

211 1838 285 1880 stri
313 1836 530 1895 adjutorio
559 1839 814 1892 indigemus,
854 1852 901 1881 ut
930 1841 1047 1882 Deus
1078 1852 1200 1897 pater
1228 1838 1374 1888 Verbi,
1406 1838 1475 1878 det
1504 1838 1631 1880 nobis

210 1917 389 1958 verbum
417 1915 524 1968 in5)
555 1916 819 1973 apertionem
852 1917 934 1960 oris
965 1917 1121 1968 nostri,
1167 1929 1214 1959 ut
1251 1914 1462 1973 possimus
1494 1913 1632 1957 consi-

212 1994 363 2035 derare
387 1991 600 2036 mirabilia
630 1995 683 2035 de
710 1995 802 2047 lege
832 1993 929 2052 ejus.

332 2126 376 2180 ¹)
405 2127 456 2167 In
485 2126 759 2170 vetustissimo
794 2126 902 2171 Cod.
935 2126 1301 2180 Sangermanensi,
1332 2125 1405 2182 qui
1434 2137 1549 2167 totus
1579 2126 1630 2168 li-

211 2182 309 2224 teris
338 2183 576 2225 uncialibus
606 2184 786 2239 seriptus
818 2198 889 2235 est,
919 2185 1180 2227 desideratur
1209 2184 1312 2224 haec
1339 2183 1517 2224 homilia
1545 2183 1633 2232 Vl..

212 2256 293 2281 nec
322 2257 412 2280 non
442 2240 621 2281 homilia
650 2241 742 2282 Vll.
803 2242 889 2283 Sed
928 2253 1109 2297 utraque
1146 2241 1302 2282 collata
1340 2251 1399 2281 est
1427 2256 1524 2280 cum
1555 2238 1628 2280 tri-

212 2296 291 2339 bus
322 2295 411 2338 aliis
439 2296 542 2338 Mss.
575 2296 792 2350 Beccensi,
825 2296 1120 2350 Gemeticensi,
1151 2307 1191 2339 et
1224 2296 1483 2339 Cadomensi
1512 2295 1562 2337 R.

328 2366 374 2421 ²)
408 2365 495 2407 Cfr.
525 2366 654 2409 Levit.
690 2368 796 2411 VIII.
1307 2400 1310 2401 ν

327 2435 374 2491 3)
403 2436 501 2478 Mss.
531 2437 756 2494 „possint.“
812 2437 930 2479 Libri
963 2436 1062 2479 editi
1093 2436 1152 2493 (v.
1179 2453 1210 2479 c.
1240 2436 1334 2477 edd.
1364 2434 1474 2489 M.):
1505 2449 1630 2489 „pos-

213 2497 347 2534 sunt.“
377 2491 429 2533 R.
697 2513 710 2520 »

331 2559 375 2614 ⁴)
406 2560 541 2603 Iidem
572 2563 670 2606 Mss.
701 2576 844 2613 „tanto
877 2564 1022 2606 minor
1061 2567 1158 2606 est.“
1228 2562 1345 2603 Libri
1376 2560 1476 2603 editi
1505 2563 1564 2617 (e.
1595 2577 1631 2606 e.

215 2618 309 2659 edd.
340 2617 449 2671 M.):
479 2631 621 2667 „tanto
653 2621 791 2663 minus
822 2628 919 2663 cst.“
949 2620 1000 2662 R.
1238 2629 1247 2635 ‘

332 2686 375 2740 ⁵)
405 2686 523 2727 Libri
562 2691 660 2731 editi
698 2694 756 2746 (v.
797 2709 829 2733 c.
869 2691 964 2733 edd.
1002 2688 1112 2744 M.):
1163 2700 1237 2741 „et
1273 2689 1371 2730 ideo
1412 2687 1537 2730 nobis
1576 2688 1630 2729 ad

212 2744 317 2785 hacc
349 2745 638 2797 exponenda,“
666 2749 739 2789 scd
772 2749 871 2789 Mss.
903 2759 949 2789 ut
976 2746 1021 2787 in
1050 2757 1198 2788 nostro
1230 2757 1354 2788 textu.
1384 2744 1437 2786 R.

333 2813 373 2865 6)
405 2812 537 2854 Iidem
576 2816 676 2858 Mss.
722 2817 793 2866 „in
834 2818 1137 2872 apertionem.“
1203 2815 1322 2857 Libri
1361 2814 1461 2857 editi
1497 2813 1555 2868 (e.
1595 2829 1629 2854 c.

216 2870 315 2915 edd.
343 2868 451 2924 NJ:
482 2869 553 2920 „in
584 2873 945 2928 adapertionem.“
978 2874 1026 2913 R.
