1752 3136
443 153 490 181 m
519 139 724 181 Exonmu
754 137 956 180 Homma
985 139 1057 180 IV.
1411 140 1469 184 35

44 252 167 301 citur,
196 263 237 293 et
266 251 310 293 in
342 250 509 307 quinta,
553 250 628 291 ubi
666 266 816 293 manus
847 250 1031 292 Domini
1066 250 1113 292 fit
1151 265 1277 305 super
1307 267 1465 306 pecora

43 329 374 386 Aegyptiorum,
412 327 530 384 paria
574 343 704 383 super
742 328 826 368 hoc
867 328 1072 368 dicuntur
1102 337 1141 367 et
1169 325 1337 368 similia.
1414 328 1463 368 In

41 417 153 447 sexta
181 423 292 456 vero,
324 404 397 445 ubi
427 403 574 445 sumsit
602 404 787 446 favillam
830 404 883 443 de
910 404 1085 444 fornace
1116 402 1283 451 Moses,
1319 415 1359 444 et
1398 420 1465 445 re-

39 483 201 538 spersit,
232 494 271 523 et
302 483 410 522 facta
439 494 536 521 sunt
566 482 722 530 ulcera,
754 492 792 521 ct
821 480 982 521 vesicae
1011 481 1217 521 ferventes
1247 480 1289 520 in
1323 480 1464 521 homi·

40 561 163 602 nibus
205 571 243 600 et
281 559 324 600 in
367 559 740 614 quadrupedibus,
779 569 819 599 et
860 554 945 613 jam
987 573 1074 597 non
1115 568 1315 611 poterant
1357 568 1465 598 stare

38 636 221 676 malefici
251 636 295 676 in
325 647 556 690 conspectu
588 635 733 684 Blosis,
764 651 853 675 non
887 633 1054 683 dicitur,
1088 632 1185 688 quia
1215 634 1461 675 induratum

40 724 99 754 est
129 728 203 752 cor
238 712 493 761 Pharaonis,
534 714 608 753 scd
647 712 877 754 terribilius
918 709 1078 766 aliquid
1118 710 1281 752 dicitur.
1347 711 1463 752 Scri-

39 801 159 845 ptum
196 801 254 830 cst
283 790 417 837 enim,
450 788 546 844 quia
581 788 880 843 „induravit¹)
923 787 1139 828 Dominus
1170 803 1245 827 cor
1273 788 1466 829 Pharao-

39 867 117 916 nis,
148 878 187 907 et
216 883 307 907 non
338 866 495 906 audivit
524 866 633 913 illos,
670 865 1036 921 quemadmodum
1069 863 1283 905 constituit
1308 864 1464 905 Domi-

40 949 160 984 nus.“
219 943 404 983 Rursum
438 944 479 984 in
511 942 713 998 septima,
762 959 857 982 curn
900 941 1063 994 grando
1114 952 1154 981 et
1190 940 1294 992 ignis
1330 942 1463 999 Aegy-

38 1030 158 1075 ptum
191 1030 320 1060 vastat
349 1019 609 1069 universam,
650 1019 874 1060 induratur
904 1016 1077 1073 quidem
1110 1034 1185 1058 cor
1216 1017 1466 1067 Pharaonis,

38 1097 112 1138 sed
143 1113 231 1136 non
263 1112 286 1136 a
319 1096 522 1138 Domino.
592 1096 640 1137 ln
682 1108 849 1143 octava,
889 1081 964 1136 ubi
1002 1095 1163 1137 locusta
1198 1095 1464 1150 producitur,

37 1172 256 1213 Dominus
288 1172 441 1213 dicitur
472 1173 674 1214 indurare
706 1189 782 1213 cor
806 1170 1054 1212 Pharaonis.
1099 1170 1184 1212 Sed
1211 1170 1315 1211 etin
1345 1186 1464 1211 nona

17 1263 136 1290 'cum
167 1251 367 1291 tenebrae
396 1249 630 1305 palpabiles
672 1251 781 1290 fiunt
810 1265 888 1305 per
923 1235 1067 1290 totam*
1088 1259 1241 1289 terram
1274 1247 1465 1305 Aegypti,

37 1325 274 1367 Pharaonis
307 1343 382 1367 cor
412 1326 626 1368 Dominus
656 1326 853 1367 scribitur
885 1325 1100 1370 indurare.
1167 1326 1235 1365 Ad
1265 1323 1466 1364 ultimum

40 1418 212 1458 quoque
244 1420 339 1443 cum
372 1402 579 1444 exstinctis
610 1401 901 1458 primogenitis
923 1400 1228 1459 Aegyptiorum
1247 1401 1466 1442 Hebraeus

39 1480 228 1535 populus
269 1479 537 1528 discessisset,
581 1490 680 1534 post
718 1480 852 1519 multa
885 1478 1062 1520 dicitur:
1093 1478 1222 1533 „et²)
1253 1477 1467 1518 induravit

39 1554 257 1596 Dominus
288 1572 363 1596 cor
396 1555 630 1597 Pharaonis
660 1555 766 1607 regis
798 1554 997 1613 Aegypti,
1038 1565 1076 1594 ct
1114 1570 1333 1595 servorum
1365 1552 1466 1610 ejus,

41 1642 83 1672 et
112 1631 323 1673 insecutus
355 1644 414 1673 est
442 1643 539 1688 post
567 1632 676 1672 filios
720 1631 889 1672 Israel.“
974 1630 1060 1672 Sed
1103 1641 1143 1670 et
1181 1646 1276 1670 cum
1319 1629 1464 1670 Moses

41 1707 95 1747 de
127 1718 236 1747 terra
268 1708 442 1749 Madian
475 1709 528 1749 ad
561 1709 797 1766 Aegyptum
829 1706 1027 1756 mittitur,
1066 1718 1106 1748 et
1135 1706 1398 1762 praecipitur
1428 1705 1466 1747 ei

38 1784 177 1824 facere
207 1783 349 1824 omnia
380 1783 590 1841 prodigia,
621 1800 730 1840 quae
761 1782 1108 1826 ‹leditDominus
1133 1783 1177 1823 in
1204 1773 1335 1823 manu
1366 1781 1466 1839 ejus,

40 1861 231 1902 additur:
286 1861 525 1918 ‚‚facies,³)
565 1861 723 1917 inquit,
771 1877 816 1902 ea
858 1860 901 1902 in
943 1871 1173 1917 conspectu
1215 1859 1464 1901 Pharaonis.

37 1936 130 1989 Ego
162 1948 300 1978 autem
332 1937 489 1980 induro
523 1955 599 1979 cor
629 1937 886 1988 Pharaonis,
925 1948 964 1978 et
992 1954 1084 1977 non
1115 1937 1294 1978 dimittet
1323 1953 1465 1992 popu-

38 2014 146 2055 lum.
170 2021 356 2056 meum.“
444 2015 524 2056 Hic
562 2013 704 2071 primo
744 2015 906 2056 dictum
936 2026 994 2056 est
1026 2030 1049 2054 a
1080 2013 1297 2055 Domino:
1341 2013 1462 2064 „Ego

3 2096 5 2098 ’
38 2091 195 2133 induro
228 2109 304 2133 cor
338 2092 613 2134 Pharaonis.“
698 2092 785 2133 Sed
826 2104 866 2133 et
905 2084 1095 2133 secundo
1126 2090 1202 2131 ubi
1232 2089 1465 2132 enumerati

38 2178 136 2209 sunt
165 2167 379 2224 principes
410 2170 560 2217 Israel,
598 2180 694 2223 post
732 2185 868 2224 pauca
911 2168 1029 2210 addit
1069 2185 1116 2210 ex
1154 2183 1337 2222 persona
1368 2166 1464 2207 Do-

38 2243 163 2285 mini:
194 2243 387 2301 „Ego,⁴)
417 2245 566 2302 inquit,
595 2247 751 2288 induro
783 2262 859 2287 cor
889 2244 1137 2293 Pharaonis,
1169 2256 1210 2284 et
1223 2241 1463 2298 multiplico

38 2319 155 2372 signa
183 2327 317 2362 mea.“

153 2399 192 2440 2.
226 2399 357 2460 Quod
387 2399 420 2441 si
453 2400 664 2442 credimus
694 2399 855 2441 divinas
887 2414 972 2440 esse
1002 2398 1074 2439 has
1113 2397 1277 2447 literas,
1320 2408 1359 2438 et
1388 2413 1466 2453 per

42 2473 250 2530 Spiritum
279 2487 468 2517 sanctum
500 2476 694 2531 scriptas,
732 2492 822 2517 non
869 2486 988 2531 puto,
1021 2474 1139 2530 quod
1175 2484 1262 2516 tam
1292 2474 1466 2527 indigne

44 2551 98 2592 de
139 2551 282 2594 divino
325 2552 498 2609 spiritu.
525 2552 778 2602 sentiamus,
827 2563 875 2593 ut
915 2550 1094 2593 fortuitu
1132 2549 1177 2592 in
1215 2561 1333 2591 tanto
1380 2550 1465 2591 hoc

46 2644 177 2683 opere
204 2629 314 2671 facta
345 2629 396 2671 sit
424 2629 498 2671 ista
524 2627 710 2678 varietas,
739 2640 785 2670 ut
813 2644 928 2670 nunc
961 2627 1134 2683 quidem
1153 2627 1368 2670 Dominus
1400 2627 1465 2669 di-

164 2802 206 2858 ¹>
237 2802 372 2845 Exod.
405 2804 479 2853 lx,
509 2784 586 2845 12.v
694 2803 741 2858 ²)
772 2802 909 2843 Exod.
941 2802 1058 2851 xlv,
1088 2802 1128 2844 8.

159 2872 204 2928 3)
234 2872 371 2914 Exod.
403 2873 474 2923 lv,
502 2875 569 2916 21.
691 2871 736 2927 4>
769 2872 904 2914 Exod.
943 2870 1033 2921 vn,
1061 2872 1100 2915 3.

1068 2946 1132 2990 3)(-
