1752 3136
478 148 523 178 m
552 136 753 178 Exonum
783 133 982 175 HommA
1014 132 1103 172 VII.
1445 133 1500 176 75

88 268 197 293 rum.
255 250 328 300 „Si
350 249 390 304 ¹)
422 248 548 299 enim,
575 245 713 302 inquit
743 246 995 300 Apostolus,
1037 259 1145 299 quae
1176 242 1372 293 destruxi,
1398 244 1501 286 haec

36 348 38 353 ·
87 327 242 369 iterum
271 325 520 375 reaedifico,
556 318 935 380 praevaricatorem
973 337 1042 361 me
1073 319 1325 361 constituo.“
1390 320 1439 360 In
1455 321 1501 375 ²)

79 385 164 446 'hac
196 420 293 456 ergo
324 401 605 444 amaritudine
634 400 804 449 Martae,
846 400 891 440 id
923 411 1000 448 est,
1042 397 1086 439 in
1126 397 1199 438 ista
1239 395 1361 436 litera
1389 395 1502 448 legis,
1537 410 1542 415 *

31 492 35 500 ‘
83 481 227 537 posuit
256 480 372 520 Deus
401 476 588 534 justitias,
618 488 659 518 et
687 475 940 517 testimonia.
998 475 1098 515 Non
1119 473 1196 514 tibi
1224 474 1308 515 hoc
1338 473 1503 515 videtur

28 608 35 611 ι
83 558 236 607 dicere,
268 555 363 611 quia
394 554 507 595 velut
547 554 591 594 in
630 553 800 595 vasculo
841 553 1054 607 quodam,
1091 551 1149 592 ita
1179 552 1223 591 in
1254 551 1353 602 legis
1383 551 1502 593 litera

78 632 307 690 sapientiae
346 644 385 673 et
423 629 620 673 scientiae
664 646 764 671 suae
810 629 1028 670 thesauros
1076 627 1315 669 condiderit
1350 627 1504 670 Deus?

79 710 177 752 Hoc
208 721 267 750 est
297 724 412 760 ergo,
444 708 561 763 quod
594 705 715 748 dicit:
744 707 872 762 „et3)
902 705 963 747 ibi
991 705 1137 762 posuit
1168 705 1204 746 ei
1234 705 1353 747 Deus
1381 705 1502 760 justi-

66 780 154 844 ·iias
175 769 223 827 *et
251 784 534 827 testimonia.“
592 782 689 824 Hoc
721 796 820 834 erat,
851 784 971 839 quod
992 794 1031 824 et
1061 783 1292 838 Apostolus
1314 782 1503 825 dicebat:

79 863 312 913 „habemus
326 861 372 916 4)
412 874 552 903 autem
589 860 835 902 thesaurum
865 861 980 901 hunc
1008 860 1053 901 in
1081 859 1185 901 vasis
1214 860 1426 911 fictilibus,
1456 872 1504 902 ut

80 939 313 982 sublimitas
343 937 503 980 virtutis
548 937 632 978 Dei
661 937 732 988 sit,
773 948 813 978 et
851 953 942 978 non
985 953 1033 977 ex
1071 937 1237 978 nobis.“
1303 937 1364 978 Ut
1402 953 1501 990 ergo

80 1016 213 1071 possit
252 1015 343 1057 bibi
381 1032 489 1070 aqua
528 1016 631 1055 haec
662 1015 715 1054 de
756 1013 900 1062 Mara,
949 1015 1132 1055 ostendit
1172 1014 1288 1055 Deus
1325 1014 1502 1067 lignum,

82 1094 200 1148 quod
230 1092 420 1133 mittatur
448 1091 492 1132 in
525 1108 629 1141 cam,
660 1103 706 1132 ut
736 1089 809 1146 qui
839 1089 994 1131 biberit
1015 1090 1130 1144 ne5)
1163 1090 1382 1140 moriatur,
1412 1109 1501 1132 non

80 1169 406 1210 amaritudinem
437 1168 599 1210 sentiat.
673 1168 800 1209 Unde
833 1177 1019 1216 constat,
1059 1168 1177 1223 quod
1219 1166 1252 1208 si
1293 1157 1383 1223 quis
1413 1168 1503 1210 sine

80 1245 194 1297 ligno
226 1245 344 1295 vitae,
374 1245 419 1286 id
452 1258 520 1296 est,
549 1245 638 1287 sine
667 1244 866 1303 mysterio
900 1244 1059 1297 crucis,
1098 1244 1187 1285 sine
1217 1245 1303 1285 fide
1336 1244 1505 1295 Christi,

79 1322 169 1364 sine
197 1322 469 1374 intelligentia
499 1321 706 1378 spirituali
746 1323 894 1363 bibere
936 1321 1119 1364 voluerit
1162 1322 1215 1362 de
1244 1321 1344 1375 legis
1373 1323 1504 1373 litera,

79 1416 157 1456 per
186 1399 511 1441 amaritudinem
542 1399 716 1440 nimiam
748 1398 969 1441 morietur.
1038 1399 1154 1440 Haec
1184 1399 1317 1441 sciens
1346 1399 1504 1441 Paulus

79 1476 312 1531 Apostolus
343 1475 522 1525 dicebat,
552 1476 650 1530 quia
681 1476 887 1530 ,‚literafi)
921 1475 1116 1518 occidit.“
1160 1477 1256 1517 Hoc
1283 1489 1342 1519 est
1361 1489 1505 1532 aperte

82 1551 234 1600 dicere,
267 1551 364 1606 quia
396 1568 504 1607 aqua
533 1551 681 1593 Marae
712 1552 890 1602 occidit,
926 1551 960 1595 si
998 1570 1089 1594 non
1128 1565 1288 1595 mutata
1319 1554 1504 1605 bibatur,

81 1640 122 1669 et
148 1629 193 1670 in
224 1627 495 1669 dulcedinem
527 1645 641 1670 versa
672 1630 813 1672 fuerit.

191 1706 231 1746 2.
264 1705 350 1745 Sed
381 1705 482 1759 quid
522 1705 715 1748 addidit?
737 1707 781 1762 ⁷)
840 1707 1074 1763 Postquam
1114 1706 1258 1762 posuit
1294 1706 1356 1747 illi
1387 1707 1505 1748 Deus

80 1780 254 1836 justitias
287 1792 324 1821 et
354 1778 529 1837 judicia:
562 1784 693 1837 „et⁸)
723 1782 795 1832 ibi,
826 1783 1196 1838 inquit,‚tentabat
1221 1799 1317 1824 eum
1338 1783 1502 1825 dicens:

79 1858 114 1899 si
144 1858 289 1900 auditu
329 1857 510 1900 audieris
552 1876 702 1900 vocem
735 1859 915 1901 Domini
947 1858 1030 1900 Dei
1058 1859 1141 1910 tui,
1183 1872 1224 1901 et
1264 1877 1371 1916 quae
1409 1862 1504 1917 pla—

80 1946 174 1976 cent
202 1952 347 1976 coram
384 1934 462 1975 ilio·
492 1935 659 1985 feceris,
700 1948 740 1977 et
771 1936 953 1978 audieris
983 1949 1210 1993 praecepta
1240 1935 1327 1994 ejus
1358 1950 1398 1978 et
1430 1957 1502 1980 cu-

79 2011 285 2062 stodieris,
316 2028 488 2053 omnem
517 2012 822 2064 infirmitatem,
854 2031 981 2069 quam
1006 2014 1254 2055 induxeram
1277 2015 1505 2074 Aegyptiis,

201 2222 244 2278 ¹)
278 2222 416 2264 Galat.
453 2222 516 2273 II,
560 2223 625 2266 18.
666 2248 717 2254 -
763 2225 875 2267 Edd.
916 2225 1092 2267 Merlini
1132 2241 1379 2281 perperam:
1427 2227 1503 2266 de-

81 2279 240 2322 struxit.

198 2349 244 2404 2)
274 2349 612 2390 Edd.M1erlini.
644 2350 740 2390 Et
727 2368 771 2391 1n
805 2351 884 2392 hac
915 2366 1014 2403 ergo
1048 2361 1126 2391 etc.

196 2419 243 2474 3)
273 2419 410 2460 Exod.
441 2419 536 2468 XV,
565 2419 633 2460 25.
665 2420 847 2462 —Edd.
869 2421 1045 2462 Merlini
1069 2437 1294 2477 perperam
1322 2422 1362 2462 h.
1385 2423 1505 2473 loco,

86 2477 156 2518 cf1.
187 2493 279 2532 pag.
316 2477 381 2518 73.
412 2487 500 2517 not.
531 2477 592 2517 4:
625 2487 693 2527 „et
721 2475 781 2517 ibi
812 2479 956 2533 posuit
985 2477 1041 2519 eis
1073 2478 1218 2519 Deus“
1250 2489 1326 2521 cte.

192 2545 216 2575 »4
273 2545 313 2585 Π
345 2547 444 2590 Cor.
477 2545 548 2595 lV,
578 2546 615 2588 7.

198 2545 243 2670 ⁵}
273 2616 386 2657 Edd.
419 2615 614 2656 Merlini:
645 2632 734 2656 non
765 2616 985 2661 moriatur.

198 2685 245 2739 ⁶)
278 2685 364 2726 Cfr.
394 2685 435 2726 II
468 2685 568 2726 Cor.
599 2685 674 2735 ΙΙΙ,
702 2687 766 2729 6.·

203 2754 249 2811 ⁷)
280 2755 390 2797 Edd.
429 2757 627 2843 Meilini:
670 2758 808 2809 addit,
848 2769 1074 2815 postquam
1114 2780 1167 2788 -
1210 2756 1395 2814 judicia?
1452 2758 1504 2799 Et

86 2811 144 2854 ibi
175 2823 250 2853 etc.

202 2880 248 2935 8)
280 2880 411 2925 Exod.
444 2882 539 2932 xv,
568 2884 633 2927 25.
665 2884 731 2927 26.
