1752 3136
156 99 159 104 ’
176 100 234 142 20
779 95 1006 138 Omonms

185 218 271 252 esse
303 208 521 259 infantem,
553 209 793 250 celaverunt
823 224 921 250 eum
952 207 1171 250 mensibus
1201 205 1348 247 tribus.
1411 205 1610 262 Cumque

181 303 273 329 non
305 298 479 342 possent
508 285 690 342 amplius
733 286 872 327 celare
911 302 1034 335 eum,
1074 283 1249 333 sumsit,
1280 270 1436 340 inquit,
1474 296 1609 325 mater

184 362 274 422 ejus
305 363 497 419 tibin,¹)
538 375 578 404 et
613 361 749 404 linivit
790 363 1022 412 bitumine,
1068 373 1107 403 et
1143 361 1287 419 injecit
1325 362 1532 403 infantem
1564 360 1610 402 in

186 458 295 491 eam,
326 453 365 482 et
395 441 540 497 posuit
569 440 612 482 in
644 441 805 496 palude
835 456 953 481 secus
982 440 1167 480 flumen:
1200 450 1239 480 et
1253 439 1506 481 observabat
1535 454 1606 479 so-

185 536 260 560 ror
289 516 376 576 ejus
409 519 462 559 de
492 519 631 568 longe,
661 528 708 558 ut
734 518 908 566 videret,
939 516 1042 571 quid
1073 516 1282 557 accideret
1312 515 1359 557 ei.
1417 516 1608 557 Descen-

185 594 248 637 dit
275 604 414 636 autem
445 595 531 635 filia
561 593 817 643 Pharaonis,
858 576 1144 635 ut'lavaretur
1173 592 1218 634 in
1248 592 1437 643 flumine,
1467 604 1506 633 et
1537 609 1612 633 au-

186 671 290 713 divit
316 672 557 728 plorantem
575 671 796 720 infantem,
827 683 866 711 ct
882 669 1008 719 misit,
1035 670 1188 726 inquit,
1217 681 1254 710 et
1286 670 1477 712 assumsit
1499 685 1611 717 eum,

189 761 229 790 et
267 748 369 790 dixit
408 748 493 789 filia
532 747 791 796 Pharaonis,
857 745 956 802 quia
1003 747 1056 787 de
1102 746 1336 789 infantibus
1387 746 1610 787 Hebraeo-

185 842 281 867 rum
315 838 373 867 est
413 824 520 865 hic.“
588 824 690 866 Post
719 825 823 865 haec
852 822 937 880 jam
979 824 1184 873 refertur,
1223 825 1446 878 quomodo
1486 840 1611 865 soror

185 902 274 959 ejus
315 902 439 951 dixit,
482 913 530 943 ut
583 913 763 943 matrem
798 901 921 956 pueri
961 913 1154 950 vocaret,
1193 916 1303 956 quae
1345 917 1440 957 eum
1473 899 1609 941 nutri—

184 991 261 1021 ret.
326 979 469 1034 „Et²)
510 978 624 1029 dixit,
659 977 809 1035 inquit,
864 979 918 1020 ad
949 978 1066 1019 illam
1102 978 1190 1019 filia
1231 977 1496 1020 Pharaonis:
1537 994 1610 1019 cu-

182 1056 296 1098 stodi
326 1056 431 1098 mihi
461 1056 577 1097 hunc
616 1055 844 1105 infantem,
882 1067 923 1097 et
963 1055 1078 1097 nutri
1108 1071 1204 1096 eum
1246 1055 1373 1105 mihi,
1422 1071 1498 1108 ego
1536 1071 1611 1096 au-

183 1145 272 1175 tem
319 1135 432 1176 dabo
474 1133 552 1174 tibi
592 1133 846 1174 mercedem.
927 1132 1125 1188 Cumque
1165 1131 1362 1173 nutrisset
1400 1148 1522 1182 eum,
1573 1143 1612 1172 et

183 1211 340 1254 fortior
367 1212 502 1252 factus
534 1221 657 1259 esset,
691 1210 857 1251 induxit
884 1210 1006 1251 illum
1036 1211 1091 1251 ad
1121 1210 1252 1251 filiam
1281 1209 1542 1259 Pharaonis,
1574 1221 1614 1250 et

185 1290 320 1330 factus
351 1300 410 1330 est
441 1288 478 1329 ei
508 1287 553 1329 in
586 1287 745 1336 filium,
787 1298 827 1327 et
863 1286 1103 1328 nominavit
1131 1303 1292 1328 nomen
1324 1286 1412 1344 ejus
1442 1287 1612 1335 Mosen,

185 1365 353 1407 dicens:
392 1365 490 1422 quia
532 1366 586 1406 de
625 1381 733 1420 aqua
778 1380 875 1406 eum
914 1363 1126 1405 assumsi.“
1192 1365 1368 1418 Singula
1397 1365 1502 1406 haec
1531 1364 1611 1405 im-

185 1442 339 1484 mensis
369 1442 530 1497 repleta
561 1440 786 1499 mysteriis,
831 1452 1000 1496 tempus
1041 1441 1208 1494 exigunt
1246 1443 1428 1494 grande,
1465 1452 1504 1481 et
1542 1451 1610 1480 to-

183 1519 267 1560 tius
299 1518 382 1560 diei
411 1515 654 1574 spaiimn³>
684 1518 719 1559 si
748 1518 793 1559 in
824 1518 887 1559 his
907 1534 1220 1568 consumamus,
1247 1517 1312 1558 vix
1330 1519 1505 1559 fortasse
1524 1517 1613 1558 suf-

183 1595 312 1638 ficiat.
341 1594 564 1637 <Breviter
594 1607 735 1636 tamen
766 1594 908 1651 aliqua
939 1593 1065 1635 nobis
1105 1611 1185 1650 pro
1225 1594 1424 1636 ecclesiae
1463 1593 1611 1635 aedifi-

184 1672 354 1714 catione
381 1673 593 1728 pulsanda
621 1683 730 1714 sunt.
798 1671 911 1714 Puto
945 1671 1076 1711 filiam
1106 1671 1344 1713 Pharaonis
1376 1669 1612 1719 ecclesiam,

184 1765 293 1806 quae
324 1761 602 1802 congregatur
632 1765 680 1790 cx
709 1747 915 1800 gentibus,
944 1747 1077 1789 videri
1106 1765 1249 1803 posse,
1282 1764 1391 1803 quae
1421 1746 1611 1802 quamvis

183 1826 370 1882 impium
401 1836 442 1868 et
469 1826 665 1882 iniquum
696 1825 850 1866 habeat
878 1836 1056 1880 patrem,
1085 1827 1229 1866 tamen
1250 1824 1405 1866 dicitur
1433 1824 1489 1865 ad
1516 1839 1611 1865 eam

184 1919 264 1959 per
291 1902 573 1958 prophetam:
609 1903 734 1951 „audi
753 1902 798 1957 4>
829 1902 938 1956 filia,
980 1913 1020 1942 et
1048 1901 1166 1952 vide,
1205 1913 1245 1943 et
1274 1901 1430 1944 inclina
1462 1918 1610 1943 aurem

182 1992 315 2029 tuam,
347 1992 386 2020 et
418 1980 663 2021 obliviscere
693 1979 906 2035 populum
936 1990 1072 2030 tuum,
1104 1990 1144 2020 et
1174 1980 1353 2021 domum
1378 1979 1507 2035 patris
1536 1978 1613 2029 tui,

181 2055 281 2111 quia
313 2055 559 2112 concupivit
588 2074 659 2098 rex
688 2055 872 2111 speciem
906 2061 1062 2097 tuam.“
1119 2055 1236 2097 Haec
1268 2072 1366 2110 ergo
1400 2068 1470 2105 est,
1502 2071 1613 2112 quae

186 2132 282 2174 exiit
315 2133 368 2173 de
399 2134 530 2174 domo
573 2133 728 2188 patris,
774 2143 814 2173 et
849 2133 965 2174 venit
994 2134 1049 2174 ad
1080 2150 1232 2190 aquas,
1272 2145 1319 2175 ut
1346 2135 1557 2175 lavaretur
1586 2150 1612 2174 a

182 2209 389 2265 peccatis,
429 2226 537 2265 quae
576 2221 841 2251 contraxerat
881 2211 925 2251 in
956 2210 1090 2251 domo
1121 2210 1250 2267 patris
1278 2211 1355 2253 sui.
1411 2210 1613 2266 Denique

182 2285 322 2327 statim
353 2285 509 2328 viscera
538 2286 854 2328 misericordiae
882 2286 1064 2342 suscipit,
1095 2299 1134 2328 et
1151 2287 1375 2330 miseratur
1391 2290 1610 2330 infantem.

183 2361 301 2404 Haec
333 2379 432 2415 ergo
467 2364 638 2404 ecclesia
671 2379 718 2403 ex
747 2364 941 2415 gentibus
972 2363 1154 2413 veniens,
1183 2364 1228 2405 in
1259 2365 1418 2420 palude
1446 2363 1608 2405 invenit

182 2437 392 2496 jacentem
426 2439 595 2489 Mosen,
625 2439 836 2497 abjectum
878 2457 900 2481 a
937 2440 1019 2481 suis
1051 2452 1090 2481 et
1120 2442 1379 2497 expositum,
1410 2442 1481 2481 dat
1510 2456 1609 2482 eum

183 2515 351 2565 nutrici,
383 2527 423 2556 et
450 2516 637 2558 nutritur
674 2518 790 2573 apud
819 2535 940 2568 suos,
978 2516 1039 2558 ibi
1079 2517 1159 2571 agit
1195 2515 1429 2560 infantiam.
1497 2514 1608 2559 Cum

300 2688 344 2744 ¹)
371 2689 483 2730 Edd.
514 2690 575 2731 M.
608 2702 646 2731 et
676 2689 741 2741 R.,
773 2692 824 2732 cf.
856 2692 994 2736 Codd.
1028 2693 1073 2732 V.
1107 2691 1180 2733 T.:
1209 2691 1384 2740 ‚.t1'b1'n.“

293 2758 340 2813 ²)
371 2758 507 2800 Exod.
537 2759 590 2808 11,
619 2760 656 2802 9.
687 2761 752 2802 10.
872 2762 918 2815 ³)
949 2762 1059 2805 Edd.
1091 2760 1287 2807 Merlini:
1318 2761 1462 2818 spatia.

291 2827 337 2882 ἃ)
369 2827 520 2871 Psalm.
553 2828 683 2881 XLV,
713 2831 778 2874 10.
812 2830 874 2876 11.
