1752 3136
434 108 481 137 m
510 93 767 137 Lsswncum
796 92 997 135 IIommA
1015 92 1130 133 XIII.
1409 95 1494 137 399

74 210 266 266 populo,
307 208 534 264 praecepit.
601 206 749 261 Itaque
785 203 866 245 nisi
905 204 1070 244 dederit
1110 204 1253 245 oleum
1291 206 1492 261 populus,

72 288 162 329 sine
193 285 327 327 dubio
360 286 643 335 exstinguetur
671 283 858 330 lucerna,
890 293 929 321 et
957 297 1046 321 non
1065 280 1142 321 erit
1159 283 1302 323 lumen
1320 282 1365 324 in
1394 301 1491 325 san-

74 364 158 406 ctis.
217 362 466 403 Secundum
492 362 656 402 literam
688 374 786 411 ergo
828 359 933 398 haec
973 368 1062 398 erat
1091 361 1415 417 consequentia,
1446 375 1491 404 ut

73 442 287 481 conferret
315 441 504 494 populus
549 438 692 478 oleum
732 436 945 476 mundum
988 436 1041 475 (le
1082 435 1200 478 olivis
1240 456 1493 495 expressum,

72 529 117 557 ut
148 533 194 556 ex
226 532 276 556 eo
308 515 617 556 ministraretur
645 515 791 555 lumen
820 513 1042 553 lucernae:
1083 525 1123 553 et
1162 517 1311 556 Aaron
1343 533 1492 557 accen-

73 595 200 634 debat
232 593 422 633 lucernas
453 608 476 632 a
505 608 677 646 vespera
708 581 842 646 usque
859 607 997 640 mane,
1027 589 1226 631 fomentis
1247 592 1343 642 olei,
1374 596 1492 648 quod

74 670 319 710 contulerat
345 669 546 724 populus,
577 667 729 709 lumini
759 669 965 724 pabulum
996 669 1217 724 praebens.

181 747 220 787 2.
252 747 413 787 Verum
444 745 648 800 quoniam
679 745 743 785 lex
761 744 986 800 spiritualis
1016 758 1085 794 est,
1114 756 1310 800 petamus
1342 764 1364 788 a
1393 750 1488 789 Do-

69 823 213 873 mino,
252 847 304 854 —-
335 823 369 863 si
396 835 539 863 tamen
571 821 760 863 conversi
788 839 931 863 sumus
964 824 1018 863 ad
1047 823 1288 865 Dominum
1318 849 1385 882 ἡ,
1416 842 1490 867 au-

68 900 170 941 ferri
200 900 325 942 nohis
355 899 548 941 velamen
578 900 631 940 de
660 899 844 940 lectione
861 899 1008 940 veteris
1034 903 1284 950 testamenti,
1313 913 1360 942 ut
1389 920 1490 958 pos-

70 979 199 1019 simus
231 979 458 1026 advertere,
489 993 597 1032 quae
626 975 733 1017 ratio
765 977 816 1017 sit
846 978 1104 1028 candelabri,
1132 979 1198 1018 vel
1217 979 1490 1020 lucernarum

72 1054 160 1111 ejus
192 1055 428 1095 secundum
455 1053 773 1105 intelligentiam
799 1054 1072 1108 spiritualem.
1118 1058 1231 1095 Ante
1262 1057 1488 1097 adventum

70 1131 250 1172 Domini
279 1131 363 1171 mei
391 1131 490 1171 Jesu
524 1129 692 1179 Christi,
720 1130 784 1170 sol
816 1147 906 1171 non
928 1132 1144 1171 oriebatur
1163 1133 1327 1187 populo
1349 1133 1490 1182 Israel,

69 1210 141 1250 sed
170 1209 369 1248 lucernae
398 1207 560 1248 lumine
589 1208 800 1248 utebatur.
866 1207 1060 1248 Lucerna
1098 1209 1209 1249 enim
1251 1221 1337 1250 erat
1376 1212 1490 1265 apud

61 1288 142 1326 'eos
171 1301 310 1326 sermo
342 1285 456 1337 legis,
487 1297 526 1326 et
554 1301 693 1326 sermo
715 1284 1004 1340 propheticus,
1025 1285 1134 1327 intra
1156 1299 1352 1339 angustos
1383 1306 1487 1328 con-

69 1365 181 1404 clusa
210 1362 404 1418 parietes,
435 1379 544 1417 quae
571 1377 663 1402 non
692 1373 862 1418 poterat
898 1361 944 1402 in
988 1364 1138 1403 orbem
1178 1375 1312 1405 terrae
1342 1366 1489 1407 lumen

68 1440 302 1479 effundere.
360 1438 477 1479 Intra
506 1438 716 1479 Judaeam
753 1455 941 1494 namque
980 1441 1319 1482 concludebatur
1351 1443 1489 1484 scien-

67 1515 123 1556 tia
142 1514 237 1564 Dei,
267 1514 372 1556 sicut
396 1527 434 1555 et
455 1516 665 1570 propheta
689 1515 808 1556 dicit:
840 1528 991 1565 „notus
1012 1516 1052 1571 ¹)
1082 1517 1127 1558 in
1147 1518 1310 1560 Judaea
1328 1520 1488 1562 Deus.“

68 1591 156 1632 Ubi
200 1608 299 1633 vero
348 1604 514 1633 exortus
547 1605 607 1634 est
636 1594 700 1634 sol
729 1593 910 1649 justitiae
952 1595 1167 1636 Dominus
1207 1608 1246 1637 et
1291 1597 1486 1638 Salvator

70 1681 299 1717 noster-„et
328 1681 452 1711 natus
485 1682 544 1711 est
581 1670 664 1720 vir,
706 1671 759 1710 de
799 1688 884 1726 quo
928 1671 1132 1728 scriptum
1175 1685 1256 1714 est:
1299 1692 1422 1724 „ecce
1439 1676 1485 1730 ²)

66 1745 139 1796 vir,
173 1746 326 1787 Oriens
355 1764 515 1788 nomen
546 1760 604 1789 est
634 1748 669 1788 ei
684 1754 721 1787 :“
750 1764 828 1803 per
857 1748 1098 1791 universum
1118 1754 1330 1795 mundum
1351 1753 1485 1794 scien-

64 1824 147 1864 tiae
179 1823 263 1865 Dei
292 1826 435 1865 lumen
468 1826 650 1865 effusum
681 1837 752 1865 est.
812 1826 964 1867 Sermo
996 1843 1093 1879 ergo
1125 1829 1246 1879 legis,
1278 1842 1318 1870 et
1346 1848 1484 1871 sermo

64 1901 340 1956 propheticus
371 1914 459 1943 erat
488 1903 662 1943 lucerna
692 1904 855 1952 ardens,
884 1907 959 1945 sed
989 1907 1166 1946 ardebat
1182 1905 1291 1946 intra
1322 1909 1483 1956 aedem,

66 1993 146 2017 nec
176 1979 285 2018 ultra
314 1990 484 2033 poterat
514 1979 704 2020 emittere
733 1981 1008 2035 splendorem
1036 2000 1175 2024 suum.
1245 1983 1380 2037 Quod
1411 2002 1484 2024 au-

65 2066 150 2095 tem
181 2071 321 2095 sermo
352 2055 450 2106 legis
483 2069 521 2096 et
550 2057 859 2111 prophetarum
890 2061 1063 2101 lucerna
1104 2058 1289 2110 dicatur,
1326 2061 1483 2102 Domi-

62 2148 142 2173 nus
172 2132 261 2187 ipse
289 2149 369 2172 nos
400 2132 566 2182 docuit,
615 2133 757 2174 dicens
796 2136 850 2175 de
879 2135 1050 2177 Joanne
1078 2137 1280 2192 baptista:
1323 2138 1418 2187 „ille
1436 2139 1482 2194 ³)

65 2220 153 2249 erat
183 2209 356 2250 lucerna
387 2211 538 2251 ardens
569 2222 609 2251 et
638 2213 807 2261 lucens,
845 2225 884 2253 et
923 2231 997 2255 vos
1027 2215 1216 2256 voluistis
1247 2216 1301 2256 ad
1331 2216 1483 2257 horam
1534 2260 1536 2263 ,

65 2286 269 2327 exsultare
296 2286 341 2327 in
371 2287 534 2327 lumine
565 2286 693 2344 ejus.“
758 2289 814 2328 Et
843 2289 943 2330 alibi
975 2291 1086 2340 dicit,
1117 2292 1214 2348 quia
1260 2292 1412 2348 „lex⁴)
1443 2305 1484 2334 et

62 2363 300 2418 prophetae
329 2381 463 2419 usque
503 2365 556 2405 ad
596 2365 849 2406 Joannem.“
916 2368 1108 2409 Lucerna
1147 2369 1290 2425 itaque
1331 2367 1483 2412 ardens

65 2451 124 2480 est
153 2441 356 2491 Joannes,
388 2443 432 2482 in
463 2459 549 2496 quo
581 2442 646 2482 lex
678 2445 970 2495 concluditur,
1011 2457 1050 2486 et
1079 2448 1326 2502 prophetae.
1386 2448 1483 2488 Do-

64 2534 143 2558 nec
175 2534 273 2570 ergo
306 2521 491 2574 populus
520 2519 592 2560 ille
622 2521 806 2561 habebat
836 2523 1004 2572 oleum,
1040 2526 1157 2578 quod
1188 2526 1401 2566 conferret
1430 2527 1483 2565 ad

64 2593 224 2644 lumen,
253 2597 426 2639 lucerna
455 2613 546 2638 non
578 2609 637 2639 est
668 2598 875 2641 exstincta.
935 2600 1022 2641 Ubi
1051 2618 1150 2642 vero
1183 2602 1333 2643 defecit
1360 2601 1405 2643 in
1434 2602 1483 2644 iis

183 2769 226 2821 ¹)
259 2769 411 2812 Psalm.
444 2771 641 2822 LXXVI,
673 2781 709 2815 1.
830 2774 875 2830 ²)
908 2775 1085 2819 Zachar.
1114 2776 1187 2826 Vl,
1218 2777 1285 2820 1⁶2.

181 2839 224 2894 3)
255 2839 329 2882 Ev.
359 2841 516 2883 Joann.
548 2843 598 2894 V,
627 2844 694 2886 35.
814 2843 862 2898 4)
892 2845 993 2887 Luc.
1024 2846 1141 2899 XVI,
1172 2848 1238 2892 16.
