1752 3136
255 109 313 153 58
854 110 1077 153 OmGEms

256 222 471 264 Christum
504 221 741 265 Dominum
773 236 988 274 nostrum,
1019 222 1096 265 'cui
1129 234 1186 266 est
1216 223 1350 277 gloria
1379 235 1420 265 ct
1450 224 1675 281 imperium

254 298 298 340 in
328 300 492 342 saecula
524 302 807 344 saeculorum.
868 304 1018 343 Amen.

592 584 1148 634 HOMILIA
1235 585 1330 633 VI.

252 707 320 748 De
352 706 541 758 cantico,
583 708 701 763 quod
743 706 922 747 cantavit
950 707 1095 748 Moses
1127 723 1222 748 cum
1254 708 1433 763 populo,
1464 718 1505 748 et
1534 706 1674 748 Maria

759 799 855 823 cum
896 783 1160 825 mulieribus.

363 897 400 937 1.
429 895 567 936 Multa
607 895 779 951 quidem
829 895 989 936 cantica
1028 895 1120 936 fieri
1161 896 1337 946 legimus
1374 896 1419 936 in
1457 896 1673 952 scripturis

249 973 421 1025 divinis,
462 973 618 1014 horum
657 984 800 1013 ’tamen
843 972 1034 1013 omnium
1078 971 1266 1028 primum
1307 972 1419 1013 istud
1452 985 1510 1014 est
1541 974 1671 1014 canti—

249 1067 360 1100 cum,
392 1051 511 1105 quod
543 1050 753 1107 Aegyptiis
787 1061 826 1091 et
856 1049 1081 1090 Pharaone
1111 1050 1332 1090 submerso
1372 1050 1559 1105 populus
1589 1049 1673 1090 Dei

246 1140 344 1184 post
372 1127 588 1169 victoriam
622 1128 783 1168 cecinit.
850 1126 988 1168 Bloris
1020 1128 1179 1182 quippe
1217 1139 1463 1169 sanctorum
1497 1139 1569 1177 est,
1597 1125 1675 1168 ubi

248 1205 508 1247 adversarius
540 1204 742 1255 vincitur,
782 1216 987 1260 tanquam
1020 1203 1092 1260 qui
1121 1203 1253 1245 sciant
1281 1221 1372 1245 non
1403 1221 1477 1245 sua
1507 1204 1672 1254 virtute,

247 1284 321 1324 sed
351 1282 435 1323 Dei
467 1281 593 1334 gratia
625 1281 848 1322 victoriam
878 1284 1045 1331 factam,
1077 1281 1283 1338 hymnum
1305 1281 1403 1322 Deo
1425 1280 1669 1332 gratulatio-

244 1359 309 1401 nis
341 1362 510 1401 offerre.
572 1357 800 1413 Accipiunt
839 1370 1003 1408 tamen,
1035 1347 1249 1413 hymnum
1282 1371 1501 1408 canentes,
1547 1360 1672 1400 etiam

243 1449 494 1496 tympanum
525 1437 570 1477 in
598 1434 794 1477 manibus
824 1434 931 1484 suis,
972 1435 1077 1476 sicut
1108 1436 1160 1475 de
1191 1434 1328 1475 Maria
1358 1451 1507 1476 sorore
1537 1436 1672 1477 BIosis

245 1526 286 1555 et
315 1517 460 1555 Aaron
493 1515 685 1554 refertur.
752 1512 808 1552 Et
847 1524 893 1553 tu
934 1527 1032 1562 ergo
1073 1510 1107 1552 si
1141 1527 1260 1552 mare
1289 1512 1469 1552 rubrum
1499 1512 1674 1554 transie-

243 1591 316 1645 ris,
347 1590 380 1632 si
412 1589 640 1648 Aegyptios
670 1590 715 1629 in
734 1589 777 1644 1)
816 1590 924 1630 mari
954 1587 1168 1639 submergi
1191 1586 1364 1637 videris,
1399 1600 1439 1629 et
1470 1588 1672 1642 exstingui

244 1669 530 1716 Pharaonem,
564 1678 691 1722 atquc
721 1665 766 1706 in
785 1665 920 1724 abyssi
939 1666 1207 1721 profundum
1237 1665 1520 1721 praecipitari,
1549 1678 1670 1721 potes

244 1747 451 1804 hymnum
485 1760 637 1785 canere
667 1744 777 1792 Deo,
808 1754 930 1798 potes
959 1758 1108 1782 vocem
1138 1742 1430 1794 gratulationis
1467 1744 1671 1793 emittere,

244 1835 286 1864 et
333 1822 495 1863 dicere:
556 1832 804 1871 „cantemus
829 1819 876 1872 2)
924 1817 1144 1866 Domino,
1194 1817 1377 1868 gloriose
1427 1820 1538 1860 enim
1588 1821 1668 1861 ho-

242 1900 488 1941 norificatus
520 1910 601 1939 est:
643 1913 799 1953 equum
843 1907 884 1936 et
924 1895 1222 1936 adscensorcm
1261 1893 1446 1952 projecit
1484 1895 1527 1937 in
1578 1914 1668 1937 ma-

242 1983 334 2019 re.“
424 1975 578 2017 Melius
627 1986 767 2014 autem
809 1985 848 2014 et
889 1972 1055 2024 dignius
1105 1972 1208 2012 haec
1250 1971 1383 2022 dices,
1423 1973 1458 2014 si
1504 1974 1667 2015 habue-

243 2054 297 2095 ris
335 2066 586 2112 tympanum
633 2052 675 2092 in
717 2067 849 2091 manu
889 2062 985 2099 tua,
1031 2049 1076 2090 id
1122 2061 1202 2099 cst,
1246 2049 1279 2091 si
1331 2066 1501 2091 carnem
1546 2063 1665 2093 tuam

242 2131 495 2173 crucifixeris
544 2146 641 2169 cum
683 2128 790 2169 vitiis
838 2139 878 2168 et
917 2125 1289 2181 concupiscentiis,
1336 2139 1374 2167 et
1412 2127 1447 2168 si
1485 2129 1668 2170 mortifl-

241 2210 400 2251 caveris
442 2207 635 2248 membra
673 2218 766 2256 tua,
817 2221 925 2260 quae
963 2215 1061 2246 sunt
1099 2219 1226 2258 super
1264 2214 1433 2246 terram.
1511 2207 1568 2247 Et
1605 2218 1667 2246 ta-

239 2304 339 2327 men
384 2286 622 2333 videamus,
666 2283 770 2339 quid
801 2282 922 2323 dicit:
965 2280 1270 2335 ‚,cantemus³)
1315 2281 1533 2332 Domino,
1575 2284 1666 2334 glo-

239 2366 350 2408 riose
389 2363 501 2403 enim
542 2361 849 2402 honorificatus
890 2364 994 2400 est:“
1025 2358 1142 2413 quasi
1171 2374 1263 2398 non
1292 2360 1526 2400 sufficeret:
1557 2359 1666 2410 „ho-

238 2443 486 2484 norificatus
527 2444 636 2480 est:“
667 2439 742 2479 sed
776 2436 956 2478 addidit:
989 2436 1197 2487 „gloriose
1226 2434 1533 2476 honorificatus
1566 2441 1665 2476 est.“

239 2520 454 2576 Equidem
494 2528 701 2572 quantum
746 2530 921 2570 possum
954 2512 1178 2570 conjicere,
1207 2513 1372 2552 videtur
1411 2512 1515 2552 mihi
1546 2513 1661 2552 aliud

238 2613 326 2639 esse
376 2595 626 2648 glorificari,
689 2591 809 2632 aliud
857 2590 1042 2643 gloriose
1088 2588 1325 2644 glorificari.
1407 2590 1516 2629 Nam
1568 2589 1661 2630 Do-

355 2796 398 2850 ¹)
429 2799 561 2838 Deest
589 2793 687 2844 ,‚in“
717 2794 760 2835 in
793 2795 888 2835 edd.
920 2794 980 2834 M.

352 2866 398 2920 2)
430 2866 563 2909 Exod.
586 2857 689 2913 ¹XV,
722 2869 757 2910 1.
875 2863 922 2917 3)
953 2863 1088 2906 Exod.
1118 2862 1214 2912 XV,
1244 2863 1279 2903 1.
