1752 3136
234 100 291 144 48
840 100 1063 144 Οωοεκῐε

236 213 281 254 in
312 211 520 263 Domino,
551 224 591 254 et
621 212 794 255 viriliter
825 214 981 267 agite:“
1023 232 1119 256 cum
1162 231 1260 268 ergo
1303 213 1383 254 hoc
1414 214 1546 255 modo
1577 227 1658 256 ste-

237 290 410 332 terimus
442 291 662 332 adversum
694 292 847 347 ipsum,
878 292 948 334 ille
980 293 1125 334 artifex
1167 292 1363 348 antiquus
1396 302 1437 332 et
1468 292 1657 340 callidus,

237 368 362 409 etiam
394 367 503 409 vinei
534 385 576 408 se
607 368 820 409 simulabit
853 381 890 410 et
922 370 1094 418 cedere,
1140 369 1172 410 si
1212 371 1323 410 sorte
1362 386 1439 425 per
1467 369 1550 409 hoc
1581 385 1655 409 ne-

235 444 501 496 gligentiores
530 461 608 487 nos
639 446 795 488 efficiat
825 447 877 487 ad
908 459 1134 488 certamen.
1181 446 1267 487 Sed
1290 459 1327 488 et
1348 446 1657 502 poenitentiam
1679 472 1687 480 ·

236 521 462 572 simulabit,
494 535 533 563 et
563 523 860 578 deprecabitur
888 541 966 565 nos
999 525 1214 566 discedere
1245 524 1431 580 quidem,
1461 525 1534 565 sed
1566 539 1654 564 non

236 600 362 652 longe
392 599 619 644 discedere.
687 601 791 641 Vult
820 617 898 642 nos
930 617 1015 642 esse
1043 600 1122 642 sibi
1155 601 1292 656 aliqua
1326 618 1372 642 ex
1403 611 1522 657 parte
1554 598 1654 639 vici-

235 694 329 731 nos,
369 678 457 718 vult
496 694 574 718 nos
613 694 636 718 a
670 677 752 719 suis
784 678 938 719 finibus
969 695 1059 719 non
1093 679 1220 729 longe
1251 678 1478 720 discedere.
1566 676 1650 716 Sed

234 772 312 796 uos
343 754 422 795 nisi
451 755 503 795 ab
536 770 585 794 eo
615 753 781 806 longius
812 755 1072 804 recedamus,
1102 767 1142 795 et
1170 766 1431 797 transeamus
1455 770 1585 802 mare,
1616 764 1655 792 et

234 832 443 872 dicamus:
472 842 706 886 „quantum
728 830 770 886 ¹)
802 829 1021 888 interjacet
1052 843 1168 873 ortus
1201 833 1253 872 ab
1286 848 1449 880 occasu,
1481 832 1652 881 elonga-

234 908 352 963 vit2)
383 925 406 949 a
436 908 561 950 nobis
590 907 829 963 iniquitates
859 919 1023 950 nostras
1038 913 1074 949 :“
1118 907 1219 949 salvi
1261 925 1346 950 esse
1384 924 1471 949 non
1502 924 1653 962 possu-

233 1003 340 1029 mus.
414 986 600 1041 Propter
631 986 749 1040 quod
787 986 1068 1041 deprecemur
1096 985 1432 1028 misericordiam
1460 982 1651 1031 Domini,

233 1077 281 1106 ut
309 1075 352 1104 et
380 1079 458 1105 nos
489 1061 638 1119 eripiat
668 1063 720 1103 de
748 1073 860 1103 terra
891 1064 1091 1121 Aegypti,
1140 1064 1192 1104 de
1223 1074 1427 1119 potestate
1457 1062 1652 1102 tenebra-

233 1159 343 1192 rum,
375 1153 416 1182 et
444 1140 714 1181 Pharaonem
747 1155 842 1180 cum
867 1140 1047 1181 exercitu
1074 1158 1168 1188 sur),
1196 1152 1399 1195 tanquam
1421 1139 1648 1195 plumbum

234 1220 450 1269 demergat
489 1217 532 1257 in
575 1233 729 1272 aquam
767 1217 1079 1259 validissimam.
1152 1219 1242 1259 Nos
1294 1228 1432 1257 autem
1471 1213 1651 1262 liberati,

233 1312 329 1336 cum
360 1293 513 1346 gaudio
547 1306 586 1336 et
601 1281 856 1336 exultatione
873 1293 1080 1354 hymnum
1110 1293 1416 1349 ‚,cantemus³)
1434 1291 1650 1332 Domino:

231 1371 414 1425 gloriose
444 1371 555 1413 enim
587 1366 895 1413 honorificatus
926 1377 1033 1413 est:“
1078 1372 1175 1429 quia
1215 1371 1295 1428 ipsi
1336 1371 1469 1425 gloria
1503 1380 1543 1411 et
1570 1369 1650 1409 ho-

232 1466 313 1491 nor
341 1449 384 1490 in
412 1449 579 1491 saecula
607 1449 888 1490 saeculorum.
921 1450 1068 1491 Amen.

594 1856 1279 1906 HOMILIAV.

343 1979 411 2019 De
438 1978 708 2034 profectione
738 1980 925 2022 filiorum
954 1980 1083 2039 Israel
1120 1981 1172 2021 de
1202 1992 1312 2022 terra
1342 1980 1534 2038 Aegypti.

345 2079 380 2118 1.
410 2077 640 2134 Doct0r4)
688 2077 873 2130 gentium
917 2077 959 2118 in
1001 2077 1086 2118 fide
1127 2089 1165 2118 et
1210 2078 1379 2120 veritate
1418 2078 1647 2133 Apostolus

232 2155 388 2196 Paulus
418 2154 593 2195 tradidit
623 2155 843 2205 ecclesiae,
883 2171 1007 2210 quam
1051 2155 1318 2207 congregavit
1362 2172 1407 2196 ex
1444 2154 1647 2207 gentibus,

232 2233 456 2288 quomodo
487 2231 619 2272 libros
649 2231 748 2284 legis
787 2243 1001 2287 susceptos
1047 2233 1097 2272 ab
1131 2232 1242 2282 aliis,
1279 2231 1442 2287 sibique
1481 2233 1647 2282 ignotos

230 2308 361 2364 prius,
393 2320 434 2350 et
463 2309 584 2350 valde
611 2309 856 2364 peregrinos
889 2310 1061 2350 deberet
1087 2310 1316 2358 advertere,
1344 2324 1398 2349 ne
1418 2308 1552 2347 aliena
1582 2306 1646 2346 in-

230 2385 368 2428 stituta
397 2384 638 2440 suscipiens,
672 2397 711 2427 et
729 2385 1016 2428 institutorum
1039 2387 1226 2438 regulam
1249 2384 1450 2433 nesciem,
1483 2385 1525 2424 in
1547 2399 1646 2439 per-

233 2462 377 2514 egrino
416 2463 648 2517 trepidaret
688 2461 980 2503 instrumento.
1067 2462 1301 2519 Propterea
1348 2475 1444 2512 ergo
1485 2459 1573 2515 ipse
1602 2458 1647 2500 in

231 2538 449 2580 nonnullis
478 2538 777 2591 intelligentiae
805 2538 931 2579 tradit
962 2539 1174 2595 exempla,
1214 2550 1260 2580 ut
1300 2548 1339 2578 et
1377 2554 1457 2578 nos
1495 2536 1645 2577 similia

350 2694 393 2749 ¹)
427 2693 579 2749 Psalm.
613 2690 722 2740 Cffl,
753 2691 819 2733 12.
849 2690 988 2746 (CII.)

345 2763 392 2819 2)
421 2750 533 2803 Edu.
560 2760 758 2801 Merum:
788 2761 1013 2813 elongabit.

349 2832 394 2888 ³)
426 2831 560 2875 Exod.
591 2831 686 2880 XV,
717 2830 752 2872 1.
871 2829 918 2885 4)
953 2831 1038 2874 cfr.
1074 2830 1090 2870 1
1122 2829 1230 2871 Tim.
1263 2828 1315 2880 Π,
1346 2828 1384 2871 7.
