1752 3136
255 140 340 182 420
865 135 1088 177 Omossms

257 252 377 295 tibi.“
434 250 573 292 Jacob
606 263 718 301 crgo,
747 259 868 304 pater
895 248 1113 304 ipsorum,
1141 246 1274 289 sciens
1304 247 1441 288 multo
1475 261 1560 288 esse
1590 263 1682 300 gra-

260 331 371 378 vius,
402 329 519 384 quod
551 326 808 382 promiserat
847 325 1005 373 Judas,
1050 325 1124 381 qui
1169 324 1352 365 dixerat:
1392 325 1684 380 „pcccator¹)

258 424 331 449 ero
362 407 406 448 in
437 411 524 446 te:“
565 405 618 445 ab
663 419 737 454 co,
783 403 854 459 qui
885 402 1066 444 dixerat:
1096 401 1334 456 „occidc²)
1373 402 1483 443 filios
1514 417 1630 443 meos
1645 404 1684 442 :“

257 484 414 524 Ruben
446 482 619 538 quidem
658 498 749 523 non
787 481 969 522 credidit
1008 480 1165 530 filium,
1214 492 1416 535 tanquam
1449 479 1522 534 qui
1553 478 1684 519 levio-

256 578 345 603 rem
379 559 548 613 elegerit
578 575 776 615 poenam.
836 558 978 599 Judae
1008 574 1107 598 vero
1140 556 1326 606 tradidit,
1357 557 1490 598 sciens
1521 555 1683 608 gravius

257 655 358 688 esse,
392 638 510 693 quod
543 637 735 688 elegerat.
802 634 900 675 Hoc
933 651 1032 686 ergo
1064 636 1197 676 modo
1233 634 1533 676 convenienter
1564 645 1683 689 apta-

254 717 312 757 vit
340 716 548 770 scriptura
581 713 722 753 divina
757 711 806 761 ei,
839 712 911 767 qui
942 712 1158 751 maledixit
1190 712 1356 761 Deum,
1385 725 1432 753 ut
1463 723 1685 768 peccatum

254 804 413 836 sumat:
446 791 481 830 ei
514 806 626 838 verO,
661 788 733 844 qui
763 788 893 830 levius
927 789 1178 844 deliquit,³)
1210 791 1329 844 quod
1355 801 1494 830 morte
1523 788 1683 829 moria-

254 883 336 912 tur.
396 867 467 909 Vis
500 879 642 908 autem
673 879 712 906 et
743 867 797 907 de
827 866 1065 918 Evangeliis
1096 882 1288 916 noscere,
1321 867 1439 921 quod
1463 866 1534 920 qui
1568 882 1683 906 rece-

255 949 366 1004 perit
396 947 442 987 in
473 946 552 985 hac
583 945 664 985 vita
694 944 806 983 mala
836 959 923 992 sua,
957 943 1018 985 ibi
1048 942 1134 1000 jam
1167 960 1258 984 non
1281 943 1475 998 recipiat:
1507 943 1579 999 qui
1611 959 1685 983 au-

255 1037 341 1066 tem
371 1023 440 1064 hic
479 1039 569 1062 non
611 1019 842 1076 receperit,
880 1021 942 1062 ibi
978 1032 1198 1061 serventur
1237 1020 1274 1062 ei
1315 1018 1487 1062 omnia?
1545 1020 1689 1060 Docet

255 1120 335 1144 nos
366 1100 605 1155 exemplum
637 1097 783 1138 Lazari
813 1098 1033 1154 pauperis,
1067 1108 1107 1138 ct
1137 1097 1249 1139 illius
1281 1097 1438 1147 divitis,
1471 1099 1524 1138 ad
1555 1114 1682 1153 quem

258 1180 414 1221 dicitur
451 1179 496 1219 in
535 1177 710 1217 infernis
748 1191 770 1216 a
815 1175 1054 1231 patriarcha
1097 1176 1338 1217 Abraham:
1376 1187 1619 1226 „memento
1637 1174 1682 1227 4)

256 1257 331 1306 fili,
363 1257 566 1312 quoniam
598 1266 642 1294 tu
673 1252 868 1308 recepisti
897 1254 1012 1294 bona
1043 1254 1087 1294 in
1119 1253 1200 1294 vita
1234 1265 1319 1302 tua,
1351 1265 1388 1293 et
1418 1254 1599 1293 Lazarus
1629 1252 1683 1294 si-

257 1335 413 1376 militer
435 1332 559 1372 mala.
619 1334 746 1373 Nunc
776 1343 915 1370 autern
948 1342 994 1371 tu
1026 1330 1199 1385 quidem
1233 1331 1446 1379 cruciaris,
1477 1331 1545 1371 hic
1578 1347 1678 1370 vero

255 1411 517 1466 requiescit.“
586 1408 642 1449 Et
683 1407 823 1448 solent
863 1407 1058 1448 homines
1109 1407 1353 1458 ignorantes
1387 1406 1544 1465 judicia
1586 1409 1684 1459 Dei,

258 1505 366 1544 quae
395 1498 493 1529 sunt
523 1487 691 1544 abyssus
722 1485 879 1534 multa,
924 1484 1131 1540 conqueri
1171 1486 1393 1526 adversum
1423 1486 1592 1537 Deum,
1641 1498 1681 1526 et

258 1565 420 1607 dicere:
451 1581 526 1605 cur
558 1563 751 1604 homines
780 1561 931 1617 iniqui,
963 1573 1002 1602 et
1030 1560 1173 1617 injusti
1195 1574 1398 1617 raptores,
1428 1564 1560 1620 impii,
1591 1581 1680 1605 sce-

257 1643 373 1693 lesti,
411 1643 454 1691 in
496 1643 574 1683 hac
614 1640 696 1681 vita
729 1639 834 1680 nihil
872 1638 1093 1694 patiuntur
1123 1640 1307 1689 adversi,
1346 1643 1420 1682 sed
1452 1655 1602 1683 cuncta
1635 1642 1681 1684 iis

256 1720 471 1777 prosperis
501 1719 759 1761 successibus
791 1718 969 1766 cedunt,
1010 1717 1219 1766 honores,
1258 1718 1448 1768 divitiae,
1478 1722 1683 1776 potentia,

257 1799 410 1840 sanitas
450 1812 626 1852 quoque
662 1795 712 1836 iis
757 1795 867 1850 ipsa,
910 1806 949 1835 et
997 1794 1191 1849 corporis
1231 1795 1438 1836 habitudo
1470 1799 1684 1840 famulan-

260 1874 424 1930 tur?⁵)
492 1875 532 1915 E
571 1885 721 1915 contra
760 1870 1084 1922 innocentibus,
1138 1888 1185 1912 ac
1227 1872 1327 1928 piis,
1373 1886 1414 1914 et
1444 1876 1681 1918 colentibus

260 1952 427 2000 Deum,
464 1950 795 1991 innumerabiles
835 1965 1063 1989 aerumnae
1103 1949 1488 2006 supe1·x·eniunt,⁶)
1529 1952 1683 2009 abjecti

261 2041 301 2069 et
330 2028 524 2077 humiles,
555 2026 760 2068 contemti
794 2038 833 2067 et
862 2027 939 2067 sub
972 2027 1162 2081 colaphis
1195 2028 1435 2082 potentium
1465 2031 1681 2084 vivunt,⁷)

258 2122 574 2161 nonnunquam
607 2105 731 2145 etiam
765 2104 925 2145 saevius
967 2103 1015 2144 iis
1046 2104 1189 2144 morbi
1221 2121 1396 2160 quoquc
1424 2107 1552 2162 ipsius
1582 2125 1678 2149 cor-

260 2182 378 2238 poris
410 2181 759 2237 ‹10n1inant1u=.8)
804 2182 890 2222 Sed
921 2182 1036 2231 hacc,
1068 2193 1114 2222 ut
1134 2180 1178 2236 9)
1210 2182 1315 2231 dixi,
1356 2197 1679 2239 conqueruntur

259 2259 515 2309 ignorantes,
546 2259 707 2315 quim)
747 2259 798 2302 sit
839 2259 948 2299 ordo
988 2258 1032 2300 in
1073 2258 1223 2300 divinis
1252 2259 1435 2315 judiciis,
1500 2261 1676 2315 Quanto

379 2386 421 2438 ¹)
456 2386 610 2428 Genes.
641 2387 792 2436 XLIII,
824 2387 862 2428 9.
978 2382 1024 2439 ²)
1059 2383 1211 2426 Gencs.
1240 2385 1371 2436 XLII,
1400 2388 1469 2430 37.

375 2457 422 2510 3)
453 2457 564 2499 Edd.
594 2457 789 2498 Merlini:
823 2454 1041 2512 delinquit.
1161 2454 1206 2510 4)
1237 2456 1336 2498 Luc.
1367 2457 1484 2508 XVI,
1513 2460 1579 2502 25,

378 2528 421 2579 ⁵)
453 2526 563 2568 Edd.
595 2527 792 2568 Merfini:
820 2524 1112 2568 famulentur?

378 2596 424 2651 ⁴3)
455 2597 568 2638 Edd.
600 2597 792 2639 Mcrlini:
824 2596 1134 2653 superveniant,
1165 2596 1318 2655 abiecti
1348 2611 1426 2641 etc.

377 2666 422 2720 ⁷)
452 2666 564 2708 Edd.
595 2667 786 2709 Merlini:
821 2669 973 2712 vivant.

375 2735 421 2790 8)
452 2736 562 2778 Edd.
594 2738 789 2778 Meslini:
821 2736 1128 2779 dominentur?

377 2805 422 2857 ⁰)
452 2806 563 2847 Edd.
594 2806 790 2847 Merlini:
823 2820 867 2848 ut
898 2807 1011 2857 dicit,
1042 2819 1364 2863 conqueruntur
1392 2821 1468 2851 etc.

351 2875 421 2930 ¹⁰)
451 2876 561 2917 Edd.
593 2875 787 2917 Mcrlini:
822 2877 913 2932 quis
944 2878 995 2919 sit
1027 2879 1136 2920 ordo
1169 2878 1318 2920 divinis
1350 2890 1426 2920 etc.
