1752 3136
235 135 320 179 392
843 130 1063 173 Omessms

246 258 288 290 et
324 262 415 288 non
460 243 1181 286 contaminavit.sanctis1cationem
1222 243 1306 285 Dei
1349 242 1414 285 sui
1452 243 1496 284 in
1538 253 1668 284 semet

245 324 356 380 ipso,
389 321 487 378 quia
515 333 707 364 sanctum
741 324 883 364 oleum
915 321 1148 364 chrismatis
1169 321 1252 362 Dei
1282 321 1344 363 sui
1373 336 1502 376 super
1529 319 1668 376 ipsum

249 412 322 442 est.
381 399 495 439 Illud
528 399 685 449 oleum,
717 401 769 441 de
800 416 885 456 quo
917 399 961 440 in
977 399 1129 441 Exodo
1151 399 1195 453 ¹)
1224 398 1427 455 scriptum
1459 408 1530 446 est,
1561 413 1669 452 quo-

249 477 384 518 modo
415 487 556 532 potest
583 478 818 518 secundum
859 477 1022 518 literam
1065 476 1240 532 proprie
1281 478 1422 517 oleum
1454 473 1538 515 Dei
1577 472 1673 521 dici,

253 554 373 610 quod
403 565 491 594 arte
521 553 760 609 myrepsiea
793 557 1035 596 confectum
1078 566 1135 596 est
1176 571 1197 595 a
1229 549 1543 610 pigmentario?
1587 550 1673 591 Sed

252 632 287 674 si
321 630 380 672 vis
411 630 553 672 videre
585 632 727 672 oleum
759 631 862 680 Dei,
903 633 1003 673 audi
1046 648 1172 686 quem
1214 632 1425 687 propheta
1458 628 1566 671 dicat
1596 643 1676 668 un-

254 720 370 750 ctum
403 725 488 750 esse
519 708 616 748 oleo
648 708 744 756 Dei,
775 707 895 747 illum
920 708 1008 748 sine
1031 707 1177 757 dubio,
1210 709 1262 748 de
1286 703 1372 762 quo
1396 706 1520 748 dicit:
1550 721 1679 760 „pro-

253 785 457 841 pterea2)
488 785 607 825 unxit
636 796 675 825 te
699 783 817 825 Deus
841 785 961 825 Deus
992 795 1086 824 tuus
1119 784 1215 824 oleo
1246 784 1426 824 laetitiae
1446 799 1550 838 prae
1580 799 1679 838 par-

254 860 454 917 ticipibus
483 860 604 902 tuis.“
681 861 762 902 Hic
795 876 892 913 ergo
927 872 985 902 est
1014 876 1190 913 magnus
1233 862 1453 910 sacerdos,
1500 860 1570 915 qui
1610 877 1679 900 so-

257 939 323 981 lus
355 939 453 979 oleo
485 937 569 978 Dei
599 950 748 980 unctus
781 950 856 988 est,
900 949 938 981 ct
968 937 1014 978 in
1048 954 1134 993 quo
1167 953 1333 994 semper
1361 948 1552 979 sanctum
1582 953 1680 992 per-

257 1015 413 1057 mansit
444 1013 572 1055 divini
601 1015 894 1071 chrismatis&
927 1017 1084 1058 oleum.

372 1093 413 1134 5.
444 1092 531 1134 Sed
564 1093 666 1147 quid
699 1091 869 1133 additur
897 1105 995 1148 post
1025 1091 1165 1133 haec?
1190 1093 1298 1144 „Hic
1317 1091 1362 1148 ⁴)
1393 1107 1569 1133 uxorem
1600 1090 1682 1132 vir-

259 1169 398 1224 ginem
431 1173 484 1213 de
513 1186 665 1223 genere
695 1188 772 1212 suo
807 1169 1006 1226 accipiet:
1035 1171 1206 1211 viduam
1240 1181 1394 1219 autem,
1427 1180 1467 1210 et
1498 1167 1686 1226 ejectam,

262 1259 304 1289 et
332 1246 597 1288 meretricem
628 1264 716 1288 non
749 1247 939 1302 accipiet,
967 1248 1041 1288 sed
1073 1246 1273 1299 virginem
1316 1249 1368 1288 de
1409 1262 1560 1299 genere
1587 1262 1687 1297 suo3

265 1336 305 1366 et
341 1341 432 1366 non
473 1324 784 1366 contaminabit
817 1340 962 1365 semen
1003 1341 1126 1366 sunm
1173 1324 1216 1364 in
1255 1325 1421 1380 populo
1463 1341 1563 1365 suo:
1610 1340 1685 1376 ego

264 1402 495 1451 Dominus,
528 1401 600 1457 qui
630 1400 847 1442 sanctifico
882 1407 1020 1442 eum.“
1089 1400 1201 1454 Quia
1245 1417 1343 1453 ergo
1386 1401 1515 1442 totius
1558 1417 1687 1456 expo-

265 1478 426 1520 sitionis
460 1479 569 1519 ordo
601 1479 655 1519 ad
684 1493 830 1519 verum
862 1480 1124 1519 sacerdotem
1156 1494 1354 1530 magnum
1378 1490 1596 1520 revocatus
1620 1490 1690 1528 est,

271 1555 499 1604 Christum,
529 1554 747 1596 videamus
774 1571 892 1596 nunc
922 1566 962 1596 et
993 1555 1094 1611 quid
1129 1555 1182 1595 de
1213 1553 1371 1610 nuptiis
1398 1554 1484 1613 ejus
1515 1555 1690 1608 intelligi

271 1635 436 1675 debeat.
484 1633 641 1675 Paulus
663 1634 877 1688 apostolus
910 1631 1035 1674 dicit:
1065 1619 1255 1686 „volo⁵)
1286 1645 1425 1676 autern
1450 1651 1522 1676 vos
1543 1650 1689 1676 omnes

269 1710 346 1751 uni
374 1709 465 1751 viro
496 1708 699 1762 virginem
733 1722 888 1751 castam
920 1709 1138 1760 exhibere,
1182 1709 1362 1754 Christo.
1431 1711 1583 1753 Timeo
1617 1729 1691 1752 au-

269 1800 369 1837 tem,
398 1804 454 1828 ne
482 1786 589 1829 sicut
617 1803 787 1842 serpens
815 1787 978 1828 seduxit
1007 1787 1140 1827 Evam
1181 1774 1327 1829 astutia
1358 1805 1456 1838 sua,
1499 1788 1555 1829 ita
1596 1807 1692 1831 cror-

271 1875 528 1920 rumpantur
556 1881 702 1904 sensus
732 1862 855 1904 vestri
895 1880 917 1903 a
958 1864 1247 1919 simplicitate,
1293 1881 1398 1920 quae
1435 1865 1480 1906 in
1523 1865 1693 1908 Christo

275 1948 375 1984 est.“
421 1942 524 1983 Vult
554 1957 652 1992 ergo
671 1940 830 1983 Paulus
862 1957 1009 1983 omnes
1029 1940 1277 1982 Corinthios
1306 1942 1508 1994 virginem
1539 1955 1693 1984 castam

277 2019 474 2061 exhibere
506 2019 698 2060 Christo:
740 2018 858 2073 quod
897 2018 1042 2073 utique
1083 2034 1305 2073 nunquam
1345 2020 1490 2069 vellet,
1532 2018 1610 2061 nisi
1649 2020 1695 2062 id

274 2096 479 2153 possibile
506 2095 678 2137 videret.
737 2093 866 2136 Unde
898 2106 939 2136 et
966 2094 1122 2136 mirum
1152 2097 1328 2137 sortasse
1356 2095 1557 2146 videatur,
1590 2115 1697 2153 quo—

275 2173 412 2214 modo
445 2171 511 2222 hi,
548 2172 621 2227 qui
654 2172 824 2214 diversis
854 2172 1037 2227 peccatis
1074 2172 1264 2227 corrupti
1295 2174 1348 2213 ad
1378 2174 1508 2215 fidem
1541 2174 1698 2217 Christi

278 2261 506 2299 venerunt,
549 2265 696 2291 omnes
733 2247 857 2291 simul
888 2250 1003 2300 virgo
1036 2261 1144 2291 casta
1177 2250 1390 2291 dicantur:
1432 2267 1540 2305 quae
1579 2252 1695 2303 virgo

280 2338 366 2368 tam
398 2339 554 2376 sancta,
582 2338 669 2367 tam
695 2339 804 2368 casta
823 2326 885 2376 sit,
917 2337 964 2366 ut
986 2339 1197 2368 mercatur
1219 2327 1342 2368 etiam
1363 2326 1516 2369 Christi
1541 2328 1698 2383 nuptiis

281 2404 486 2459 copulari.
506 2402 552 2458 6>
610 2403 767 2444 Verum
803 2404 1005 2460 quoniam
1035 2404 1139 2445 haec
1171 2405 1224 2446 ad
1256 2403 1389 2446 carnis
1418 2404 1699 2458 integritatem

400 2592 443 2648 ¹)
476 2592 561 2633 Csr.
592 2593 732 2635 Exod.
761 2591 924 2647 XXIX.
956 2620 959 2622 —

400 2661 447 2716 ²)
477 2661 630 2703 Psalm.
661 2661 792 2712 XLV,
822 2663 858 2704 7.
890 2661 1091 2718 (XLIV.)

401 2730 447 2785 ³)
477 2731 587 2772 Edd.
619 2733 811 2774 Merlini:
851 2733 1119 2776 charismatis.

401 2801 448 2855 4)
478 2802 604 2843 [evit.
636 2803 754 2852 XXI,
786 2804 849 2847 13.
881 2805 947 2846 14.
977 2804 1042 2846 15.
1159 2802 1204 2858 5)
1235 2801 1275 2842 II
1307 2802 1406 2845 Cor.
1437 2803 1512 2854 XI,
1550 2805 1589 2846 2.

402 2871 449 2927 ⁶)
478 2872 588 2915 Edd.
619 2872 816 2918 Merlini:
850 2863 1074 2929 copulari?
1104 2872 1262 2916 Verum
1295 2884 1372 2916 etc.
