1752 3136
200 138 286 184 432
802 135 1025 180 Omcssms

203 265 243 294 et
271 251 464 300 tribulos,
494 249 538 292 id
571 259 644 299 est,
672 248 979 293 sollicitudines
1008 249 1167 294 sacculi
1199 249 1376 300 habeat,
1407 262 1478 292 aut
1507 252 1630 292 volu-

201 341 362 388 ptates,
393 339 433 369 et
465 321 706 368 diviti-arth
738 328 1006 384 cupiditates,
1047 328 1234 385 reproba
1270 339 1350 377 cst,
1382 340 1422 368 et
1450 328 1632 370 maledi-

203 422 273 451 cto
305 406 521 462 proxima,
554 402 673 461 cujus
704 404 799 447 finis
831 407 909 448 erit
949 408 1002 448 ad
1046 406 1322 448 exustionem.
1394 405 1631 461 Propterea

202 483 493 540 unusquisque
521 483 767 524 auditorum
798 501 896 526 cum
928 484 1126 525 convenit
1158 485 1210 525 ad
1243 483 1528 532 audiendum,
1559 500 1631 525 su-

202 563 326 617 scipit
354 562 538 602 imbrem
567 559 685 601 verbi
716 560 821 601 Dei:
865 573 902 602 et
941 562 974 602 si
1015 561 1189 618 quidem
1225 563 1412 603 fructum
1444 559 1632 601 attulerit

204 640 345 696 operis
376 639 493 687 boni,
524 637 868 678 benedictionem
901 652 1194 694 consequetur.
1266 638 1313 682 Si
1352 655 1452 680 vero
1487 653 1629 679 susce-

201 730 325 775 ptum
358 718 538 758 verbum
568 715 652 755 Dei
691 714 988 761 contemserit,
1027 726 1067 756 et
1102 717 1349 772 frequenter
1378 716 1521 757 audita
1551 731 1629 756 ne-

202 794 395 849 glexerit,
435 810 483 834 ae
511 790 791 834 sollicitudini
829 807 873 833 se
905 809 1049 833 rerum
1077 792 1345 842 secularium,
1374 792 1631 848 libidinique

202 871 442 929 subjecerit,
470 882 676 925 tanquam
707 867 781 924 qui
809 867 939 924 spinis
968 869 1245 912 suffocaverit
1275 871 1464 919 verbum,
1493 870 1628 911 male-

203 949 436 992 dictionem
466 963 548 1004 pro
579 946 881 988 benedictione
912 945 1201 1003 conquirit,¹)
1243 958 1283 988 et
1297 946 1343 1002 ²)
1385 964 1466 1003 pro
1497 947 1631 988 beati-

200 1027 362 1069 tudinis
403 1027 512 1075 fine,
549 1025 681 1066 finem
720 1024 947 1066 exustionis
989 1024 1189 1066 inveniet.
1257 1025 1475 1081 ‚‚Dab0³)
1515 1041 1629 1079 ergo,

200 1105 353 1161 inquit,
382 1103 503 1145 vobis
533 1103 723 1160 pluviam
752 1103 797 1143 in
826 1108 1059 1157 tempore.“
1117 1103 1364 1145 Necessario
1396 1103 1561 1145 addidit
1591 1114 1633 1144 et

200 1183 273 1235 „in
302 1185 538 1237 tempore.“
604 1179 724 1222 Sicut
755 1179 868 1221 enim
895 1180 1036 1220 imber
1062 1180 1140 1222 iste
1170 1192 1374 1230 terrenus,
1403 1181 1436 1223 si
1465 1181 1631 1237 impor-

200 1274 304 1303 tune
336 1260 485 1309 veniat,
515 1257 561 1298 id
593 1269 673 1307 est,
705 1274 803 1298 cum
834 1259 978 1300 messis
1015 1258 1251 1312 colligitur,
1285 1275 1383 1300 cum
1414 1259 1630 1299 frumenta

201 1350 397 1380 teruntur
426 1335 470 1376 in
502 1336 629 1386 areis,
667 1336 816 1377 obesse
841 1336 973 1388 magis
1004 1352 1132 1391 quam
1162 1337 1367 1391 prodesse
1396 1336 1629 1377 videbitur:

200 1416 259 1458 ita
289 1427 328 1456 et
355 1414 398 1462 ii,
430 1412 583 1469 quibus
612 1413 757 1469 pluvia
786 1413 904 1453 verbi
931 1411 1016 1453 Dei
1034 1411 1311 1454 ministranda
1342 1411 1631 1462 committitur,

204 1495 429 1536 observare
460 1490 618 1532 debent
647 1490 754 1539 hoc,
806 1490 927 1545 quod
957 1490 1057 1531 dicit
1087 1489 1330 1545 Scriptura,
1373 1502 1421 1531 ut
1448 1490 1493 1531 in
1523 1501 1632 1530 tem—

200 1587 312 1629 pore
341 1570 597 1626 praebeant,
645 1568 690 1609 id
735 1579 818 1617 est,
860 1583 917 1608 ne
957 1568 1178 1622 crapulato
1221 1579 1261 1608 et
1301 1566 1420 1608 ebrio
1450 1568 1632 1608 verbum

200 1649 287 1691 Dei
317 1649 521 1701 ingerant,
550 1662 631 1687 nec
650 1643 696 1700 ⁴²)
730 1657 939 1700 occupato
969 1645 1014 1686 in
1047 1644 1134 1686 aliis
1166 1645 1335 1695 animo,
1368 1662 1465 1687 cum
1494 1657 1632 1686 atten-

199 1741 268 1770 tus
300 1743 386 1769 esse
413 1741 506 1765 non
536 1734 697 1780 potest:
728 1723 799 1763 vel‘
825 1739 922 1763 cum
954 1721 1130 1779 alicujus
1170 1722 1257 1764 vitii
1286 1723 1492 1777 languore
1523 1739 1629 1764 con-

202 1805 367 1848 strictus
400 1814 470 1853 est,
501 1813 540 1844 et
568 1818 660 1843 non
692 1800 884 1849 doctori,
923 1801 999 1841 sed
1038 1800 1196 1841 morbo
1240 1801 1420 1856 proprio
1451 1801 1631 1843 interior

202 1894 439 1942 praestatur
470 1879 649 1922 auditus.
708 1878 950 1920 Prudenter
981 1893 1079 1930 ergo
1114 1876 1334 1934 conjiciat,
1374 1876 1450 1918 ubi
1486 1888 1629 1934 potest

201 1976 351 2004 vacare
379 1975 513 2007 mens,
543 1957 620 1998 ubi
647 1956 833 2005 sobrius,
864 1954 942 1995 ubi
971 1953 1159 2007 vigilans,
1188 1955 1264 1996 ubi
1291 1954 1476 1996 intentus
1508 1949 1630 1996 audi*-

203 2052 275 2081 tor
306 2050 376 2088 est,
408 2048 447 2078 et
476 2035 538 2076 ibi
571 2026 759 2090 pluviam
788 2032 996 2073 ministret
1025 2031 1070 2072 in
1099 2044 1316 2088 tempore:
1345 2032 1454 2073 sicut
1484 2043 1524 2073 et
1552 2031 1629 2073 tri-

203 2116 274 2159 tici
305 2129 549 2157 mensuram
579 2127 722 2154 servus
753 2110 890 2150 fidelis
922 2120 963 2150 et
982 2110 1168 2165 prudens
1185 2110 1229 2150 in
1243 2109 1501 2162 Evangelico
1523 2126 1627 2150 con-

203 2193 327 2237 servis
360 2195 461 2234 dare
489 2188 664 2246 jubetur
693 2188 739 2229 iu
768 2199 975 2243 tempore.
1028 2187 1114 2229 Sed
1142 2199 1181 2228 et
1198 2187 1280 2228 alio
1311 2188 1446 2228 modo
1476 2204 1627 2243 possu-

203 2289 297 2314 mus
327 2269 561 2321 intelligere
591 2268 688 2316 hoc,
721 2266 838 2322 quod
864 2265 1092 2306 mandatur
1109 2264 1248 2306 imber
1266 2266 1430 2306 dandus
1447 2263 1492 2305 in
1519 2276 1629 2306 tem-

203 2364 326 2406 pore.
383 2346 498 2386 Puer
527 2357 586 2386 est
616 2342 787 2399 aliquis,
830 2354 870 2383 et
897 2344 1097 2398 parvulus
1127 2343 1172 2383 in
1202 2343 1307 2393 fide,
1343 2340 1502 2393 indiget
1529 2342 1628 2397 plu-

204 2428 282 2478 via,
311 2427 386 2469 sed
412 2423 529 2465 lactis
560 2421 716 2479 pluvia.
763 2419 835 2463 Sic
866 2419 981 2462 enim
998 2419 1099 2462 dicit
1126 2420 1212 2471 ille,
1240 2419 1314 2476 qui
1342 2418 1502 2461 sciebat
1530 2418 1630 2474 plu-

318 2573 364 2629 1>
395 2571 507 2613 Edd.
535 2569 729 2611 Merlini:
763 2567 996 2624 conquiret.

320 2642 367 2698 ²)
397 2641 516 2683 Libri
572 2641 673 2681 editi
725 2639 785 2696 (v.
831 2655 864 2681 c.
904 2640 998 2681 edd.
1037 2637 1148 2693 M.):
1195 2647 1271 2687 „et
1317 2633 1628 2678 benedictionis

203 2702 385 2743 finem.“
457 2698 565 2738 Cod.
607 2697 880 2749 Sangerman.
935 2707 1012 2745 „et
1053 2711 1135 2751 pro
1180 2692 1456 2736 beatitudinis
1501 2692 1625 2735 fine.“

206 2757 314 2802 Alii:
348 2767 414 2806 „et
442 2771 522 2810 pro
554 2752 828 2801 beatitudinis
858 2751 1242 2796 remuneratione.“
1272 2750 1324 2793 R.

321 2827 369 2879 ³)
397 2824 527 2865 Levit.
558 2823 720 2873 XXVI,
748 2823 787 2865 4.

322 2895 368 2951 4)
397 2895 508 2937 Edd.
540 2893 739 2937 Merlini:
768 2909 822 2935 ne
854 2903 1064 2950 occupato
1097 2902 1174 2938 etc..
