1752 3136
251 142 333 186 178
853 136 1072 180 Ommzms

252 265 365 296 cxtra
403 251 709 294 Hierusalemf‘
775 248 923 291 Posuit
961 265 1061 302 ergo
1103 260 1143 289 et
1180 264 1355 290 manum
1393 264 1510 292 suam
1549 267 1676 308 super

254 343 382 389 caput
408 328 550 371 vituli:
590 328 674 368 hoc
719 338 803 378 est,
842 338 1015 384 peccata
1056 326 1218 379 generis
1257 325 1433 367 humani
1473 326 1676 383 imposuit

252 426 380 466 super
420 405 605 463 caput¹)
643 421 781 446 suum.
850 403 945 461 lpse
985 414 1045 445 est
1083 403 1197 444 enim
1242 415 1369 459 caput
1385 402 1431 459 ²)
1483 405 1675 460 corporis

254 484 454 528 ecclesiae
481 498 593 526 suae.
667 481 754 524 Sed
793 492 832 522 ct
869 481 954 522 hoc
991 481 1166 522 sortasse
1203 497 1294 522 non
1333 479 1423 522 sine
1462 496 1587 522 causa
1617 482 1677 530 fn,

252 564 385 621 quod,
417 577 513 602 cum
544 556 736 615 superius
766 555 954 598 dixisset:
985 557 1306 613 ‚,applicabit³)
1328 573 1425 599 eum
1447 559 1500 599 ad
1521 557 1674 599 ostium

249 636 515 683 tabernaculi
544 632 823 678 testimonii:“
851 632 895 675 in
925 634 1235 688 posterioribus
1264 635 1430 691 repetit,
1456 647 1496 676 et
1524 635 1675 677 iterum

252 716 374 759 dicit:
403 712 546 767 „ad¹¹)
576 711 718 758 altare,
751 710 868 763 quod
901 720 959 750 est
989 711 1042 751 ad
1073 710 1228 752 ostium
1261 704 1524 753 tabernaculi
1562 712 1675 754 testi·

248 791 432 835 monii:“
463 787 581 844 quasi
610 802 701 826 non
733 785 916 826 eundem
957 786 1102 827 locum
1144 789 1223 828 sub
1256 790 1401 829 eadem
1432 789 1676 830 narratione

249 869 381 911 semel
410 865 646 916 designasse
672 861 900 904 suffecerit.
973 861 1063 905 Nisi
1102 861 1201 918 quia
1239 864 1350 905 sorte
1387 865 1470 905 hoc
1499 864 1676 917 intelligi

251 941 398 994 voluit,
429 941 548 998 quod
575 938 741 992 sanguis
772 939 874 980 Jesu
913 955 1004 980 non
1047 937 1189 980 solum
1229 936 1272 979 in
1302 941 1536 982 Jerusalem
1568 942 1677 982 essu-

249 1040 318 1064 sus
349 1032 420 1071 est,
449 1017 524 1060 ubi
554 1027 643 1059 erat
672 1015 816 1065 altare,
847 1027 886 1057 ct
915 1015 1024 1058 basis
1056 1013 1158 1072 ejus,
1189 1027 1229 1057 et
1259 1016 1676 1064 tabernaculumte-

250 1095 459 1148 stimonii‚
507 1095 581 1136 sed
613 1105 654 1134 et
695 1093 874 1149 qu0d⁵)
905 1108 1138 1149 supernum
1169 1093 1323 1143 altare,
1374 1095 1493 1150 quod
1535 1105 1595 1136 est
1631 1095 1675 1136 in

251 1174 392 1224 coelis,
422 1172 498 1215 ubi
529 1183 570 1212 et
599 1170 773 1212 ecclesia
803 1168 1117 1226 primitivorum
1151 1182 1223 1221 cst,
1249 1170 1366 1212 idem
1393 1170 1483 1227 ipse
1510 1171 1676 1225 sanguis

251 1249 526 1309 adsperserit:
563 1247 674 1289 sicut
712 1258 752 1287 et
785 1247 1020 1302 Apostolus
1051 1246 1173 1298 dicit,
1213 1246 1311 1303 quia
1347 1247 1612 1304 „pacificavit
1629 1247 1675 1305 ⁶)

247 1346 327 1386 per
353 1326 600 1381 sanguinem
633 1322 770 1365 crucis
798 1340 919 1374 suae,
966 1322 1051 1364 sive
1080 1339 1189 1379 quae
1217 1324 1263 1364 in
1292 1336 1401 1366 terra
1432 1337 1552 1375 sunt,
1590 1325 1675 1368 sive

244 1422 357 1463 quae
385 1405 428 1447 in
461 1401 629 1445 coelis.“
685 1400 814 1442 Recte
843 1416 942 1454 ergo
963 1401 1151 1442 seeundo
1173 1400 1367 1443 nominat
1385 1403 1529 1451 altare,
1556 1403 1675 1457 quod

246 1495 309 1525 est
338 1483 394 1524 ad
425 1480 576 1522 ostium
608 1475 871 1519 tabernaculi
899 1477 1144 1528 testimonii,
1174 1477 1273 1534 quia
1302 1495 1393 1520 non
1419 1478 1562 1521 solum
1591 1494 1672 1534 pro

247 1558 535 1606 terrestribus,
562 1555 634 1597 sed
668 1556 792 1597 etiam
820 1570 902 1610 pro
935 1555 1187 1597 coelestibus
1233 1556 1399 1597 oblatus
1439 1565 1499 1596 est
1536 1554 1673 1596 hostia

247 1639 393 1686 Jesus,
430 1646 469 1675 et
508 1633 576 1675 hic
615 1631 788 1688 quidem
825 1647 908 1687 pro
954 1631 1203 1674 hominibus
1232 1631 1368 1688 ipsam
1399 1631 1671 1689 corporalem

245 1712 465 1755 materiam
505 1708 716 1761 sanguinis
758 1709 824 1750 sui
854 1707 988 1759 fudit,
1025 1708 1069 1750 in
1111 1709 1362 1750 coelestibus
1402 1725 1502 1750 vero
1544 1708 1672 1749 mini-

243 1788 486 1836 strantibus,
515 1809 568 1819 -
598 1784 632 1826 si
663 1785 736 1841 qui
764 1784 827 1827 illi
854 1784 961 1827 inibi
989 1797 1088 1827 sunt
1117 1810 1183 1835 —,
1210 1785 1527 1835 sacerdotibus,
1567 1785 1671 1827 vita-

244 1869 329 1909 lem
360 1863 552 1920 corporis
580 1862 648 1903 sui
677 1862 898 1911 virtutem,
938 1862 1051 1903 velut
1088 1861 1305 1918 spirituale
1353 1864 1573 1919 quoddam
1603 1879 1670 1905 sa-

244 1943 454 1987 crificium
482 1938 731 1982 immolavit.
790 1938 862 1981 Vis
893 1950 1033 1980 autem
1063 1940 1181 1989 scire,
1215 1939 1313 1995 quia
1343 1940 1500 1996 duplex
1531 1940 1669 1981 hostia

245 2024 289 2065 in
321 2038 372 2062 eo
403 2019 504 2070 fuit,
536 2019 792 2059 conveniens
834 2014 1121 2065 terrestribus,
1165 2027 1206 2057 et
1244 2028 1341 2072 apta
1384 2016 1667 2058 coelestibus?

246 2098 479 2155 Apostolus
509 2096 564 2137 ad
593 2094 813 2135 Hebraeos
841 2093 1029 2135 scribens
1055 2092 1176 2135 dicit:
1209 2092 1373 2150 „per'³)
1392 2095 1594 2143 velamen,
1622 2093 1667 2134 id
1716 2110 1722 2113 ·

241 2188 313 2225 est,
343 2190 515 2216 carnem
542 2176 702 2215 suam.“
770 2170 827 2211 Et
854 2171 1008 2212 iterum
1037 2169 1210 2213 interius
1238 2171 1431 2213 velamen
1459 2170 1667 2228 interpre-

241 2265 353 2295 tatur
382 2252 565 2301 coelum,
595 2249 713 2305 quod
744 2247 979 2304 penetravit
1007 2248 1142 2298 Jcsus,
1171 2260 1218 2289 ut
1247 2248 1416 2290 adsistat
1442 2265 1557 2290 nunc
1576 2249 1666 2290 vul-

357 2479 402 2534 ¹)
434 2480 598 2521 Omnes
637 2478 757 2521 Mss.:
798 2482 1043 2533 „corpus.“
1102 2478 1187 2520 Sed
1237 2489 1450 2533 praestare
1497 2477 1664 2520 videtur

239 2536 432 2593 priorum
466 2535 703 2578 editionum
734 2536 792 2591 (e.
823 2551 857 2576 c.
890 2535 986 2577 edd.
1016 2534 1102 2589 M.)
1133 2534 1279 2576 lectio:
1310 2540 1506 2590 „caput.“
1537 2535 1587 2577 R.

351 2612 397 2667 ²)
429 2612 517 2654 Cfr.
547 2611 703 2668 Ephes.
736 2613 769 2661 I,
797 2614 864 2655 22.
893 2612 961 2654 23.
1079 2610 1126 2667 ³)
1156 2609 1282 2652 Levit.
1315 2610 1347 2661 I,
1376 2612 1415 2654 3.

354 2682 399 2737 ⁴)
430 2681 558 2723 Levit.
587 2681 618 2731 I,
649 2684 687 2724 5.

355 2753 400 2806 ⁵)
431 2751 598 2795 Priores
644 2751 850 2794 editiones
899 2752 957 2808 (e.
1000 2768 1034 2793 c.
1066 2752 1160 2794 edd.
1191 2750 1302 2808 M.):
1348 2753 1500 2808 „quod
1532 2768 1659 2807 super

235 2809 342 2854 illud
378 2809 520 2858 altare,
553 2833 618 2857 -,
647 2807 760 2850 idem
791 2809 882 2865 ipse
910 2806 1075 2861 sanguis
1107 2809 1328 2863 adspersus
1358 2808 1519 2852 suerit.“
1550 2808 1599 2849 R.

346 2878 392 2933 ⁶)
424 2877 588 2921 Coloss.
620 2877 653 2926 Ῑ,
680 2878 747 2919 20.
869 2878 913 2932 ⁷)
944 2876 1074 2919 Hebr.
1105 2876 1160 2927 X,
1189 2878 1255 2920 20.
