1752 3136
482 120 536 150 m
568 107 768 149 Exonnm
800 105 1002 146 HommA
1026 105 1121 145 XII.
1456 107 1539 154 149

124 220 177 260 ad
201 217 461 268 Dominum,
491 233 570 257 nee
598 217 730 257 ullam
762 226 1010 257 consecutus
1039 233 1131 257 sum
1162 215 1420 268 libertatem,
1459 221 1540 261 do-

120 313 200 338 nee
228 297 326 338 talia
355 312 424 336 me
452 291 631 345 negotia,
666 303 705 332 et
732 291 1034 334 sollicitudines
1071 291 1292 345 stringunt.
1352 292 1543 347 Illius‚¹)

124 390 147 413 a
187 389 271 427 quo
312 371 596 421 constringor,
642 368 801 419 negotii
841 380 880 409 et
919 368 1211 411 sollicitudinis
1251 386 1392 411 servus
1430 386 1538 410 sum.

121 447 220 489 Scio
251 446 362 488 enim
393 445 593 501 scriptum
610 444 655 498 ²)
688 461 786 493 esse,
820 445 917 500 quia
938 446 1243 501 unusquisque,
1272 462 1294 487 a
1327 463 1412 502 quo
1444 446 1537 487 vin-

121 525 239 573 citur,
268 524 366 564 huic
396 533 437 563 et
472 538 612 564 servus
644 522 873 572 addicitur,
918 522 1042 562 etiam
1080 523 1114 563 si
1146 539 1216 563 me
1257 539 1378 564 amor
1406 540 1538 578 pecu-

115 601 210 641 niae
237 617 326 639 non
354 599 595 654 superat,³)
640 599 763 639 etiam
806 599 839 639 si
869 598 1183 654 possessionum
1225 611 1265 640 et
1296 599 1536 641 divitiarum

116 693 215 717 cura
245 692 334 716 non
363 675 547 728 stringit,
579 676 713 717 laudis
744 687 887 716 tamen
917 676 1096 732 cupidus
1126 693 1242 725 sum,
1283 688 1322 717 et
1359 676 1538 728 gloriam

112 758 252 795 sector
280 753 534 802 humanam,
570 752 603 794 si
645 754 697 793 de
727 752 955 793 hominum
986 753 1169 794 vultibus
1199 764 1239 793 et
1268 751 1537 794 sermonibus

110 830 297 886 pendeo,
328 829 430 885 quid
463 832 515 870 de
543 846 612 870 me
641 829 712 870 ille
741 829 903 879 sentiat,
935 831 1156 885 quomodo
1187 828 1258 869 ille
1278 846 1346 869 me
1372 830 1539 879 habeat,

113 923 168 946 ne
202 907 267 948 illi
307 905 574 962 displiceam,
614 904 649 947 si
685 905 746 946 illi
784 906 988 961 placeam.
1062 906 1214 947 Donec
1244 906 1416 962 requiro
1447 906 1538 957 ista,

113 999 253 1024 servus
284 983 442 1023 horum¹
471 1000 578 1024 sum.
665 983 751 1024 Sed
794 983 991 1023 volebam
1034 999 1082 1023 ex
1124 984 1207 1024 hoc
1252 985 1399 1024 saitem
1440 983 1536 1025 satis

115 1076 248 1112 agere,
276 1060 313 1101 si
339 1059 496 1114 possim
527 1060 637 1100 liber
666 1057 780 1108 fieri,
824 1057 918 1112 si4)
949 1060 1108 1114 possim
1138 1058 1238 1117 jugo
1270 1061 1424 1102 foedae
1454 1061 1536 1102 hu-

110 1135 177 1194 jus
207 1135 411 1177 servitutis
443 1135 615 1185 absolvi,
648 1148 686 1176 et
712 1135 933 1190 pervenire
963 1138 1015 1177 ad
1034 1136 1270 1178 libertatem
1301 1138 1538 1178 secundum

112 1213 312 1269 Apostoli
344 1214 748 1262 commonitionem,
789 1212 986 1255 dicentis:
1028 1213 1098 1263 „in
1118 1215 1160 1270 ⁵)
1190 1215 1429 1256 libertatem
1458 1232 1536 1256 vo-

113 1290 193 1331 cati
225 1290 331 1340 estis,
360 1290 493 1331 nolite
525 1290 614 1331 fieri
644 1288 750 1331 servi
779 1289 1047 1332 hominum.“
1093 1292 1179 1333 Sed
1205 1292 1296 1348 quis
1326 1291 1431 1333 mihi
1463 1294 1539 1333 da·-

109 1367 173 1408 bit
202 1368 311 1410 hanc
341 1365 744 1409 manumissionem?
798 1366 903 1420 Quis
933 1384 1000 1408 me
1031 1369 1083 1408 ab
1115 1370 1193 1410 hac
1222 1368 1417 1411 servitute
1448 1381 1538 1410 tur-

108 1445 278 1500 pissima
308 1445 518 1494 liberabit,
548 1443 626 1484 nisi
654 1442 739 1491 ilie,
769 1443 841 1497 qui
873 1442 996 1484 dixit:
1035 1444 1155 1501 „si⁶)
1187 1463 1263 1487 vos
1290 1446 1400 1487 fili‘us
1429 1447 1539 1488 l'ibe-

111 1521 274 1571 raverit,
306 1537 402 1561 vere
431 1521 554 1561 liberi
584 1519 750 1561 eritis?“
806 1519 978 1560 Etenim
1008 1522 1117 1571 scio,
1148 1522 1246 1577 quia
1275 1539 1415 1564 servus
1444 1540 1537 1564 non

115 1609 256 1653 potest
286 1598 480 1639 libertate
511 1598 686 1646 donari,
714 1595 794 1636 nisi
824 1595 1006 1637 fideliter
1034 1598 1242 1649 serviens,
1270 1599 1351 1640 nisi
1381 1599 1538 1640 Domi-

117 1691 222 1714 num
254 1675 440 1725 diligens.
497 1674 553 1715 Et
593 1673 691 1714 ideo
726 1673 848 1713 etiam
878 1690 958 1714 nos
988 1674 1169 1715 fideliter
1207 1676 1455 1726 serviamus,
1496 1687 1537 1717 et

113 1769 161 1792 ex
192 1762 283 1792 toto
315 1753 458 1802 corde,
489 1762 529 1791 et
559 1767 606 1791 ex
636 1762 726 1791 toto
760 1748 916 1800 animo,
949 1760 989 1789 et
1021 1767 1067 1791 ex
1098 1762 1184 1792 tota
1211 1752 1361 1793 virtute
1390 1765 1538 1795 nostra

112 1828 333 1880 diligamus
365 1828 603 1869 Dominum
633 1827 776 1867 Deum
807 1837 1022 1876 nostrum,
1058 1839 1105 1868 ut
1134 1845 1377 1870 mereamur
1405 1829 1536 1871 liber-

107 1907 377 1947 taterdonari
407 1923 429 1947 a
462 1904 629 1945 Christo
661 1904 762 1944 J'esu
793 1903 881 1944 filio
914 1902 1000 1960 ejus
1032 1904 1227 1946 Domino
1258 1917 1428 1948 nostro:
1470 1898 1538 1948 eui

111 1993 174 2023 est
203 1983 334 2034 gloria
365 1995 404 2024 et
431 1982 657 2038 imperium
687 1980 732 2021 in
761 1981 926 2022 saecula
955 1983 1240 2025 saeculorum.
1294 1979 1458 2028 Amen!

231 2157 275 2212 ¹)
308 2158 417 2199 Edd.
447 2158 641 2203 Max—lini:
671 2163 803 2212 Illius,
834 2160 951 2217 cujus
981 2159 1250 2210 constringor
1280 2158 1438 2210 negotii
1452 2171 1530 2203 etc.

231 2229 277 2283 ²)
310 2228 396 2269 Cfr.
428 2228 467 2268 Il
500 2229 607 2274 Petr.
637 2233 689 2283 II,
719 2233 785 2275 19.

228 2298 275 2354 3)
306 2298 420 2339 Alias
461 2299 520 2355 (V.
563 2317 597 2342 c.
635 2301 679 2344 in
719 2304 814 2345 edd.
856 2303 966 2358 M.):
1003 2305 1238 2357 ‚‚superet.“
1296 2301 1382 2342 Sed
1411 2300 1535 2343 BTssa

115 2373 218 2411 „sup
227 2361 353 2400 erat.“
384 2356 433 2396 R.

230 2424 276 2481 4)
307 2426 421 2466 Alias
452 2426 511 2480 (v.
545 2445 577 2469 c.
608 2429 651 2469 in
684 2431 776 2470 edd.
807 2429 892 2483 Μ.)
925 2428 1132 2470 omittitur
1159 2428 1377 2477 ‚,soedae,“
1407 2440 1444 2469 et
1473 2431 1534 2470 le-

115 2483 242 2541 gitur:
281 2483 338 2532 „si
377 2483 535 2537 possim
575 2486 625 2525 de
665 2484 763 2542 jugo
804 2486 928 2542 hujus
964 2485 1168 2528 servitutis
1208 2485 1404 2528 absolviff‘
1447 2486 1534 2528 Sed

116 2538 215 2581 Mss.
241 2537 465 2580 lectionem
495 2542 639 2583 nostri
659 2554 791 2583 textus
821 2544 1030 2584 exhibent.
1061 2542 1110 2583 R.

233 2608 279 2661 ⁵)
310 2607 396 2648 Cfr.
430 2609 565 2651 Galat.
596 2611 647 2663 V,
677 2612 744 2656 13.
775 2614 872 2655 coll.
902 2613 922 2652 I
954 2612 1054 2654 Cor.
1084 2612 1179 2663 VII,
1208 2613 1275 2657 23.

233 2676 280 2733 ⁶)
311 2677 387 2720 Ev.
416 2679 576 2729 Joann.
611 2681 732 2733 VIII,
756 2683 824 2727 36.
