1752 3136
488 156 533 185 m
562 144 819 185 Lssvrmcum
847 140 1043 183 Humum
1075 141 1105 181 1.
1421 145 1501 189 177

42 268 45 276 '
89 257 207 298 culus
243 256 331 297 sine
367 255 542 296 macula.
634 254 851 295 Masculus
891 267 988 292 vere
1032 262 1112 300 est,
1156 252 1229 308 qui
1269 266 1505 309 peccatum,

89 334 208 389 quod
239 345 298 374 est
336 331 540 374 femineae
579 328 831 381 fragilitatis,
870 328 1050 380 ignorat.
1129 328 1256 372 Solus
1294 346 1393 383 ergo
1435 333 1507 373 ille

89 411 314 460 masculus,
339 410 452 450 solus
481 407 571 449 sine
593 407 760 448 macula
791 417 864 454 est,
894 405 965 460 qui
985 417 1206 461 peccatum
1223 423 1313 448 non
1332 409 1442 459 feeit,
1463 410 1506 463 ¹)

86 502 168 527 nec
199 486 321 526 dolus
349 484 540 525 inventus
571 494 630 525 est
658 482 702 523 in
735 498 809 523 ore
839 480 940 539 ejuS,
971 493 1011 523 et
1036 483 1108 538 qui
1131 497 1326 540 acceptus
1357 496 1507 526 contra

88 562 324 603 Dominum
367 562 546 602 offertur
591 561 645 601 ad
689 559 843 601 ostium
879 560 1155 602 tabernaculi.
1243 561 1312 601 Ad
1351 563 1508 603 ostium

89 637 350 679 tabernaculi
379 655 468 678 non
501 649 559 678 est
589 636 699 678 intra
732 635 898 685 ostium,
928 638 1000 677 sed
1023 648 1135 677 extra
1161 637 1330 682 ostium.
1378 638 1508 680 Extra

88 715 243 756 ostium
274 715 428 756 etenim
458 714 537 756 fuit
567 714 709 763 Jesus,
751 712 847 768 quia
888 712 1018 767 ‚,in²)
1055 731 1129 755 sua
1170 714 1345 770 propria
1386 716 1511 765 venit,

89 801 130 830 et
156 789 219 831 sui
250 807 347 831 eum
376 808 466 832 non
497 795 786 845 receperunt.“
852 790 953 830 Non
984 801 1043 830 est
1083 806 1181 842 ergo
1212 790 1418 843 ingressus
1449 803 1512 832 ta-

87 868 371 909 bernaculum
401 868 530 917 illud,
561 868 615 908 ad
647 867 766 923 quod
798 859 987 916 venerat,
1027 869 1100 908 sed
1142 868 1196 908 ad
1238 866 1391 909 ostium
1423 866 1511 924 ejus

95 945 263 985 oblatus
295 957 354 988 est
384 945 428 985 in
457 944 778 994 holocaustum,
820 943 917 999 quia
954 955 1069 985 extra
1107 954 1240 985 castra
1267 960 1410 999 passus
1441 957 1512 987 est.

91 1021 201 1062 Nam
234 1033 273 1062 ct
312 1020 375 1062 illi
419 1021 520 1062 mali
564 1019 710 1061 coloni
753 1019 991 1060 venientem
1032 1019 1167 1061 filium
1202 1020 1513 1075 patrisfamilias

93 1096 367 1153 ejecerunt³)
396 1098 511 1139 foras
543 1108 653 1138 extra
683 1096 872 1146 vineam,
912 1107 951 1136 et
989 1096 1253 1141 occiderunt.
1326 1096 1422 1138 Hoc
1453 1109 1513 1140 est

93 1190 206 1226 ergo,
237 1174 355 1229 quod
386 1175 567 1214 offertur
589 1175 643 1215 ad
666 1172 819 1215 ostium
844 1172 1107 1214 tabernaculi
1125 1185 1342 1229 acceptum
1365 1185 1515 1216 contra

74 1249 356 1302 ‘Dominum‚
396 1263 434 1292 et
472 1251 575 1306 quid
612 1261 698 1291 tarn
731 1262 974 1306 acceptum,
1019 1266 1147 1306 quam
1177 1251 1312 1293 hostia
1345 1250 1516 1301 Christi,

95 1323 240 1383 qui'se
269 1327 409 1384 ipsum
442 1327 598 1369 obtulit
626 1328 756 1371 Deo?

203 1404 244 1447 3.
273 1404 329 1445 Et
356 1415 499 1445 tamen
529 1405 753 1459 „imponet
769 1403 815 1458 ⁴²)
844 1420 1020 1445 manum
1048 1421 1179 1455 suam,
1208 1405 1358 1461 inquit,
1389 1423 1518 1463 super

95 1492 222 1536 caput
256 1480 442 1530 hostiae,
489 1492 528 1521 et
565 1480 819 1537 jugulabunt
856 1479 1031 1521 vitulum
1075 1493 1223 1523 contra
1263 1483 1517 1534 Dominum,

96 1568 138 1597 et
175 1557 358 1597 offerent
393 1556 470 1598 filii
507 1558 652 1598 Aaron
682 1556 971 1610 sace1·d0tis⁵)
999 1557 1268 1610 sanguinem,
1309 1571 1351 1600 et
1379 1557 1520 1602 effun-

97 1633 200 1675 dent
227 1634 473 1685 sanguinem
506 1635 559 1674 ad
590 1634 719 1674 altare
749 1633 793 1673 in
825 1633 1017 1683 circuitu,
1048 1635 1166 1689 quod
1190 1647 1249 1676 est
1277 1637 1332 1676 ad
1363 1637 1518 1679 ostium

96 1709 360 1750 tabernaculi
389 1709 659 1751 testimonii.“
705 1709 850 1751 Potest
881 1710 1050 1766 quidem
1083 1711 1215 1753 videri
1247 1713 1302 1753 ob
1337 1713 1420 1754 hoc
1454 1715 1520 1755 di-

97 1797 238 1836 ctum,
267 1786 385 1841 quod
416 1788 469 1827 de
497 1785 591 1826 filiis
631 1787 778 1828 Aaron
823 1798 941 1828 erant
972 1789 1117 1829 Annas
1159 1798 1198 1828 et
1229 1788 1431 1844 Caiphas,
1478 1803 1519 1832 et

98 1862 226 1903 ceteri
266 1879 434 1913 omnes,
471 1863 544 1919 qui
581 1862 806 1904 consilium
846 1875 1012 1917 agentes
1051 1865 1272 1906 adversum
1291 1866 1335 1921 ⁶)
1372 1866 1520 1909 Jesum

97 1939 481 1995 pronuntiaverunt
514 1956 608 1980 eum
640 1955 762 1980 reum
793 1939 961 1989 mortis,
999 1951 1040 1981 et
1078 1942 1323 1983 effuderunt
1352 1943 1520 1997 sangui-

100 2031 197 2055 nem
230 2013 317 2072 ejus
359 2015 468 2057 circa
507 2016 626 2057 basin
665 2016 803 2058 altaris
840 2017 1104 2058 tabernaculi
1140 2017 1381 2060 testimonii.
1455 2021 1522 2061 Ibi

102 2090 214 2132 enim
248 2092 480 2134 effunditur
508 2092 687 2147 sanguis,
718 2092 791 2134 ubi
816 2105 903 2135 erat
925 2095 1066 2145 altare,
1098 2107 1138 2136 et
1153 2094 1261 2137 basis
1286 2093 1385 2153 ejus,
1415 2094 1523 2138 sicut

101 2168 191 2223 ipse
223 2168 437 2211 Dominus
468 2170 590 2211 dixit':
621 2170 807 2227 „quia⁷)
838 2188 929 2214 non
958 2171 1070 2227 capit
1097 2171 1238 2228 perire
1267 2173 1522 2229 prophetam

221 2349 265 2404 ¹)
298 2348 383 2391 Cfr.
413 2348 539 2391 Jesai.
570 2351 676 2401 LIH,
703 2352 742 2394 9.
862 2355 909 2410 ²)
939 2355 1014 2396 Ev.
1043 2356 1200 2397 Joann.
1233 2356 1265 2406 I,
1297 2357 1362 2400 11.

217 2419 264 2472 ³)
295 2419 447 2462 Matth.
478 2420 596 2470 XXI,
624 2422 691 2463 39.

220 2487 266 2542 ¹²)
296 2489 422 2530 Levit.
454 2490 484 2538 I,
514 2492 555 2533 4.
588 2491 626 2532 5.
660 2515 712 2522 -
745 2490 885 2534 Codd.
918 2492 1123 2534 Gemetic.
1157 2504 1198 2533 et
1226 2493 1522 2538 cadomensis:

103 2544 361 2601 „imponet.“
431 2545 539 2587 Cod.
582 2548 975 2598 Sangermanensis:
1012 2549 1261 2606 ‚,imponit.“
1318 2551 1432 2594 Alias
1461 2554 1519 2608 (v.

106 2619 141 2643 c.
171 2602 213 2642 in
247 2602 341 2642 edd.
374 2602 483 2658 M.):
514 2602 808 2659 ,‚imponent.“
837 2604 889 2645 R.

221 2670 266 2725 ⁵)
296 2671 406 2712 Edd.
440 2672 502 2714 Μ.
534 2685 572 2714 et
602 2673 673 2714 R.:
701 2675 996 2725 ‚,sacerdotis.“
1027 2674 1112 2718 Cfr.
1142 2675 1270 2718 Levit.
1302 2677 1333 2727 I,
1363 2677 1402 2719 5.

220 2739 266 2794 ⁶)
299 2743 406 2785 Cod.
453 2742 844 2794 sangermanensis:
886 2745 1177 2797 „adversum.“
1235 2747 1349 2790 Alias
1388 2747 1448 2804 (v.
1488 2765 1520 2790 c.

103 2797 148 2838 in
179 2797 274 2839 edd.
305 2797 411 2854 M.):
441 2803 659 2849 ,‚contra.“
689 2800 739 2841 R.
825 2801 833 2809 Χ

220 2865 236 2889 ⁷
246 2866 267 2920 >
296 2867 397 2909 Luc.
429 2868 547 2919 xm,
576 2869 644 2912 33.
930 2928 934 2933 Ι

108 2942 329 2987 OmGEMs
359 2944 530 2989 OPERA.
562 2944 684 2989 ΤοΜ.
716 2947 789 2990 ΙΧ.
1141 2949 1195 2991 12
