1752 3136
443 148 490 176 m
519 134 775 176 LEwTICUM
805 133 1005 175 HommA
1032 134 1128 175 XII.
1417 138 1501 183 387

79 245 331 302 pontificum
366 248 570 302 pontifex,
601 257 641 287 et
671 245 985 287 dominantium
1009 246 1237 297 Dominus,
1268 259 1308 288 ct
1349 264 1494 301 regum

79 340 176 364 rex:
207 324 262 364 ita
294 335 334 363 ct
362 340 615 375 magnorum
646 338 822 374 magnus
853 335 932 364 est:
974 336 1014 364 et
1054 323 1152 365 ideo
1194 324 1332 365 addit:
1375 343 1493 375 „ma-

78 415 182 451 gnus
202 400 244 455 ¹)
277 417 324 441 ex
354 401 551 441 fratribus
582 399 705 439 suis.“

188 479 226 520 3.
258 478 362 518 Post
390 479 495 519 haec
526 492 648 517 vero:
679 476 789 527 ‚‚cui,
805 477 851 533 ²)
881 477 1031 533 inquit,
1060 479 1246 521 infusum
1272 491 1330 521 est
1351 480 1496 522 oleum

77 553 310 595 chrismatis
340 571 467 611 super
498 566 625 608 caput
654 553 781 611 ejus.“
838 555 953 595 Istud
988 557 1129 596 oleum
1161 557 1254 597 noli
1278 557 1496 613 requirere

74 631 120 671 in
150 631 294 680 terris,
333 633 450 687 quod
479 648 607 686 super
637 643 763 686 caput
798 630 1039 673 infunditur
1074 633 1215 686 magni
1251 635 1494 685 sacerdotis,

74 719 123 748 ut
150 707 223 748 fiat
255 707 465 749 Christus:
503 708 576 749 scd
606 708 640 748 si
670 707 856 757 videtur,
903 709 1016 750 disce
1046 726 1068 751 a
1108 712 1323 767 propheta
1355 711 1494 753 David

73 784 186 826 istud
219 787 385 835 oleum,
425 786 549 840 quale
579 786 650 826 sit:
694 784 974 842 ‚,dilexisti‚³)
1003 785 1161 843 inquit,
1199 787 1424 846 justitiam,
1456 800 1495 830 et

74 863 198 904 odisti
235 862 522 918 iniquitatem:
565 873 795 917 propterea
841 863 959 905 unxit
1004 875 1046 905 te
1082 865 1200 907 Deus
1238 866 1356 907 Deus
1397 878 1494 907 tuus

74 942 172 981 oleo
204 940 386 981 laetitiae
414 954 517 993 prae
553 937 835 992 participibus
852 938 897 993 4)
934 939 1058 982 tuis.“
1136 942 1254 984 Istud
1295 955 1354 985 est
1393 959 1491 996 ergo

75 1019 217 1059 oleum
247 1016 443 1065 laetitiae,
474 1016 593 1070 quod
624 1013 750 1069 capiti
781 1013 869 1071 ejus
897 1015 1086 1058 infusum
1108 1018 1208 1059 fecit
1238 1035 1335 1060 eum
1369 1019 1494 1060 Chri-

71 1106 196 1135 stum.
256 1094 343 1135 Sed
373 1092 491 1133 addit
521 1091 658 1132 adhuc
688 1092 742 1132 ad
773 1091 919 1133 laudes
951 1091 1060 1150 ejus:
1093 1095 1195 1150 „qui
1215 1095 1260 1149 ⁵)
1292 1112 1491 1138 consum-

72 1183 218 1220 matas,
245 1170 396 1224 inquit,
425 1169 554 1209 habet
582 1172 776 1209 manus.“
835 1168 1030 1223 cuinam,
1061 1187 1233 1227 quaese,
1264 1172 1490 1215 hominum

69 1248 154 1288 hoc
185 1246 382 1287 convenit
412 1244 525 1287 dici?
583 1245 634 1286 In
666 1261 751 1300 quo
783 1247 1029 1290 mortalium
1065 1250 1272 1304 perfectas
1301 1249 1491 1292 invenire

68 1340 294 1380 possumus
324 1316 506 1364 manus?
564 1322 744 1364 Etiamsi
779 1327 923 1364 Aaron
959 1325 1036 1367 iste
1066 1325 1139 1376 sit,
1180 1325 1298 1383 cujus
1329 1329 1490 1369 mentio
1530 1325 1533 1327 ’

69 1400 163 1442 fieri
192 1401 379 1449 videtur,
420 1401 642 1454 quomodo
684 1413 997 1442 consummatas
1034 1402 1256 1457 putabitur
1294 1405 1490 1448 habuisse

69 1495 244 1527 manus,
292 1476 446 1532 quibus
480 1475 660 1516 vitulum
698 1476 942 1528 fabricavit,
989 1479 1142 1534 quibus
1184 1479 1349 1522 idolum
1379 1483 1492 1524 scul-

70 1553 187 1610 psit?
247 1552 425 1594 Etiamsi
453 1552 594 1608 ipsum
622 1552 779 1594 Mosen
809 1556 1016 1609 proferas,
1041 1559 1264 1611 quomodo
1287 1575 1490 1600 consum-

69 1643 202 1671 matas
231 1630 427 1670 habuisse
457 1629 623 1670 videtur
651 1646 815 1680 manus,
847 1631 919 1686 qui
944 1649 1035 1673 non
1056 1633 1305 1684 glorificavit
1334 1635 1492 1676 Domi-

68 1713 175 1749 nu'm
204 1707 259 1747 ad
289 1722 444 1761 aquam
476 1707 861 1749 contradictionis?
915 1709 1002 1750 Pro
1044 1727 1130 1766 quo
1172 1710 1326 1752 delicto
1364 1712 1489 1753 etiam

11 1831 15 1834 ⁴
68 1784 152 1825 vita
181 1782 353 1840 jubetur
382 1785 594 1824 excedere.
657 1783 791 1837 Quod
821 1785 854 1826 si
880 1797 919 1825 et
947 1786 1078 1827 alium
1107 1804 1364 1844 quemquam
1394 1806 1492 1830 san-

69 1874 238 1903 ctorum
267 1877 507 1901 memorare
549 1860 671 1910 velis,
721 1861 907 1902 occurrit
943 1862 1022 1903 tibi
1059 1880 1201 1905 sermo
1232 1865 1490 1921 Scripturae‚

71 1939 145 1995 qui
175 1939 296 1980 dicit:
329 1938 427 1994 quia
443 1938 488 1993 ⁶)
517 1954 637 1988 „non
676 1949 736 1979 est
775 1939 907 1979 homo
938 1956 1067 1996 super
1095 1952 1274 1991 terram,
1319 1942 1392 1997 qui
1428 1944 1490 1983 fa-

71 2017 154 2057 ciat
181 2017 372 2064 bonurn,
411 2027 451 2055 et
488 2032 580 2056 non
619 2021 806 2071 peccet.“
878 2016 1036 2058 B'Ierito
1076 2034 1175 2070 ergo
1216 2019 1330 2060 solus
1368 2020 1490 2061 Jesus

70 2101 384 2134 consummatas
415 2091 543 2132 habet
570 2109 732 2143 manus,
763 2093 835 2147 qui
867 2094 981 2134 solus
1009 2106 1233 2149 peccatum
1257 2111 1349 2135 non
1378 2094 1491 2146 fecit,

70 2171 156 2210 hoc
188 2180 268 2218 est,
320 2168 393 2223 qui
431 2170 618 2223 perfecta
659 2180 700 2210 et
738 2168 902 2220 integra
942 2186 1072 2225 opera
1110 2188 1317 2212 manuum
1348 2172 1488 2213 habet.

70 2247 128 2287 Et
157 2245 256 2286 ideo
289 2246 341 2286 de
370 2244 465 2300 ipso
491 2257 604 2286 recte
627 2245 801 2287 dicitur:
828 2245 930 2301 „qui
945 2247 986 2300 ⁷)
1016 2259 1330 2289 consummatas
1362 2249 1490 2289 habet

71 2340 236 2373 manus,
264 2334 312 2363 ut
338 2322 542 2363 induatur
570 2327 753 2364 sancta.“
819 2323 902 2364 Hic
935 2323 1046 2367 enim
1077 2337 1158 2376 est,
1195 2326 1268 2381 qui
1299 2341 1394 2366 vere
1422 2325 1488 2365 in-

191 2529 235 2584 1)
265 2529 393 2571 Levit.
424 2530 543 2580 XXI,
573 2533 641 2573 10.
757 2532 804 2587 2)
833 2532 963 2574 Levit.
994 2533 1114 2585 XXI,
1145 2534 1211 2577 10.

188 2599 234 2650 ³)
263 2600 416 2641 Psalm.
447 2601 578 2650 XLV,
608 2600 645 2643 7.
678 2600 876 2657 (XLIV.)

189 2669 235 2723 ⁴)
266 2670 365 2714 Mss.
391 2669 739 2726 ‚‚participibus.“
810 2673 929 2715 Libri
959 2673 1059 2716 editi
1098 2673 1159 2729 (v.
1190 2690 1223 2714 c.
1255 2674 1350 2716 edd.
1383 2673 1490 2727 M.):

73 2727 408 2777 „consortibus.“
440 2726 489 2767 R.

192 2794 236 2849 ⁵)
270 2794 356 2835 cfr.
385 2796 514 2837 Lavit.
543 2784 664 2847 ΧΧΙ,
693 2799 759 2841 10.
887 2799 934 2855 ὃ>
963 2799 1206 2842 Ecclesiam.
1236 2800 1330 2851 vn,
1359 2799 1428 2842 20.

191 2863 235 2919 ⁷)
268 2863 353 2906 Cfr.
384 2866 512 2908 Levit.
542 2867 662 2920 XXI,
692 2870 759 2911 10.

1132 2946 1226 2989 25*
