1752 3136
209 151 267 198 68
810 146 1034 190 Omsssms

218 261 415 313 traverit,
455 271 559 303 tunc
599 259 724 302 etiam
761 260 900 303 omnis
930 259 1082 310 Israel,
1121 256 1194 314 qui
1235 271 1313 314 per
1351 254 1657 298 incredulitatis

217 339 420 383 duritiam
450 340 583 380 sactus
613 339 750 380 suerat
786 338 892 379 sicut
923 337 1053 392 lapis,
1093 334 1333 379 salvabitur.
1414 334 1471 376 Et
1507 334 1566 376 vis
1595 334 1657 376 vi·-

219 419 322 461 dere
351 416 579 473 quomodo
608 413 866 458 salvabitur?
895 413 1082 465 „Potens
1103 413 1144 468 ¹)
1173 424 1242 461 est,
1273 411 1423 467 inquit,
1456 411 1574 452 Deus
1604 411 1658 451 de

218 494 435 552 lapidibus
475 491 562 535 istis
591 491 789 534 suscitare
819 490 931 532 filios
973 491 1267 531 Abrahamo.“
1335 489 1517 530 Manent
1557 502 1657 539 ergo

221 570 385 628 lapides
416 587 545 619 nune,
577 570 715 610 donce
746 579 928 608 transeat
957 569 1147 623 populus
1178 578 1299 616 tuus,
1330 565 1545 612 Domine,
1579 581 1661 620 po-

222 649 350 705 pulus
381 660 476 689 tuus
507 647 597 695 hic,
641 661 768 701 quem
808 643 1030 699 acquisisti.
1121 643 1206 684 Sed
1247 642 1279 683 si
1322 643 1413 698 ipse
1443 642 1661 683 Dominus

225 737 395 768 creator
425 736 484 766 est
513 722 734 771 omnium,
777 720 1010 761 videndum
1044 731 1125 768 est,
1156 721 1381 774 quomodo
1413 719 1482 760 hic
1514 717 1663 773 acqui-

226 803 326 845 sisse
359 802 547 850 dicatur,
587 813 696 853 quae
725 813 800 838 sua
832 812 917 838 esse
947 812 1037 837 non
1069 796 1249 836 dubium
1284 807 1354 836 cst.
1421 794 1593 837 Dicitur
1624 805 1664 835 et

227 881 272 921 in
304 879 390 920 alio
423 875 589 919 cantico
630 872 985 914 Deuteronomii:
1031 872 1266 926 „nonne²)
1308 872 1376 913 hic
1415 871 1505 929 ipse
1545 872 1663 913 Deus

227 968 339 1005 tuus,
370 954 443 1011 qui
474 952 573 995 fecit
600 963 656 1003 te,
688 962 728 992 ct
759 950 914 992 creavit
950 961 992 991 te
1026 961 1067 992 et
1093 948 1317 1006 'acquisivit
1355 947 1455 990 te?“
1500 947 1666 989 videtur

230 1032 343 1075 enim
373 1028 665 1086 unusquisque
694 1027 803 1069 illud
835 1026 1077 1083 acquirere,
1132 1027 1251 1082 quod
1295 1043 1388 1067 non
1417 1024 1499 1066 fuit
1526 1041 1662 1066 suum.

231 1111 340 1151 Inde
372 1107 558 1163 denique
589 1118 629 1147 et
657 1104 859 1146 haeretici
892 1104 1041 1145 dicunt
1080 1104 1133 1145 de
1165 1104 1408 1154 Salvatore,
1447 1102 1545 1159 quia
1574 1118 1667 1143 non

234 1197 355 1228 erant
383 1185 462 1234 sui,
497 1200 604 1240 quos
634 1181 865 1238 acquisivit.
921 1180 1039 1222 Dato
1082 1181 1239 1222 etenim
1277 1181 1415 1237 pretio
1457 1190 1667 1221 mercatus

235 1275 295 1305 est
320 1261 530 1311 homines,
563 1276 669 1316 quos
701 1269 868 1300 creator
897 1258 1065 1299 fecerat.
1133 1258 1190 1299 Et
1230 1270 1392 1300 certum
1424 1269 1506 1308 cst,
1536 1259 1666 1307 aiunt,

233 1353 588 1396 unumquemque
623 1352 715 1377 non
752 1335 861 1376 illud
902 1351 1065 1386 emere,
1111 1336 1230 1391 quod
1259 1352 1384 1378 suum
1415 1346 1487 1376 est.
1547 1336 1670 1389 Apo-

233 1418 364 1460 stolus
396 1414 510 1456 enim
540 1413 620 1454 ait:
660 1411 825 1468 „pretio
845 1412 891 1466 3)
933 1411 1034 1453 emti
1066 1412 1201 1454 estis.“
1279 1412 1365 1453 Sed
1397 1410 1520 1460 audi,
1566 1410 1670 1465 quid

236 1494 339 1536 dicit
366 1492 603 1549 propheta:
635 1488 908 1545 ‚,peccatis⁴²)
938 1489 1080 1530 vestris
1111 1488 1346 1530 venundati
1377 1489 1484 1536 estis,
1517 1498 1556 1527 et
1585 1503 1668 1542 pro

233 1569 528 1626 iniquitatibus
557 1565 701 1608 vestris
733 1564 872 1607 dimisi
901 1577 1080 1607 matrem
1110 1571 1331 1608 vestram.“
1397 1565 1526 1606 Vides
1557 1579 1672 1616 ergo,

238 1648 339 1704 quia
370 1646 455 1687 Dei
485 1644 659 1701 quidem
680 1655 871 1684 creatura
903 1659 1050 1684 omnes
1071 1660 1229 1696 sumus,
1260 1641 1550 1698 unusquisque
1569 1656 1673 1681 vero

236 1723 420 1782 peccatis
450 1723 533 1764 suis
563 1721 846 1772 venundatur,
881 1732 920 1761 et
950 1737 1031 1777 pro
1064 1719 1358 1776 iniquitatibus
1388 1718 1472 1761 suis
1512 1734 1535 1758 a
1566 1735 1673 1773 pro-

238 1802 337 1858 prio
371 1810 561 1841 creatore
592 1796 783 1839 discedit.
834 1797 918 1839 Dei
939 1796 1067 1848 igitur
1096 1814 1254 1847 sumus,
1283 1797 1521 1839 secundum
1552 1795 1673 1850 quod

240 1879 294 1920 ab
328 1893 380 1918 eo
413 1875 543 1917 creati
573 1891 730 1916 sumus.
775 1874 930 1916 Effecti
959 1890 1059 1915 vero
1090 1891 1236 1916 sumus
1263 1872 1371 1915 servi
1400 1872 1577 1922 diaboli,
1606 1887 1673 1913 se·-

241 1955 431 1996 cundum
466 1953 584 2008 quod
614 1950 797 2008 peccatis
827 1950 981 1993 nostris
1011 1950 1242 1992 venundati
1269 1967 1427 1993 sumus.
1490 1948 1675 1989 Veniens

241 2043 383 2073 autem
416 2028 606 2070 Christus
635 2028 816 2070 redemit
843 2045 937 2078 nos,
971 2044 1068 2069 cum
1097 2027 1348 2070 serviremus
1376 2026 1439 2068 illi
1461 2026 1673 2076 Domino,

242 2107 311 2149 cui
348 2117 516 2148 nosmet
554 2105 667 2161 ipsos
709 2106 933 2161 peccando
974 2104 1254 2146 vendidimus.
1326 2104 1382 2146 Et
1421 2104 1476 2146 ita
1508 2102 1677 2144 videtur

241 2196 445 2239 tanquam
474 2198 573 2224 suos
607 2182 781 2238 quidem
812 2181 1030 2237 recepisse,
1060 2198 1166 2237 quos
1199 2193 1431 2231 creaverat,
1469 2192 1674 2236 tanquam

243 2261 407 2303 alienos
437 2271 579 2302 autem
610 2259 848 2314 acquisisse,
878 2258 977 2314 quia
1006 2257 1192 2299 alienum
1222 2259 1303 2300 sibi
1335 2257 1560 2300 dominum
1591 2256 1675 2298 sive

244 2338 458 2387 errando,
487 2336 572 2378 sive
602 2337 824 2392 peccando
859 2334 1163 2391 quaesiverant.
1251 2335 1307 2377 Et
1348 2337 1524 2377 fortasse
1562 2345 1676 2375 recte

245 2414 421 2471 quidem
454 2413 609 2455 dicitur
631 2411 858 2454 redemisse
885 2428 964 2454 nos
997 2411 1202 2463 Christus,
1234 2413 1307 2469 qui
1325 2412 1510 2469 pretium
1539 2410 1675 2452 nostri

245 2491 494 2545 sanguinem
523 2506 649 2531 suum
684 2488 813 2532 dedit.
874 2488 995 2544 Quid
1022 2491 1106 2532 tale
1140 2502 1295 2543 autem,
1325 2500 1373 2530 ut
1401 2505 1481 2530 nos
1510 2503 1673 2529 merca-

364 2628 410 2682 1)
439 2627 595 2669 Mani..
624 2627 699 2679 111,
729 2629 767 2671 9.

359 2697 407 2753 ²)
438 2698 567 2738 Deut.
596 2697 783 2749 XXXII,
812 2699 851 2742 6.
887 2698 983 2740 coll.
1012 2699 1144 2740 LXX.
1175 2698 1366 2741 virorum
1396 2697 1601 2740 versione.

360 2767 409 2823 ³)
440 2767 459 2806 I
490 2765 591 2808 Cor.
630 2767 746 2819 VIII,
788 2767 856 2812 23.
896 2792 947 2801 —-
987 2768 1099 2812 Edd.
1136 2768 1333 2813 Merlini:
1376 2767 1516 2826 pretio
1548 2766 1673 2809 >enim
1718 2753 1723 2757 Β

247 2823 347 2868 emti
376 2834 482 2865 estis.

358 2893 406 2949 ⁴²)
434 2891 561 2935 Jesai.
594 2892 640 2944 L,
670 2894 705 2935 1.
