<?xml version="1.0" encoding="UTF-8"?>
<!DOCTYPE html PUBLIC "-//W3C//DTD XHTML 1.0 Transitional//EN"
    "http://www.w3.org/TR/xhtml1/DTD/xhtml1-transitional.dtd">
<html xmlns="http://www.w3.org/1999/xhtml" xml:lang="en" lang="en">
 <head>
  <title>
</title>
<meta http-equiv="Content-Type" content="text/html;charset=utf-8" />
  <meta name='ocr-system' content='tesseract 3.04.00' />
  <meta name='ocr-capabilities' content='ocr_page ocr_carea ocr_par ocr_line ocrx_word'/>
</head>
<body>
  <div class='ocr_page' id='page_1' title='image "./operaomniaquaegr09orig_0137.png"; bbox 0 0 1752 3136; ppageno 0'>
   <div class='ocr_carea' id='block_1_1' title="bbox 490 120 1497 167">
    <p class='ocr_par' dir='ltr' id='par_1_1' title="bbox 490 120 1497 167">
     <span class='ocr_line' id='line_1_1' title="bbox 490 120 1497 167; baseline 0.004 -5"><span class='ocrx_word' id='word_1_1' title='bbox 490 134 537 163; x_wconf 75' lang='lat' dir='ltr'>m</span> <span class='ocrx_word' id='word_1_2' title='bbox 566 121 765 162; x_wconf 77' lang='lat' dir='ltr'>Exonum</span> <span class='ocrx_word' id='word_1_3' title='bbox 794 120 994 162; x_wconf 80' lang='lat' dir='ltr'>HommA</span> <span class='ocrx_word' id='word_1_4' title='bbox 1022 122 1076 162; x_wconf 89' lang='lat' dir='ltr'>X.</span> <span class='ocrx_word' id='word_1_5' title='bbox 1415 124 1497 167; x_wconf 78' lang='lat'>125</span> 
     </span>
    </p>
   </div>
   <div class='ocr_carea' id='block_1_2' title="bbox 32 231 1498 1363">
    <p class='ocr_par' dir='ltr' id='par_1_2' title="bbox 32 231 1498 1363">
     <span class='ocr_line' id='line_1_2' title="bbox 90 231 1497 290; baseline -0.001 -14"><span class='ocrx_word' id='word_1_6' title='bbox 90 235 242 277; x_wconf 84' lang='lat' dir='ltr'>iterum</span> <span class='ocrx_word' id='word_1_7' title='bbox 274 231 478 290; x_wconf 80' lang='lat' dir='ltr'>parturio,</span> <span class='ocrx_word' id='word_1_8' title='bbox 508 233 646 273; x_wconf 86' lang='lat' dir='ltr'>donec</span> <span class='ocrx_word' id='word_1_9' title='bbox 675 232 883 271; x_wconf 79' lang='lat' dir='ltr'>formetur</span> <span class='ocrx_word' id='word_1_10' title='bbox 901 231 1090 272; x_wconf 80' lang='lat' dir='ltr'>Christus</span> <span class='ocrx_word' id='word_1_11' title='bbox 1119 231 1163 273; x_wconf 87' lang='lat' dir='ltr'>iu</span> <span class='ocrx_word' id='word_1_12' title='bbox 1194 231 1353 274; x_wconf 84' lang='lat' dir='ltr'>vobis.“</span> <span class='ocrx_word' id='word_1_13' title='bbox 1393 233 1497 275; x_wconf 86' lang='lat' dir='ltr'>Per-</span> 
     </span>
     <span class='ocr_line' id='line_1_3' title="bbox 90 307 1498 365; baseline -0.001 -12"><span class='ocrx_word' id='word_1_14' title='bbox 90 311 188 353; x_wconf 83' lang='lat' dir='ltr'>fecti</span> <span class='ocrx_word' id='word_1_15' title='bbox 220 326 316 362; x_wconf 84' lang='lat' dir='ltr'>ergo</span> <span class='ocrx_word' id='word_1_16' title='bbox 345 321 439 350; x_wconf 84' lang='lat' dir='ltr'>sunt</span> <span class='ocrx_word' id='word_1_17' title='bbox 469 319 510 348; x_wconf 84' lang='lat' dir='ltr'>et</span> <span class='ocrx_word' id='word_1_18' title='bbox 546 307 622 348; x_wconf 85' lang='lat' dir='ltr'>viri</span> <span class='ocrx_word' id='word_1_19' title='bbox 662 308 811 357; x_wconf 84' lang='lat' dir='ltr'>fortes,</span> <span class='ocrx_word' id='word_1_20' title='bbox 852 308 1112 363; x_wconf 74' lang='lat' dir='ltr'>quistatim,</span> <span class='ocrx_word' id='word_1_21' title='bbox 1154 320 1201 349; x_wconf 85' lang='lat' dir='ltr'>ut</span> <span class='ocrx_word' id='word_1_22' title='bbox 1238 309 1498 365; x_wconf 84' lang='lat' dir='ltr'>concipiunt,</span> 
     </span>
     <span class='ocr_line' id='line_1_4' title="bbox 89 383 1498 444; baseline 0 -15"><span class='ocrx_word' id='word_1_23' title='bbox 89 388 282 444; x_wconf 81' lang='lat' dir='ltr'>pariunt,</span> <span class='ocrx_word' id='word_1_24' title='bbox 326 385 371 427; x_wconf 83' lang='lat' dir='ltr'>id</span> <span class='ocrx_word' id='word_1_25' title='bbox 409 397 486 433; x_wconf 83' lang='lat' dir='ltr'>est,</span> <span class='ocrx_word' id='word_1_26' title='bbox 530 384 600 439; x_wconf 84' lang='lat' dir='ltr'>qui</span> <span class='ocrx_word' id='word_1_27' title='bbox 640 394 897 439; x_wconf 89' lang='lat' dir='ltr'>conceptum</span> <span class='ocrx_word' id='word_1_28' title='bbox 937 383 1037 425; x_wconf 88' lang='lat' dir='ltr'>fidei</span> <span class='ocrx_word' id='word_1_29' title='bbox 1074 387 1250 427; x_wconf 81' lang='lat' dir='ltr'>verbum</span> <span class='ocrx_word' id='word_1_30' title='bbox 1288 387 1333 428; x_wconf 83' lang='lat' dir='ltr'>in</span> <span class='ocrx_word' id='word_1_31' title='bbox 1365 404 1498 443; x_wconf 82' lang='lat' dir='ltr'>opera</span> 
     </span>
     <span class='ocr_line' id='line_1_5' title="bbox 87 460 1498 521; baseline 0 -15"><span class='ocrx_word' id='word_1_32' title='bbox 87 466 341 520; x_wconf 80' lang='lat' dir='ltr'>producunt.</span> <span class='ocrx_word' id='word_1_33' title='bbox 427 460 581 502; x_wconf 84' lang='lat' dir='ltr'>Anima</span> <span class='ocrx_word' id='word_1_34' title='bbox 622 472 783 509; x_wconf 81' lang='lat' dir='ltr'>autem,</span> <span class='ocrx_word' id='word_1_35' title='bbox 823 478 930 521; x_wconf 79' lang='lat' dir='ltr'>quae</span> <span class='ocrx_word' id='word_1_36' title='bbox 961 465 1174 518; x_wconf 80' lang='lat' dir='ltr'>concepit,</span> <span class='ocrx_word' id='word_1_37' title='bbox 1216 474 1255 503; x_wconf 89' lang='lat' dir='ltr'>et</span> <span class='ocrx_word' id='word_1_38' title='bbox 1283 463 1326 503; x_wconf 85' lang='lat' dir='ltr'>in</span> <span class='ocrx_word' id='word_1_39' title='bbox 1355 476 1498 506; x_wconf 82' lang='lat' dir='ltr'>ventre</span> 
     </span>
     <span class='ocr_line' id='line_1_6' title="bbox 88 536 1495 596; baseline 0 -14"><span class='ocrx_word' id='word_1_40' title='bbox 88 541 249 589; x_wconf 86' lang='lat' dir='ltr'>retinet,</span> <span class='ocrx_word' id='word_1_41' title='bbox 281 550 319 579; x_wconf 89' lang='lat' dir='ltr'>et</span> <span class='ocrx_word' id='word_1_42' title='bbox 348 554 437 579; x_wconf 91' lang='lat' dir='ltr'>non</span> <span class='ocrx_word' id='word_1_43' title='bbox 468 537 588 594; x_wconf 78' lang='lat' dir='ltr'>parit,</span> <span class='ocrx_word' id='word_1_44' title='bbox 617 536 693 579; x_wconf 82' lang='lat' dir='ltr'>ista</span> <span class='ocrx_word' id='word_1_45' title='bbox 723 537 876 578; x_wconf 87' lang='lat' dir='ltr'>mulier</span> <span class='ocrx_word' id='word_1_46' title='bbox 907 540 1155 593; x_wconf 76' lang='lat' dir='ltr'>appellatur,</span> <span class='ocrx_word' id='word_1_47' title='bbox 1184 539 1292 581; x_wconf 87' lang='lat' dir='ltr'>sicut</span> <span class='ocrx_word' id='word_1_48' title='bbox 1323 553 1361 581; x_wconf 92' lang='lat' dir='ltr'>et</span> <span class='ocrx_word' id='word_1_49' title='bbox 1390 558 1495 596; x_wconf 87' lang='lat' dir='ltr'>pro-</span> 
     </span>
     <span class='ocr_line' id='line_1_7' title="bbox 87 615 1497 672; baseline 0.001 -15"><span class='ocrx_word' id='word_1_50' title='bbox 87 618 213 672; x_wconf 82' lang='lat' dir='ltr'>pheta</span> <span class='ocrx_word' id='word_1_51' title='bbox 254 615 374 656; x_wconf 82' lang='lat' dir='ltr'>dicit:</span> <span class='ocrx_word' id='word_1_52' title='bbox 413 615 671 668; x_wconf 81' lang='lat' dir='ltr'>„dolores¹&gt;</span> <span class='ocrx_word' id='word_1_53' title='bbox 708 626 852 669; x_wconf 76' lang='lat' dir='ltr'>partus</span> <span class='ocrx_word' id='word_1_54' title='bbox 893 617 1151 656; x_wconf 83' lang='lat' dir='ltr'>advenerunt</span> <span class='ocrx_word' id='word_1_55' title='bbox 1190 615 1246 665; x_wconf 89' lang='lat' dir='ltr'>ei,</span> <span class='ocrx_word' id='word_1_56' title='bbox 1288 628 1328 658; x_wconf 88' lang='lat' dir='ltr'>et</span> <span class='ocrx_word' id='word_1_57' title='bbox 1370 619 1497 660; x_wconf 80' lang='lat' dir='ltr'>virtus</span> 
     </span>
     <span class='ocr_line' id='line_1_8' title="bbox 85 691 1495 749; baseline 0.001 -15"><span class='ocrx_word' id='word_1_58' title='bbox 85 692 278 749; x_wconf 82' lang='lat' dir='ltr'>pariendi</span> <span class='ocrx_word' id='word_1_59' title='bbox 306 708 395 732; x_wconf 90' lang='lat' dir='ltr'>non</span> <span class='ocrx_word' id='word_1_60' title='bbox 427 703 485 732; x_wconf 87' lang='lat' dir='ltr'>est</span> <span class='ocrx_word' id='word_1_61' title='bbox 525 691 569 731; x_wconf 87' lang='lat' dir='ltr'>in</span> <span class='ocrx_word' id='word_1_62' title='bbox 611 697 698 732; x_wconf 55' lang='grc' dir='ltr'>εἰπέ*</span> <span class='ocrx_word' id='word_1_63' title='bbox 765 692 880 732; x_wconf 73' lang='lat' dir='ltr'>Haec</span> <span class='ocrx_word' id='word_1_64' title='bbox 922 709 1018 745; x_wconf 82' lang='lat' dir='ltr'>ergo</span> <span class='ocrx_word' id='word_1_65' title='bbox 1061 693 1212 743; x_wconf 78' lang='lat' dir='ltr'>anima,</span> <span class='ocrx_word' id='word_1_66' title='bbox 1243 710 1351 748; x_wconf 87' lang='lat' dir='ltr'>quae</span> <span class='ocrx_word' id='word_1_67' title='bbox 1380 712 1495 736; x_wconf 87' lang='lat' dir='ltr'>nunc</span> 
     </span>
     <span class='ocr_line' id='line_1_9' title="bbox 84 767 1496 825; baseline 0.001 -15"><span class='ocrx_word' id='word_1_68' title='bbox 84 786 164 825; x_wconf 90' lang='lat' dir='ltr'>pro</span> <span class='ocrx_word' id='word_1_69' title='bbox 195 768 439 809; x_wconf 82' lang='lat' dir='ltr'>infirmitate</span> <span class='ocrx_word' id='word_1_70' title='bbox 466 767 530 809; x_wconf 84' lang='lat' dir='ltr'>sui</span> <span class='ocrx_word' id='word_1_71' title='bbox 559 767 712 809; x_wconf 82' lang='lat' dir='ltr'>mulier</span> <span class='ocrx_word' id='word_1_72' title='bbox 742 771 998 825; x_wconf 73' lang='lat' dir='ltr'>appellatur,</span> <span class='ocrx_word' id='word_1_73' title='bbox 1039 771 1206 811; x_wconf 85' lang='lat' dir='ltr'>duobus</span> <span class='ocrx_word' id='word_1_74' title='bbox 1234 771 1346 812; x_wconf 78' lang='lat' dir='ltr'>inter</span> <span class='ocrx_word' id='word_1_75' title='bbox 1373 789 1416 812; x_wconf 89' lang='lat' dir='ltr'>se</span> <span class='ocrx_word' id='word_1_76' title='bbox 1444 773 1496 813; x_wconf 88' lang='lat' dir='ltr'>li-</span> 
     </span>
     <span class='ocr_line' id='line_1_10' title="bbox 84 844 1493 902; baseline 0.002 -15"><span class='ocrx_word' id='word_1_77' title='bbox 84 845 308 898; x_wconf 81' lang='lat' dir='ltr'>tigantibus</span> <span class='ocrx_word' id='word_1_78' title='bbox 338 844 444 893; x_wconf 76' lang='lat' dir='ltr'>viris,</span> <span class='ocrx_word' id='word_1_79' title='bbox 476 856 516 884; x_wconf 88' lang='lat' dir='ltr'>et</span> <span class='ocrx_word' id='word_1_80' title='bbox 544 844 589 885; x_wconf 84' lang='lat' dir='ltr'>in</span> <span class='ocrx_word' id='word_1_81' title='bbox 621 848 847 888; x_wconf 79' lang='lat' dir='ltr'>certamine</span> <span class='ocrx_word' id='word_1_82' title='bbox 865 847 1062 888; x_wconf 77' lang='lat' dir='ltr'>scandala</span> <span class='ocrx_word' id='word_1_83' title='bbox 1089 847 1415 902; x_wconf 84' lang='lat' dir='ltr'>proferentibus,</span> <span class='ocrx_word' id='word_1_84' title='bbox 1440 873 1493 881; x_wconf 87' lang='lat'><strong>—</strong></span> 
     </span>
     <span class='ocr_line' id='line_1_11' title="bbox 87 922 1494 980; baseline 0.002 -17"><span class='ocrx_word' id='word_1_85' title='bbox 87 924 205 978; x_wconf 84' lang='lat' dir='ltr'>quod</span> <span class='ocrx_word' id='word_1_86' title='bbox 234 922 391 962; x_wconf 84' lang='lat' dir='ltr'>habere</span> <span class='ocrx_word' id='word_1_87' title='bbox 420 938 587 976; x_wconf 87' lang='lat' dir='ltr'><strong>semper</strong></span> <span class='ocrx_word' id='word_1_88' title='bbox 615 923 843 963; x_wconf 88' lang='lat' dir='ltr'>verborum</span> <span class='ocrx_word' id='word_1_89' title='bbox 876 922 1090 963; x_wconf 80' lang='lat' dir='ltr'>contentio</span> <span class='ocrx_word' id='word_1_90' title='bbox 1109 926 1215 964; x_wconf 87' lang='lat' dir='ltr'>solet</span> <span class='ocrx_word' id='word_1_91' title='bbox 1248 950 1312 974; x_wconf 94' lang='lat'>—,</span> <span class='ocrx_word' id='word_1_92' title='bbox 1340 942 1494 980; x_wconf 81' lang='lat' dir='ltr'>percu-</span> 
     </span>
     <span class='ocr_line' id='line_1_12' title="bbox 84 999 1496 1056; baseline 0.001 -16"><span class='ocrx_word' id='word_1_93' title='bbox 84 999 186 1040; x_wconf 84' lang='lat' dir='ltr'>titur</span> <span class='ocrx_word' id='word_1_94' title='bbox 217 1010 256 1039; x_wconf 88' lang='lat' dir='ltr'>et</span> <span class='ocrx_word' id='word_1_95' title='bbox 283 999 612 1047; x_wconf 79' lang='lat' dir='ltr'><strong>scandalizatur,</strong></span> <span class='ocrx_word' id='word_1_96' title='bbox 649 999 706 1040; x_wconf 81' lang='lat' dir='ltr'>ita</span> <span class='ocrx_word' id='word_1_97' title='bbox 736 1012 782 1040; x_wconf 90' lang='lat' dir='ltr'>ut</span> <span class='ocrx_word' id='word_1_98' title='bbox 809 1000 986 1052; x_wconf 5' lang='lat' dir='ltr'>verbum,</span> <span class='ocrx_word' id='word_1_99' title='bbox 1015 1000 1138 1049; x_wconf 80' lang='lat' dir='ltr'>fidei,</span> <span class='ocrx_word' id='word_1_100' title='bbox 1168 1004 1284 1056; x_wconf 88' lang='lat' dir='ltr'>quod</span> <span class='ocrx_word' id='word_1_101' title='bbox 1314 1003 1496 1043; x_wconf 83' lang='lat' dir='ltr'>tenuiter</span> 
     </span>
     <span class='ocr_line' id='line_1_13' title="bbox 87 1061 1493 1131; baseline 0.001 -14"><span class='ocrx_word' id='word_1_102' title='bbox 87 1086 351 1131; x_wconf 81' lang='lat' dir='ltr'>conceperat,</span> <span class='ocrx_word' id='word_1_103' title='bbox 382 1061 562 1130; x_wconf 53' lang='lat' dir='ltr'>abjiciat,</span> <span class='ocrx_word' id='word_1_104' title='bbox 594 1086 632 1116; x_wconf 88' lang='lat' dir='ltr'>et</span> <span class='ocrx_word' id='word_1_105' title='bbox 661 1077 824 1131; x_wconf 83' lang='lat' dir='ltr'>perdat,</span> <span class='ocrx_word' id='word_1_106' title='bbox 856 1089 894 1118; x_wconf 85' lang='lat' dir='ltr'>et</span> <span class='ocrx_word' id='word_1_107' title='bbox 923 1076 1026 1117; x_wconf 80' lang='lat' dir='ltr'>haec</span> <span class='ocrx_word' id='word_1_108' title='bbox 1059 1088 1117 1118; x_wconf 86' lang='lat' dir='ltr'>est</span> <span class='ocrx_word' id='word_1_109' title='bbox 1146 1077 1194 1118; x_wconf 84' lang='lat' dir='ltr'>lis</span> <span class='ocrx_word' id='word_1_110' title='bbox 1211 1089 1249 1117; x_wconf 89' lang='lat' dir='ltr'>et</span> <span class='ocrx_word' id='word_1_111' title='bbox 1277 1078 1493 1119; x_wconf 82' lang='lat' dir='ltr'>contentio</span> 
     </span>
     <span class='ocr_line' id='line_1_14' title="bbox 86 1151 1495 1206; baseline 0.001 -12"><span class='ocrx_word' id='word_1_112' title='bbox 86 1154 139 1194; x_wconf 83' lang='lat' dir='ltr'>ad</span> <span class='ocrx_word' id='word_1_113' title='bbox 171 1151 428 1193; x_wconf 82' lang='lat' dir='ltr'>eversionem</span> <span class='ocrx_word' id='word_1_114' title='bbox 460 1151 733 1195; x_wconf 83' lang='lat' dir='ltr'>audientium.</span> <span class='ocrx_word' id='word_1_115' title='bbox 804 1153 849 1195; x_wconf 88' lang='lat' dir='ltr'>Si</span> <span class='ocrx_word' id='word_1_116' title='bbox 889 1170 986 1206; x_wconf 79' lang='lat' dir='ltr'>ergo</span> <span class='ocrx_word' id='word_1_117' title='bbox 1026 1156 1222 1196; x_wconf 88' lang='lat' dir='ltr'>nondum</span> <span class='ocrx_word' id='word_1_118' title='bbox 1261 1156 1495 1196; x_wconf 85' lang='lat' dir='ltr'>formatum</span> 
     </span>
     <span class='ocr_line' id='line_1_15' title="bbox 32 1227 1495 1287; baseline 0.002 -17"><span class='ocrx_word' id='word_1_119' title='bbox 32 1277 34 1279; x_wconf 21' lang='lat'><strong><em>¹</em></strong></span> <span class='ocrx_word' id='word_1_120' title='bbox 84 1228 236 1277; x_wconf 76' lang='lat' dir='ltr'>anima,</span> <span class='ocrx_word' id='word_1_121' title='bbox 265 1244 372 1284; x_wconf 80' lang='lat' dir='ltr'>quae</span> <span class='ocrx_word' id='word_1_122' title='bbox 400 1228 678 1271; x_wconf 74' lang='lat' dir='ltr'>scandalizata</span> <span class='ocrx_word' id='word_1_123' title='bbox 709 1241 778 1280; x_wconf 85' lang='lat' dir='ltr'>est,</span> <span class='ocrx_word' id='word_1_124' title='bbox 809 1227 1008 1286; x_wconf 80' lang='lat' dir='ltr'>abjecerit</span> <span class='ocrx_word' id='word_1_125' title='bbox 1036 1231 1234 1283; x_wconf 81' lang='lat' dir='ltr'>verbum,</span> <span class='ocrx_word' id='word_1_126' title='bbox 1275 1231 1347 1287; x_wconf 84' lang='lat' dir='ltr'>qui</span> <span class='ocrx_word' id='word_1_127' title='bbox 1372 1248 1495 1274; x_wconf 83' lang='lat' dir='ltr'>scan-</span> 
     </span>
     <span class='ocr_line' id='line_1_16' title="bbox 86 1303 1495 1363; baseline 0.004 -18"><span class='ocrx_word' id='word_1_128' title='bbox 86 1303 287 1353; x_wconf 80' lang='lat' dir='ltr'>dalizavit,</span> <span class='ocrx_word' id='word_1_129' title='bbox 319 1306 520 1345; x_wconf 82' lang='lat' dir='ltr'>damnum</span> <span class='ocrx_word' id='word_1_130' title='bbox 553 1305 707 1347; x_wconf 82' lang='lat' dir='ltr'>dicitur</span> <span class='ocrx_word' id='word_1_131' title='bbox 737 1307 836 1363; x_wconf 79' lang='lat' dir='ltr'>pati.</span> <span class='ocrx_word' id='word_1_132' title='bbox 891 1307 963 1348; x_wconf 81' lang='lat' dir='ltr'>Vis</span> <span class='ocrx_word' id='word_1_133' title='bbox 978 1307 1095 1357; x_wconf 89' lang='lat' dir='ltr'>scire,</span> <span class='ocrx_word' id='word_1_134' title='bbox 1126 1308 1224 1363; x_wconf 86' lang='lat' dir='ltr'>quia</span> <span class='ocrx_word' id='word_1_135' title='bbox 1256 1320 1315 1349; x_wconf 87' lang='lat' dir='ltr'>est</span> <span class='ocrx_word' id='word_1_136' title='bbox 1343 1308 1388 1349; x_wconf 87' lang='lat' dir='ltr'>in</span> <span class='ocrx_word' id='word_1_137' title='bbox 1418 1308 1495 1350; x_wconf 79' lang='lat' dir='ltr'>ali-</span> 
     </span>
    </p>
   </div>
   <div class='ocr_carea' id='block_1_3' title="bbox 86 1383 1496 1440">
    <p class='ocr_par' dir='ltr' id='par_1_3' title="bbox 86 1383 1496 1440">
     <span class='ocr_line' id='line_1_17' title="bbox 86 1383 1496 1440; baseline 0.004 -19"><span class='ocrx_word' id='word_1_138' title='bbox 86 1383 238 1438; x_wconf 81' lang='lat' dir='ltr'>quibus</span> <span class='ocrx_word' id='word_1_139' title='bbox 267 1383 496 1422; x_wconf 79' lang='lat' dir='ltr'>formatum</span> <span class='ocrx_word' id='word_1_140' title='bbox 514 1384 704 1433; x_wconf 84' lang='lat' dir='ltr'>verbum,</span> <span class='ocrx_word' id='word_1_141' title='bbox 732 1385 774 1425; x_wconf 85' lang='lat' dir='ltr'>in</span> <span class='ocrx_word' id='word_1_142' title='bbox 793 1385 1002 1440; x_wconf 76' lang='lat' dir='ltr'>aliquibus</span> <span class='ocrx_word' id='word_1_143' title='bbox 1023 1386 1218 1426; x_wconf 88' lang='lat' dir='ltr'>nondum</span> <span class='ocrx_word' id='word_1_144' title='bbox 1233 1387 1462 1427; x_wconf 80' lang='lat' dir='ltr'>formatum</span> <span class='ocrx_word' id='word_1_145' title='bbox 1475 1385 1496 1428; x_wconf 64' lang='grc' dir='ltr'>ἐ’</span> 
     </span>
    </p>
   </div>
   <div class='ocr_carea' id='block_1_4' title="bbox 83 1459 1568 1518">
    <p class='ocr_par' dir='ltr' id='par_1_4' title="bbox 83 1459 1568 1518">
     <span class='ocr_line' id='line_1_18' title="bbox 83 1459 1568 1518; baseline 0.004 -19"><span class='ocrx_word' id='word_1_146' title='bbox 83 1459 313 1500; x_wconf 88' lang='lat' dir='ltr'>Evidenter</span> <span class='ocrx_word' id='word_1_147' title='bbox 342 1474 419 1499; x_wconf 88' lang='lat' dir='ltr'>nos</span> <span class='ocrx_word' id='word_1_148' title='bbox 451 1460 574 1499; x_wconf 79' lang='lat' dir='ltr'>docet</span> <span class='ocrx_word' id='word_1_149' title='bbox 603 1461 801 1514; x_wconf 84' lang='lat' dir='ltr'>Apostoli</span> <span class='ocrx_word' id='word_1_150' title='bbox 829 1478 982 1510; x_wconf 88' lang='lat' dir='ltr'>sermo,</span> <span class='ocrx_word' id='word_1_151' title='bbox 1016 1478 1142 1517; x_wconf 89' lang='lat' dir='ltr'>quem</span> <span class='ocrx_word' id='word_1_152' title='bbox 1171 1479 1297 1518; x_wconf 86' lang='lat' dir='ltr'>supra</span> <span class='ocrx_word' id='word_1_153' title='bbox 1329 1479 1497 1504; x_wconf 84' lang='lat' dir='ltr'>memo-</span> <span class='ocrx_word' id='word_1_154' title='bbox 1556 1463 1568 1470; x_wconf 69' lang='lat'>²</span> 
     </span>
    </p>
   </div>
   <div class='ocr_carea' id='block_1_5' title="bbox 83 1533 1498 2053">
    <p class='ocr_par' dir='ltr' id='par_1_5' title="bbox 83 1533 1498 2053">
     <span class='ocr_line' id='line_1_19' title="bbox 85 1533 1498 1593; baseline 0.004 -17"><span class='ocrx_word' id='word_1_155' title='bbox 85 1537 280 1584; x_wconf 79' lang='lat' dir='ltr'>ravimus,</span> <span class='ocrx_word' id='word_1_156' title='bbox 311 1551 407 1575; x_wconf 90' lang='lat' dir='ltr'>cum</span> <span class='ocrx_word' id='word_1_157' title='bbox 438 1533 514 1574; x_wconf 82' lang='lat' dir='ltr'>ait:</span> <span class='ocrx_word' id='word_1_158' title='bbox 552 1537 716 1585; x_wconf 83' lang='lat' dir='ltr'>„donec</span> <span class='ocrx_word' id='word_1_159' title='bbox 733 1537 777 1593; x_wconf 82' lang='lat'>²)</span> <span class='ocrx_word' id='word_1_160' title='bbox 805 1539 1015 1579; x_wconf 83' lang='lat' dir='ltr'>formetur</span> <span class='ocrx_word' id='word_1_161' title='bbox 1047 1538 1236 1580; x_wconf 89' lang='lat' dir='ltr'>Christus</span> <span class='ocrx_word' id='word_1_162' title='bbox 1265 1539 1311 1580; x_wconf 76' lang='lat' dir='ltr'>in</span> <span class='ocrx_word' id='word_1_163' title='bbox 1339 1539 1498 1581; x_wconf 83' lang='lat' dir='ltr'>vobis.“</span> 
     </span>
     <span class='ocr_line' id='line_1_20' title="bbox 89 1612 1496 1672; baseline 0.003 -19"><span class='ocrx_word' id='word_1_164' title='bbox 89 1612 279 1654; x_wconf 76' lang='lat' dir='ltr'>Christus</span> <span class='ocrx_word' id='word_1_165' title='bbox 309 1623 448 1652; x_wconf 89' lang='lat' dir='ltr'>autem</span> <span class='ocrx_word' id='word_1_166' title='bbox 480 1622 538 1651; x_wconf 91' lang='lat' dir='ltr'>est</span> <span class='ocrx_word' id='word_1_167' title='bbox 568 1612 757 1665; x_wconf 79' lang='lat' dir='ltr'>Verbum</span> <span class='ocrx_word' id='word_1_168' title='bbox 781 1614 876 1656; x_wconf 81' lang='lat' dir='ltr'>Dei.</span> <span class='ocrx_word' id='word_1_169' title='bbox 936 1614 1018 1655; x_wconf 82' lang='lat' dir='ltr'>Per</span> <span class='ocrx_word' id='word_1_170' title='bbox 1041 1616 1158 1670; x_wconf 88' lang='lat' dir='ltr'>quod</span> <span class='ocrx_word' id='word_1_171' title='bbox 1176 1617 1368 1666; x_wconf 85' lang='lat' dir='ltr'>ostendit,</span> <span class='ocrx_word' id='word_1_172' title='bbox 1397 1615 1496 1672; x_wconf 86' lang='lat' dir='ltr'>quia</span> 
     </span>
     <span class='ocr_line' id='line_1_21' title="bbox 85 1689 1496 1746; baseline 0.001 -14"><span class='ocrx_word' id='word_1_173' title='bbox 85 1708 135 1734; x_wconf 86' lang='lat' dir='ltr'>eo</span> <span class='ocrx_word' id='word_1_174' title='bbox 165 1703 383 1746; x_wconf 88' lang='lat' dir='ltr'>tempore,</span> <span class='ocrx_word' id='word_1_175' title='bbox 412 1703 498 1744; x_wconf 90' lang='lat' dir='ltr'>quo</span> <span class='ocrx_word' id='word_1_176' title='bbox 529 1689 760 1739; x_wconf 75' lang='lat' dir='ltr'>scribebat,</span> <span class='ocrx_word' id='word_1_177' title='bbox 805 1692 1001 1732; x_wconf 89' lang='lat' dir='ltr'>nondum</span> <span class='ocrx_word' id='word_1_178' title='bbox 1033 1702 1122 1732; x_wconf 83' lang='lat' dir='ltr'>erat</span> <span class='ocrx_word' id='word_1_179' title='bbox 1149 1691 1192 1732; x_wconf 83' lang='lat' dir='ltr'>in</span> <span class='ocrx_word' id='word_1_180' title='bbox 1223 1692 1304 1733; x_wconf 80' lang='lat' dir='ltr'>inis</span> <span class='ocrx_word' id='word_1_181' title='bbox 1331 1694 1496 1735; x_wconf 83' lang='lat' dir='ltr'>forma-</span> 
     </span>
     <span class='ocr_line' id='line_1_22' title="bbox 83 1764 1495 1819; baseline 0.001 -10"><span class='ocrx_word' id='word_1_182' title='bbox 83 1780 175 1809; x_wconf 85' lang='lat' dir='ltr'>tum</span> <span class='ocrx_word' id='word_1_183' title='bbox 213 1767 404 1807; x_wconf 82' lang='lat' dir='ltr'>Verbum</span> <span class='ocrx_word' id='word_1_184' title='bbox 444 1764 538 1805; x_wconf 84' lang='lat' dir='ltr'>Dei.</span> <span class='ocrx_word' id='word_1_185' title='bbox 606 1765 652 1806; x_wconf 83' lang='lat' dir='ltr'>Si</span> <span class='ocrx_word' id='word_1_186' title='bbox 693 1782 791 1818; x_wconf 86' lang='lat' dir='ltr'>ergo</span> <span class='ocrx_word' id='word_1_187' title='bbox 830 1769 1026 1808; x_wconf 88' lang='lat' dir='ltr'>nondum</span> <span class='ocrx_word' id='word_1_188' title='bbox 1064 1766 1300 1809; x_wconf 84' lang='lat' dir='ltr'>formatum</span> <span class='ocrx_word' id='word_1_189' title='bbox 1341 1769 1495 1819; x_wconf 82' lang='lat' dir='ltr'>exierit,</span> 
     </span>
     <span class='ocr_line' id='line_1_23' title="bbox 87 1841 1494 1901; baseline 0.001 -15"><span class='ocrx_word' id='word_1_190' title='bbox 87 1846 290 1886; x_wconf 85' lang='lat' dir='ltr'>damnum</span> <span class='ocrx_word' id='word_1_191' title='bbox 319 1842 514 1898; x_wconf 83' lang='lat' dir='ltr'>patietur.</span> <span class='ocrx_word' id='word_1_192' title='bbox 586 1841 654 1883; x_wconf 90' lang='lat' dir='ltr'>De</span> <span class='ocrx_word' id='word_1_193' title='bbox 694 1843 859 1885; x_wconf 83' lang='lat' dir='ltr'>damnis</span> <span class='ocrx_word' id='word_1_194' title='bbox 891 1847 1116 1886; x_wconf 87' lang='lat' dir='ltr'>doctorum</span> <span class='ocrx_word' id='word_1_195' title='bbox 1149 1845 1272 1886; x_wconf 86' lang='lat' dir='ltr'>etiam</span> <span class='ocrx_word' id='word_1_196' title='bbox 1304 1847 1494 1901; x_wconf 84' lang='lat' dir='ltr'>Aposto-</span> 
     </span>
     <span class='ocr_line' id='line_1_24' title="bbox 84 1918 1495 1979; baseline 0.001 -16"><span class='ocrx_word' id='word_1_197' title='bbox 84 1922 149 1963; x_wconf 88' lang='lat' dir='ltr'>lus</span> <span class='ocrx_word' id='word_1_198' title='bbox 187 1922 330 1970; x_wconf 87' lang='lat' dir='ltr'>docet,</span> <span class='ocrx_word' id='word_1_199' title='bbox 371 1935 466 1960; x_wconf 86' lang='lat' dir='ltr'>cum</span> <span class='ocrx_word' id='word_1_200' title='bbox 508 1918 628 1961; x_wconf 85' lang='lat' dir='ltr'>dicit:</span> <span class='ocrx_word' id='word_1_201' title='bbox 678 1920 796 1976; x_wconf 80' lang='lat' dir='ltr'>„si3)</span> <span class='ocrx_word' id='word_1_202' title='bbox 842 1921 960 1979; x_wconf 85' lang='lat' dir='ltr'>cujus</span> <span class='ocrx_word' id='word_1_203' title='bbox 1007 1933 1146 1963; x_wconf 85' lang='lat' dir='ltr'>autem</span> <span class='ocrx_word' id='word_1_204' title='bbox 1190 1939 1296 1979; x_wconf 89' lang='lat' dir='ltr'>opus</span> <span class='ocrx_word' id='word_1_205' title='bbox 1337 1923 1495 1973; x_wconf 82' lang='lat' dir='ltr'>arserit,</span> 
     </span>
     <span class='ocr_line' id='line_1_25' title="bbox 86 1994 1495 2053; baseline 0.001 -13"><span class='ocrx_word' id='word_1_206' title='bbox 86 1999 290 2040; x_wconf 81' lang='lat' dir='ltr'>damnum</span> <span class='ocrx_word' id='word_1_207' title='bbox 329 1994 522 2052; x_wconf 68' lang='lat' dir='ltr'>patietur.</span> <span class='ocrx_word' id='word_1_208' title='bbox 610 1997 702 2053; x_wconf 86' lang='lat' dir='ltr'>lpse</span> <span class='ocrx_word' id='word_1_209' title='bbox 751 2010 892 2040; x_wconf 79' lang='lat' dir='ltr'>autem</span> <span class='ocrx_word' id='word_1_210' title='bbox 940 1999 1074 2040; x_wconf 80' lang='lat' dir='ltr'>salvus</span> <span class='ocrx_word' id='word_1_211' title='bbox 1112 2000 1212 2049; x_wconf 87' lang='lat' dir='ltr'>erit,</span> <span class='ocrx_word' id='word_1_212' title='bbox 1258 1999 1314 2041; x_wconf 89' lang='lat' dir='ltr'>sic</span> <span class='ocrx_word' id='word_1_213' title='bbox 1350 2011 1495 2041; x_wconf 83' lang='lat' dir='ltr'>tamen</span> 
     </span>
    </p>
   </div>
   <div class='ocr_carea' id='block_1_6' title="bbox 501 2074 1496 2129">
    <p class='ocr_par' dir='ltr' id='par_1_6' title="bbox 501 2074 1496 2129">
     <span class='ocr_line' id='line_1_26' title="bbox 501 2074 1496 2129; baseline 0.002 -13"><span class='ocrx_word' id='word_1_214' title='bbox 501 2079 525 2098; x_wconf 92' lang='lat'><strong>“</strong></span> <span class='ocrx_word' id='word_1_215' title='bbox 590 2074 677 2116; x_wconf 80' lang='lat' dir='ltr'>Sed</span> <span class='ocrx_word' id='word_1_216' title='bbox 717 2087 756 2117; x_wconf 88' lang='lat' dir='ltr'>et</span> <span class='ocrx_word' id='word_1_217' title='bbox 790 2076 1005 2117; x_wconf 79' lang='lat' dir='ltr'>Dominus</span> <span class='ocrx_word' id='word_1_218' title='bbox 1044 2076 1087 2117; x_wconf 90' lang='lat' dir='ltr'>in</span> <span class='ocrx_word' id='word_1_219' title='bbox 1125 2075 1343 2129; x_wconf 79' lang='lat' dir='ltr'>evangeliis</span> <span class='ocrx_word' id='word_1_220' title='bbox 1373 2076 1496 2118; x_wconf 87' lang='lat' dir='ltr'>dicit:</span> 
     </span>
    </p>
   </div>
   <div class='ocr_carea' id='block_1_7' title="bbox 42 2067 1495 2594">
    <p class='ocr_par' dir='ltr' id='par_1_7' title="bbox 42 2067 1495 2594">
     <span class='ocr_line' id='line_1_27' title="bbox 84 2067 496 2132; baseline 0 -16"><span class='ocrx_word' id='word_1_221' title='bbox 84 2067 308 2132; x_wconf 30' lang='lat' dir='ltr'>&#39;quasi‘per</span> <span class='ocrx_word' id='word_1_222' title='bbox 344 2075 496 2125; x_wconf 83' lang='lat' dir='ltr'>ignem.</span> 
     </span>
     <span class='ocr_line' id='line_1_28' title="bbox 85 2151 1494 2208; baseline 0.001 -15"><span class='ocrx_word' id='word_1_223' title='bbox 85 2152 215 2208; x_wconf 80' lang='lat' dir='ltr'>„quid</span> <span class='ocrx_word' id='word_1_224' title='bbox 230 2151 274 2207; x_wconf 72' lang='lat'>4)</span> <span class='ocrx_word' id='word_1_225' title='bbox 306 2151 418 2192; x_wconf 87' lang='lat' dir='ltr'>enim</span> <span class='ocrx_word' id='word_1_226' title='bbox 447 2152 622 2207; x_wconf 86' lang='lat' dir='ltr'>prodest</span> <span class='ocrx_word' id='word_1_227' title='bbox 649 2153 826 2203; x_wconf 85' lang='lat' dir='ltr'>homini,</span> <span class='ocrx_word' id='word_1_228' title='bbox 856 2152 889 2194; x_wconf 88' lang='lat' dir='ltr'>si</span> <span class='ocrx_word' id='word_1_229' title='bbox 918 2153 1160 2194; x_wconf 83' lang='lat' dir='ltr'>universum</span> <span class='ocrx_word' id='word_1_230' title='bbox 1189 2155 1397 2194; x_wconf 89' lang='lat' dir='ltr'>mundum</span> <span class='ocrx_word' id='word_1_231' title='bbox 1426 2155 1494 2194; x_wconf 90' lang='lat' dir='ltr'>lu-</span> 
     </span>
     <span class='ocr_line' id='line_1_29' title="bbox 42 2224 1495 2285; baseline 0.001 -15"><span class='ocrx_word' id='word_1_232' title='bbox 42 2224 46 2229; x_wconf 35' lang='lat'><em>*</em></span> <span class='ocrx_word' id='word_1_233' title='bbox 86 2242 235 2279; x_wconf 81' lang='lat' dir='ltr'>cretur,</span> <span class='ocrx_word' id='word_1_234' title='bbox 266 2228 448 2269; x_wconf 77' lang='lat' dir='ltr'>animam</span> <span class='ocrx_word' id='word_1_235' title='bbox 480 2241 620 2270; x_wconf 84' lang='lat' dir='ltr'>autem</span> <span class='ocrx_word' id='word_1_236' title='bbox 646 2236 763 2271; x_wconf 83' lang='lat' dir='ltr'>suam</span> <span class='ocrx_word' id='word_1_237' title='bbox 800 2231 964 2285; x_wconf 78' lang='lat' dir='ltr'>perdat,</span> <span class='ocrx_word' id='word_1_238' title='bbox 994 2241 1066 2270; x_wconf 77' lang='lat' dir='ltr'>aut</span> <span class='ocrx_word' id='word_1_239' title='bbox 1095 2231 1297 2272; x_wconf 83' lang='lat' dir='ltr'>damnum</span> <span class='ocrx_word' id='word_1_240' title='bbox 1317 2228 1495 2272; x_wconf 82' lang='lat' dir='ltr'>faciat?“</span> 
     </span>
     <span class='ocr_line' id='line_1_30' title="bbox 84 2306 1493 2363; baseline -0.001 -14"><span class='ocrx_word' id='word_1_241' title='bbox 84 2307 213 2349; x_wconf 87' lang='lat' dir='ltr'>Unde</span> <span class='ocrx_word' id='word_1_242' title='bbox 242 2306 406 2347; x_wconf 85' lang='lat' dir='ltr'>videtur</span> <span class='ocrx_word' id='word_1_243' title='bbox 437 2306 613 2358; x_wconf 85' lang='lat' dir='ltr'>ostendi,</span> <span class='ocrx_word' id='word_1_244' title='bbox 644 2309 761 2363; x_wconf 70' lang='lat' dir='ltr'>quod</span> <span class='ocrx_word' id='word_1_245' title='bbox 792 2309 998 2363; x_wconf 81' lang='lat' dir='ltr'>quaedam</span> <span class='ocrx_word' id='word_1_246' title='bbox 1022 2318 1193 2363; x_wconf 83' lang='lat' dir='ltr'>peccata</span> <span class='ocrx_word' id='word_1_247' title='bbox 1214 2307 1265 2346; x_wconf 83' lang='lat' dir='ltr'>ad</span> <span class='ocrx_word' id='word_1_248' title='bbox 1289 2307 1493 2348; x_wconf 75' lang='lat' dir='ltr'>damnum</span> 
     </span>
     <span class='ocr_line' id='line_1_31' title="bbox 87 2381 1493 2442; baseline -0.001 -16"><span class='ocrx_word' id='word_1_249' title='bbox 87 2384 257 2442; x_wconf 81' lang='lat' dir='ltr'>quidem</span> <span class='ocrx_word' id='word_1_250' title='bbox 296 2381 553 2441; x_wconf 78' lang='lat' dir='ltr'>pertineant,</span> <span class='ocrx_word' id='word_1_251' title='bbox 594 2399 685 2423; x_wconf 86' lang='lat' dir='ltr'>non</span> <span class='ocrx_word' id='word_1_252' title='bbox 725 2395 866 2425; x_wconf 82' lang='lat' dir='ltr'>tamen</span> <span class='ocrx_word' id='word_1_253' title='bbox 909 2384 963 2424; x_wconf 88' lang='lat' dir='ltr'>ad</span> <span class='ocrx_word' id='word_1_254' title='bbox 1004 2382 1239 2424; x_wconf 74' lang='lat' dir='ltr'>interitum:</span> <span class='ocrx_word' id='word_1_255' title='bbox 1281 2383 1378 2438; x_wconf 79' lang='lat' dir='ltr'>quia</span> <span class='ocrx_word' id='word_1_256' title='bbox 1419 2382 1493 2438; x_wconf 82' lang='lat' dir='ltr'>qui</span> 
     </span>
     <span class='ocr_line' id='line_1_32' title="bbox 87 2458 1493 2515; baseline -0.002 -11"><span class='ocrx_word' id='word_1_257' title='bbox 87 2463 290 2504; x_wconf 83' lang='lat' dir='ltr'>damnum</span> <span class='ocrx_word' id='word_1_258' title='bbox 318 2477 458 2515; x_wconf 80' lang='lat' dir='ltr'>passus</span> <span class='ocrx_word' id='word_1_259' title='bbox 476 2458 615 2510; x_wconf 85' lang='lat' dir='ltr'>fuerit,</span> <span class='ocrx_word' id='word_1_260' title='bbox 645 2459 734 2514; x_wconf 88' lang='lat' dir='ltr'>ipse</span> <span class='ocrx_word' id='word_1_261' title='bbox 754 2471 894 2501; x_wconf 82' lang='lat' dir='ltr'>tamen</span> <span class='ocrx_word' id='word_1_262' title='bbox 918 2459 1067 2502; x_wconf 80' lang='lat' dir='ltr'>salvari</span> <span class='ocrx_word' id='word_1_263' title='bbox 1098 2459 1262 2508; x_wconf 87' lang='lat' dir='ltr'>dicitur,</span> <span class='ocrx_word' id='word_1_264' title='bbox 1292 2460 1387 2500; x_wconf 92' lang='lat' dir='ltr'>licet</span> <span class='ocrx_word' id='word_1_265' title='bbox 1413 2475 1493 2515; x_wconf 82' lang='lat' dir='ltr'>per</span> 
     </span>
     <span class='ocr_line' id='line_1_33' title="bbox 85 2535 1492 2594; baseline -0.002 -13"><span class='ocrx_word' id='word_1_266' title='bbox 85 2539 237 2594; x_wconf 83' lang='lat' dir='ltr'>ignem.</span> <span class='ocrx_word' id='word_1_267' title='bbox 294 2538 443 2587; x_wconf 88' lang='lat' dir='ltr'>Unde,</span> <span class='ocrx_word' id='word_1_268' title='bbox 482 2536 636 2585; x_wconf 86' lang='lat' dir='ltr'>credo,</span> <span class='ocrx_word' id='word_1_269' title='bbox 679 2547 719 2576; x_wconf 87' lang='lat' dir='ltr'>et</span> <span class='ocrx_word' id='word_1_270' title='bbox 756 2537 945 2579; x_wconf 79' lang='lat' dir='ltr'>Joannes</span> <span class='ocrx_word' id='word_1_271' title='bbox 973 2537 1203 2592; x_wconf 83' lang='lat' dir='ltr'>Apostolus</span> <span class='ocrx_word' id='word_1_272' title='bbox 1242 2536 1285 2577; x_wconf 85' lang='lat' dir='ltr'>in</span> <span class='ocrx_word' id='word_1_273' title='bbox 1314 2535 1492 2592; x_wconf 81' lang='lat' dir='ltr'>epistola</span> 
     </span>
    </p>
   </div>
   <div class='ocr_carea' id='block_1_8' title="bbox 87 2613 1490 2672">
    <p class='ocr_par' dir='ltr' id='par_1_8' title="bbox 87 2613 1490 2672">
     <span class='ocr_line' id='line_1_34' title="bbox 87 2613 1490 2672; baseline -0.001 -14"><span class='ocrx_word' id='word_1_274' title='bbox 87 2633 160 2658; x_wconf 83' lang='lat' dir='ltr'>sua</span> <span class='ocrx_word' id='word_1_275' title='bbox 191 2613 349 2670; x_wconf 76' lang='lat' dir='ltr'>dicit⁵&gt;</span> <span class='ocrx_word' id='word_1_276' title='bbox 379 2614 594 2670; x_wconf 51' lang='lat' dir='ltr'>*quaedam</span> <span class='ocrx_word' id='word_1_277' title='bbox 637 2629 722 2655; x_wconf 88' lang='lat' dir='ltr'>esse</span> <span class='ocrx_word' id='word_1_278' title='bbox 748 2625 918 2668; x_wconf 84' lang='lat' dir='ltr'>peccata</span> <span class='ocrx_word' id='word_1_279' title='bbox 950 2615 1002 2654; x_wconf 84' lang='lat' dir='ltr'>ad</span> <span class='ocrx_word' id='word_1_280' title='bbox 1033 2624 1240 2663; x_wconf 83' lang='lat' dir='ltr'>mortem,</span> <span class='ocrx_word' id='word_1_281' title='bbox 1278 2615 1490 2672; x_wconf 25' lang='lat' dir='ltr'>‚quaedam</span> 
     </span>
    </p>
   </div>
   <div class='ocr_carea' id='block_1_9' title="bbox 200 2686 1214 2907">
    <p class='ocr_par' dir='ltr' id='par_1_9' title="bbox 200 2686 1214 2907">
     <span class='ocr_line' id='line_1_35' title="bbox 203 2686 1205 2767; baseline -0.002 -14"><span class='ocrx_word' id='word_1_282' title='bbox 203 2712 247 2767; x_wconf 80' lang='grc' dir='ltr'>Ι)</span> <span class='ocrx_word' id='word_1_283' title='bbox 277 2713 400 2753; x_wconf 71' lang='lat' dir='ltr'>sesai.</span> <span class='ocrx_word' id='word_1_284' title='bbox 429 2686 653 2761; x_wconf 68' lang='lat' dir='ltr'>xxxvfi,</span> <span class='ocrx_word' id='word_1_285' title='bbox 682 2712 721 2755; x_wconf 85' lang='lat'>3.</span> <span class='ocrx_word' id='word_1_286' title='bbox 836 2711 882 2766; x_wconf 82' lang='lat'>2&gt;</span> <span class='ocrx_word' id='word_1_287' title='bbox 914 2709 1008 2751; x_wconf 72' lang='lat' dir='ltr'><strong>Gal.</strong></span> <span class='ocrx_word' id='word_1_288' title='bbox 1039 2709 1110 2760; x_wconf 80' lang='lat' dir='ltr'>lv,</span> <span class='ocrx_word' id='word_1_289' title='bbox 1140 2710 1205 2752; x_wconf 86' lang='lat'>19.</span> 
     </span>
     <span class='ocr_line' id='line_1_36' title="bbox 200 2779 1214 2838; baseline 0 -17"><span class='ocrx_word' id='word_1_290' title='bbox 200 2782 247 2838; x_wconf 77' lang='lat'>³&gt;</span> <span class='ocrx_word' id='word_1_291' title='bbox 278 2782 298 2821; x_wconf 88' lang='lat'>1</span> <span class='ocrx_word' id='word_1_292' title='bbox 332 2779 428 2822; x_wconf 69' lang='lat' dir='ltr'>cor.</span> <span class='ocrx_word' id='word_1_293' title='bbox 460 2781 532 2830; x_wconf 84' lang='lat'>111,</span> <span class='ocrx_word' id='word_1_294' title='bbox 565 2781 630 2823; x_wconf 85' lang='lat'>15.</span> <span class='ocrx_word' id='word_1_295' title='bbox 751 2780 798 2838; x_wconf 77' lang='lat'>⁴)</span> <span class='ocrx_word' id='word_1_296' title='bbox 826 2781 975 2824; x_wconf 73' lang='lat' dir='ltr'><strong>matth.</strong></span> <span class='ocrx_word' id='word_1_297' title='bbox 1005 2780 1121 2832; x_wconf 72' lang='lat' dir='ltr'>xvl,</span> <span class='ocrx_word' id='word_1_298' title='bbox 1147 2781 1214 2824; x_wconf 81' lang='lat'>26.</span> 
     </span>
     <span class='ocr_line' id='line_1_37' title="bbox 205 2851 661 2907; baseline 0.004 -15"><span class='ocrx_word' id='word_1_299' title='bbox 205 2852 250 2907; x_wconf 83' lang='lat'>⁵)</span> <span class='ocrx_word' id='word_1_300' title='bbox 281 2852 298 2892; x_wconf 94' lang='lat' dir='ltr'>I</span> <span class='ocrx_word' id='word_1_301' title='bbox 328 2851 484 2893; x_wconf 83' lang='lat' dir='ltr'>Joann.</span> <span class='ocrx_word' id='word_1_302' title='bbox 513 2851 564 2904; x_wconf 88' lang='lat' dir='ltr'>V,</span> <span class='ocrx_word' id='word_1_303' title='bbox 594 2852 661 2896; x_wconf 85' lang='grc'>16.</span> 
     </span>
    </p>
   </div>
  </div>
 </body>
</html>
