1752 3136
230 87 316 133 152
827 86 1049 131 ORJGEMS

232 200 290 243 cit
317 198 462 242 Moses
491 198 546 241 ad
574 199 685 243 filios
714 200 861 243 Israel:
894 199 1133 256 ‚,sumite¹)
1164 216 1187 242 a
1219 198 1336 241 vobis
1360 199 1458 257 ipsis
1486 202 1654 244 redem-

229 277 393 320 tionem
423 276 640 319 Domino:
673 278 810 319 omnis
840 278 912 334 qui
944 277 1186 333 conceperit
1217 278 1368 328 corde,
1399 279 1550 320 offerat
1578 278 1657 320 ini-

229 353 289 396 tia
319 353 559 396 Domino.“
615 355 716 397 Non
755 356 844 396 vult
872 356 1038 405 Moses,
1077 366 1123 396 ut
1163 355 1324 410 aliquid
1364 356 1518 397 offeras
1547 355 1660 405 Deo,

235 433 355 487 quod
386 444 499 472 extra
528 443 568 472 te
599 442 676 474 est:
708 447 759 483 „a
791 431 910 474 vobis
941 431 1053 488 ipsis,
1083 431 1245 487 inquit,
1276 431 1441 482 sumite,
1473 443 1511 472 et
1540 431 1662 473 initia

235 510 389 550 offerte
413 508 625 559 Domino,
656 521 786 564 prout
815 510 1105 565 unusquisque
1132 508 1327 565 concepit
1358 509 1532 550 c01·dc.“
1573 509 1663 548 Au-

233 601 332 627 rum
359 584 531 644 jubetur
562 597 602 626 ct
632 597 851 638 argentum
883 587 1051 636 deferri,
1082 603 1151 628 aes
1183 599 1223 628 ct
1254 598 1417 628 ceterae
1447 585 1662 635 materiae,

234 664 459 719 quomodo
491 664 576 704 hoc
604 677 778 716 possum
817 676 893 713 ego
941 664 995 703 de
1033 679 1101 703 me
1139 663 1232 719 ipso
1274 662 1462 705 offerre?
1523 663 1664 703 Num·

235 741 340 795 quid
369 740 479 781 intra
508 754 578 778 me
607 753 758 778 aurum
789 738 998 787 nascitur,
1045 750 1117 779 aut
1157 752 1400 792 argentum,
1445 752 1485 781 et
1526 750 1665 780 cetera

235 832 345 872 quae
373 812 605 872 jubentur?
660 814 820 855 Nonne
858 813 942 855 hoc
971 814 1263 870 unusquisque
1293 817 1345 856 de
1374 815 1662 871 promtuariis‚

236 902 278 933 et
306 893 360 933 de
397 890 560 933 scriniis
597 889 681 934 suis
718 889 917 947 profert?
988 890 1106 946 Quid
1147 903 1206 933 est
1245 908 1363 944 ergo,
1410 893 1528 947 quod
1567 891 1671 932 dicit

233 967 398 1010 Moses:
430 968 640 1023 offerte2)
669 984 693 1009 a
723 968 843 1010 vobis
872 967 994 1024 ipsis,
1039 979 1080 1009 et
1108 968 1398 1025 unusquisque
1426 967 1533 1010 sicut
1564 984 1669 1009 con-

238 1044 352 1102 cepit
383 1043 544 1087 corde?
604 1045 718 1086 Illud
748 1045 920 1101 quidem
951 1061 1102 1086 aurum
1135 1057 1175 1086 ct
1204 1057 1447 1097 argentum,
1479 1056 1666 1086 ceterae-

238 1137 324 1178 que
350 1121 575 1172 materiae,
600 1123 717 1164 unde
745 1123 1071 1164 tabernaculum
1116 1133 1405 1163 constructum
1437 1133 1523 1176 est,
1558 1138 1664 1163 con-

239 1210 320 1240 stat
360 1200 414 1240 de
451 1197 614 1241 scriniis
654 1210 694 1240 et
732 1199 1010 1256 promtuariis
1053 1197 1389 1256 uniuscujusque
1433 1200 1665 1255 prolatum.

242 1275 483 1332 spiritualis
520 1287 663 1318 autem
708 1277 775 1316 lex
819 1293 971 1317 aurum
1012 1275 1189 1332 requirit
1236 1277 1291 1316 ad
1328 1277 1669 1326 tabernaculum,

241 1354 363 1409 quod
387 1351 498 1394 intra
525 1369 606 1395 nos
637 1364 721 1404 est,
759 1352 860 1408 et³)
899 1363 1142 1405 argentum,
1189 1353 1307 1408 quod
1348 1352 1460 1394 intra
1492 1369 1571 1395 nos
1604 1364 1676 1404 est,

241 1441 281 1471 et
312 1446 462 1472 omnes
491 1429 675 1486 reliquas
713 1429 910 1471 materias
949 1430 1041 1471 illas
1086 1429 1301 1485 deposcit,
1345 1446 1446 1484 quas
1489 1441 1528 1470 et
1564 1430 1673 1472 intra

236 1523 321 1548 nos
350 1507 507 1548 habere
535 1523 782 1564 possumus,
825 1518 865 1548 et
899 1507 1096 1562 proferre
1137 1506 1190 1546 de
1218 1505 1356 1549 nobis.
1417 1506 1534 1548 Dicit
1562 1509 1676 1549 enim

242 1583 476 1640 Scriptura,
508 1583 604 1640 quia
635 1583 857 1640 „prope⁴)
903 1594 963 1625 est
992 1583 1171 1624 verbum
1200 1581 1245 1623 in
1277 1599 1351 1624 ore
1379 1594 1470 1633 tuo,
1501 1583 1600 1639 et⁵)
1629 1585 1675 1625 in

246 1662 380 1702 corde
409 1672 509 1702 tuo:
543 1662 655 1717 quia,
684 1660 718 1702 si
749 1661 964 1702 confessus
994 1659 1122 1701 fueris
1151 1660 1194 1701 in
1227 1677 1303 1702 ore
1332 1672 1407 1702 tuo
1436 1661 1676 1703 Dominum

241 1737 407 1787 Jesum,
436 1750 478 1780 et
506 1736 738 1778 credideris
769 1737 814 1778 in
845 1739 976 1779 corde
1004 1748 1096 1787 tuo,
1123 1739 1241 1793 quod
1271 1738 1390 1778 Deus
1430 1738 1552 1779 illum
1583 1755 1675 1779 sus—

244 1812 386 1854 citavit
422 1829 446 1855 a
483 1814 687 1863 mortuis,
735 1814 871 1855 salvus
922 1812 1043 1858 eris,“
1129 1813 1176 1854 Si
1215 1830 1314 1867 ergo
1362 1814 1590 1857 credideris
1628 1815 1672 1856 in

245 1891 377 1931 corde
405 1900 496 1940 tuo,
526 1907 601 1932 cor
628 1894 763 1941 tuuni,
795 1901 834 1931 et
862 1906 1004 1932 sensus
1034 1901 1129 1932 tuus
1161 1907 1310 1932 aurum
1344 1903 1415 1952 est.¹
1464 1891 1671 1933 Obtulisti

245 1966 374 2019 igitur
402 1982 553 2008 aurum
584 1969 638 2009 ad
677 1968 1023 2018 tabernaculum,
1059 1967 1106 2008 id
1145 1977 1224 2017 est,
1270 1954 1572 2010 fidem'cordis
1601 1968 1675 2010 tui.

246 2043 295 2085 Si
322 2059 423 2085 vero
455 2045 669 2087 confessus
706 2045 857 2095 fueris,
891 2060 1135 2086 sermonem
1174 2045 1387 2095 obtulisti,
1430 2062 1674 2087 sermonem

247 2119 524 2163 confessionis
553 2133 784 2176 argentum.
846 2121 1011 2164 Idcirco
1055 2138 1153 2174 ergo
1193 2121 1294 2163 dicit
1325 2123 1493 2173 Moses,
1538 2123 1674 2179 quif’)

249 2209 311 2239 est
347 2197 428 2239 lex.
449 2198 696 2255 spiritualis:
728 2197 977 2256 „sumite⁷)
1020 2216 1042 2240 a
1072 2198 1192 2240 vobis
1223 2198 1364 2254 ipsis.“
1419 2199 1536 2241 Haec
1575 2217 1598 2241 a
1628 2212 1670 2241 te

248 2276 344 2331 ipso
373 2276 514 2327 sumis,
546 2278 650 2319 haec
680 2277 790 2319 intra
818 2288 860 2318 te
897 2287 1017 2326 sunt,
1062 2275 1190 2326 haec,
1234 2276 1394 2318 etiamsi
1432 2279 1575 2319 nudus
1605 2280 1673 2327 sis,

248 2350 409 2394 habere
436 2365 572 2409 potes.
623 2354 709 2396 Sed
738 2366 777 2395 et
798 2355 915 2410 quod
945 2352 1133 2395 addidit:
1167 2353 1544 2410 „unusquisque⁸)
1567 2354 1673 2397 sicut

368 2552 414 2608 ¹)
443 2554 582 2600 Exod.
611 2554 796 2606 XXXV,
825 2556 863 2598 5.
982 2555 1029 2611 ²)
1061 2555 1173 2598 Edd.
1203 2555 1401 2597 Merlini:
1435 2557 1596 2599 afferte.

367 2622 415 2676 3)
446 2623 579 2666 Deest
608 2631 699 2676 „et“
728 2627 772 2668 in
805 2626 868 2668 ed.
900 2624 951 2665 R.
1067 2627 1114 2681 4)
1143 2627 1270 2669 Rom.
1301 2627 1358 2676 X,
1385 2627 1424 2670 8.
1453 2627 1494 2669 9.

369 2692 415 2748 ⁵)
445 2693 613 2736 Desunt
636 2696 786 2737 verba:
814 2707 884 2747 „et
910 2694 955 2736 in
986 2697 1119 2738 corde
1146 2702 1260 2748 tuo‚“
1288 2697 1334 2739 in
1365 2698 1429 2739 ed.
1459 2698 1607 2740 Ruaei.

370 2762 417 2818 ⁶)
446 2763 556 2805 Edd.
586 2765 782 2807 Mei-lini:
813 2766 911 2822 quia
939 2779 999 2810 est
1028 2779 1102 2809 etc.

369 2831 413 2889 7)
441 2833 578 2878 Exod.
609 2833 792 2889 xxxv,
820 2837 863 2884 5.
977 2835 1026 2892 ⁸)
1055 2836 1190 2881 Exod.
1219 2835 1401 2890 xxxv,
1432 2837 1472 2881 5.
