1752 3136
0 473 4 487 -
0 447 2 463 n
0 405 3 418 ,Α
0 278 5 394 --ὴ-,ην
0 223 5 259 -ν
0 195 2 213 ἡ
0 0 7 185 Ϋ-.Ἲή”-α

497 97 542 126 m
572 85 831 126 anmcum
861 83 1062 125 HOM1L1A
1086 84 1162 126 IX.
1450 88 1535 130 363

115 196 309 253 pontifex
340 208 509 247 noster,
549 212 755 251 quaerens
793 197 845 236 ab
887 211 934 235 ea
963 195 1117 248 ignitos
1154 207 1193 236 et
1222 197 1414 239 ardentes
1445 215 1535 239 car-

118 276 266 324 bones,
295 289 422 328 super
454 289 558 328 quos
588 272 809 314 incensum
851 273 1005 313 offerat
1048 273 1180 327 patri,
1228 273 1388 314 invenit
1417 274 1461 315 in
1493 293 1539 316 ea

118 351 259 392 aridos
291 349 460 398 cineres,
492 359 531 388 et
558 348 728 400 frigidas
758 348 931 390 favillas.
993 348 1117 390 Tales
1148 362 1245 390 sunt
1268 367 1429 399 omnes,
1464 352 1538 407 qui

119 429 374 470 subtrahunt
402 442 466 475 se,
498 436 538 466 et
566 426 693 478 longe
728 426 890 467 faciunt
919 443 942 467 a
971 428 1103 467 verbo
1134 427 1240 476 Dei,
1279 444 1334 468 ne
1364 428 1540 469 audien-

118 517 177 545 tes
207 518 421 545 sermones
454 501 618 543 divinos
644 503 932 544 accendantur
951 504 1003 544 ad
1029 503 1172 552 fidem,
1203 504 1458 546 incalescant
1487 509 1542 548 ad

118 580 346 629 caritatem,
376 578 588 630 igniantur
619 580 673 622 ad
702 579 1051 621 misericordiam.
1100 580 1172 621 Vis
1194 580 1272 620 tibi
1304 583 1540 631 ostendam,

120 659 342 713 quomodo
375 657 428 697 de
458 655 595 697 verbis
627 656 813 712 Spiritus
843 657 975 698 saneti
1012 657 1117 709 ignis
1150 667 1292 705 exeat,
1324 669 1363 697 et
1392 674 1542 699 accen-

118 736 190 775 dat
221 736 355 775 corda
396 733 688 776 credentium?
749 734 863 775 Audi
909 734 1119 775 dicentem
1160 734 1301 775 David
1341 735 1386 775 in
1428 738 1542 790 psal-

114 811 274 866 m021)
306 810 618 866 ‚,eloquium²)
650 810 828 852 Domini
858 810 1004 863 ignivit
1035 817 1172 853 eum.“
1229 811 1286 853 Et
1313 813 1467 853 iterum
1497 812 1542 853 in

114 887 346 940 Evangelio
378 886 581 942 scriptum
625 900 704 938 est,
749 898 978 943 postquam
1018 887 1236 929 Dominus
1276 890 1444 931 locutus
1485 902 1544 932 est

116 967 170 1006 ad
203 964 470 1020 Cleopham:
516 965 751 1020 „nonne-³)
783 982 858 1006 cor
890 976 1107 1016 nostrum,
1146 964 1306 1020 inquit,
1353 978 1441 1006 erat
1472 984 1539 1007 ar-

117 1044 222 1084 dens
251 1041 359 1082 intra
389 1058 482 1091 nos,
515 1058 612 1082 cum
645 1041 826 1097 aperiret
853 1040 980 1082 nobis
1004 1041 1245 1096 Scripturas
1265 1041 1308 1083 ?“
1339 1042 1408 1083 Tu
1440 1060 1539 1096 ergo

115 1119 233 1160 unde
276 1117 474 1159 ardebis?
533 1118 661 1159 Unde
700 1118 968 1159 invenientur
1014 1118 1058 1159 in
1098 1130 1139 1158 te
1169 1120 1386 1166 ,carbones
1424 1120 1542 1171 ignis,

117 1196 190 1251 qui
220 1211 442 1249 nunquam
484 1194 664 1236 Domini
704 1195 849 1248 igniris
894 1196 1093 1252 eloquio,
1137 1213 1359 1252 nunquam
1404 1198 1543 1239 verbis

118 1272 300 1329 Spiritus
329 1271 462 1313 sancti
490 1271 796 1314 inflammaris?
854 1272 969 1313 Audi
1012 1285 1052 1314 et
1089 1273 1190 1314 alibi
1228 1273 1368 1329 ipsum
1400 1274 1543 1316 David

119 1350 351 1392 dicentem:
382 1350 688 1404 „concaluit⁴)
720 1367 797 1390 cor
825 1366 968 1391 meum
998 1349 1108 1391 intra
1139 1366 1220 1402 me,
1254 1362 1292 1391 et
1322 1352 1366 1391 in
1399 1353 1540 1393 medi-

116 1426 278 1468 tatione
327 1442 422 1466 mea
470 1427 698 1467 exardescit
740 1426 895 1479 ignis.“
972 1427 1102 1467 Unde
1154 1439 1199 1467 tu
1257 1428 1544 1470 concalescis?

118 1504 248 1545 Unde
278 1502 382 1555 ignis
415 1503 674 1553 accenditur,
706 1504 777 1559 qui
806 1519 1028 1559 nunquam
1068 1504 1114 1544 in
1145 1504 1294 1545 divinis
1324 1504 1541 1546 meditaris

120 1580 322 1636 eloquiis:
353 1581 457 1631 imo,
488 1581 605 1636 quod
637 1593 696 1622 est
724 1581 954 1630 infelicius,
1000 1581 1257 1621 concalescis
1295 1581 1339 1622 in
1379 1594 1543 1637 specta-

124 1656 229 1699 culis
259 1656 372 1708 circi,
406 1657 657 1700 concalescis
688 1658 732 1699 in
764 1675 973 1714 equorum
1000 1656 1355 1706 contentionibus,
1386 1657 1429 1697 in
1454 1675 1543 1698 cer-

116 1733 276 1775 tamine
316 1733 600 1775 athletarum?
664 1736 792 1790 Atqui
841 1733 918 1776 iste
964 1734 1070 1787 ignis
1109 1751 1200 1774 non
1239 1746 1298 1776 est
1331 1736 1384 1775 de
1423 1736 1544 1777 altari

120 1811 326 1861 Domini,
356 1812 431 1853 sed
460 1811 494 1852 is
527 1823 608 1861 est,
649 1813 722 1867 qui
762 1811 918 1853 dicitur
952 1811 1057 1864 ignis
1089 1811 1271 1852 alienus:
1313 1823 1353 1852 et
1391 1813 1543 1854 audisti

121 1889 252 1945 paulo
287 1889 494 1945 superius,
526 1890 635 1944 quia,
667 1890 740 1945 qui
770 1890 1017 1931 obtulerunt
1056 1888 1241 1929 alienum
1272 1889 1410 1940 ignem
1445 1901 1543 1930 ante

121 1965 376 2014 Dominum,
407 1964 596 2006 exstincti
625 1977 734 2007 sunt.
807 1966 1075 2007 Concalescis
1114 1979 1155 2007 et
1195 1982 1291 2006 cum
1332 1978 1372 2006 te
1404 1969 1541 2021 reple-

123 2044 227 2084 verit
254 2043 488 2090 iracundia,
520 2053 561 2082 et
593 2059 690 2083 curn
720 2054 760 2083 te
789 2043 1114 2084 inflammaverit
1142 2045 1283 2092 furor,
1315 2044 1447 2085 ureris
1477 2043 1542 2083 in-

123 2195 343 2236 incendiis.
403 2196 488 2238 Sed
521 2196 658 2237 omnis
696 2196 770 2238 iste
807 2195 912 2248 ignis
943 2195 1104 2237 alienus
1135 2207 1195 2238 est
1235 2208 1275 2237 et
1306 2197 1542 2240 contrarius

124 2274 246 2314 Deo:
277 2289 402 2328 quem
444 2271 517 2328 qui
556 2273 816 2325 accenderit,
858 2272 947 2314 sine
986 2273 1119 2314 dubio
1159 2274 1313 2316 Nadad
1355 2286 1394 2316 et
1427 2275 1541 2317 Abiu

123 2352 309 2406 perferet
336 2361 506 2391 sortem.

236 2428 304 2471 10.
333 2426 407 2468 Ait
437 2441 535 2479 ergo
566 2427 787 2483 eloquium
818 2426 1031 2469 divinum:
1072 2440 1139 2481 „ct
1155 2427 1200 2483 ⁵)
1241 2427 1437 2483 imponet
1474 2428 1539 2469 in-

243 2552 286 2609 ¹)
317 2553 416 2595 Mss.
447 2554 679 2609 ‚,psalm0.“
738 2552 855 2595 Libri
886 2553 987 2596 editi
1016 2554 1074 2610 (e.
1095 2571 1129 2595 c.
1149 2554 1244 2596 edd.
1264 2554 1370 2609 M.):
1401 2556 1540 2611 „psal-

125 2608 242 2651 mis.“
274 2609 322 2649 R.

242 2678 289 2733 ²)
322 2678 408 2721 Csr.
441 2681 597 2722 Psalm.
632 2678 792 2731 CXIX,
823 2681 917 2725 140.

240 2747 287 2801 ³)
317 2749 418 2793 Luc.
448 2750 609 2800 XXIV,
638 2751 707 2793 32.
824 2748 870 2802 ⁴)
899 2748 1056 2795 Psalm.
1086 2749 1292 2802 XXXIX,
1322 2753 1361 2794 3.

243 2817 288 2871 ⁵)
319 2817 445 2861 Levit.
477 2820 593 2872 XVI,
624 2823 687 2864 13.
723 2822 787 2865 M.
