1752 3136
454 128 501 160 m
530 116 731 159 Exonum
761 108 961 156 HommA
987 110 1104 153 XIII.
1413 110 1497 155 153

82 231 278 290 concepit
309 232 486 273 corde:“
514 229 598 268 hue
627 224 812 281 respicit.
872 224 973 265 Non
1006 223 1118 263 enim
1146 220 1305 278 poteris
1336 221 1496 277 aliquid

83 313 136 352 de
168 323 290 352 sensu
317 321 391 350 tuo
425 305 576 348 offerre
605 303 728 352 Deo,
769 302 834 342 vel
872 302 926 341 de
954 301 1086 341 verbo
1118 311 1219 348 tuo,
1258 297 1339 338 nisi
1369 297 1499 354 prius,

86 403 194 443 quae
222 385 371 440 scripta
401 394 509 431 sunt,
540 381 670 422 corde
702 377 968 434 conceperis:
1012 376 1094 418 nisi
1131 376 1319 416 intentus
1359 375 1501 424 fueris,

87 475 129 505 et
158 463 373 515 diligenter
403 458 596 507 audieris,
625 474 716 498 non
747 466 886 512 potest
926 470 1077 495 aurum
1118 465 1239 494 tuum
1269 452 1501 509 probatum

89 556 196 589 esse,
234 554 313 579 nec
355 548 600 589 argentum:
648 532 878 590 requiritur
924 530 1036 572 enirn
1077 541 1125 570 ut
1170 530 1400 585 probatum
1442 528 1504 571 sit.

88 615 203 657 Audi
232 614 494 669 Scripturam
526 613 760 654 dicentem:
793 608 994 664 „eloquia
1014 607 1057 663 ¹)
1088 605 1291 656 Domini,
1333 605 1505 660 eloquia

88 702 218 740 casta,
263 701 479 742 argentum
520 690 616 742 igne
655 691 908 745 probatum,
950 695 1177 742 purgatum
1218 683 1507 739 septuplum.“

88 767 135 809 Si
164 784 260 820 ergo
292 784 400 822 quae
426 765 582 822 scripta
611 777 730 816 sunt,
770 766 901 806 corde
942 762 1211 818 conceperis,
1252 761 1330 802 erit
1359 777 1510 801 aurum

88 855 222 894 tuum,
251 845 297 885 id
329 855 400 894 est,
429 860 573 885 sensus
602 854 697 884 tuus
725 843 910 898 probus,
956 853 995 882 ct
1024 851 1243 893 argentum
1272 849 1408 886 tuum,
1437 837 1511 893 qui

92 933 150 963 est
178 937 318 963 sermo
348 932 458 970 tuus,
486 921 732 976 probatum,
781 918 899 973 Quid
930 919 1053 959 etiam
1087 919 1139 958 de
1168 932 1265 957 aere
1295 912 1512 956 dicemus?

94 1015 202 1053 opus
232 1009 290 1040 est
319 1009 358 1039 et
388 1013 483 1039 aere
513 997 566 1038 ad
595 995 861 1037 tabernaculi
892 994 1264 1038 constructionem.
1331 992 1514 1033 Videtur

95 1074 267 1130 quidem
298 1091 363 1115 aes
400 1091 481 1129 pro
513 1072 760 1114 fortitudine
800 1071 975 1128 suscipi,
1020 1083 1060 1112 et
1105 1071 1205 1112 loco
1245 1069 1352 1125 poni
1390 1084 1516 1123 posse

92 1150 352 1192 fortitudinis
382 1162 420 1191 et
453 1149 732 1191 constantiae:
761 1150 836 1190 sed
865 1165 920 1190 ne
949 1147 1041 1204 quis
1063 1147 1187 1196 dicat,
1216 1146 1299 1187 hoc
1331 1145 1519 1186 divinare

94 1227 224 1280 magis
255 1233 328 1277 est,
355 1244 482 1283 quam
514 1229 749 1283 explanare,
778 1226 854 1267 ubi
884 1226 1002 1282 quod
1024 1225 1188 1274 dicitur,
1219 1241 1309 1266 non
1334 1224 1386 1263 de
1406 1221 1521 1263 Scri-

94 1316 317 1361 pturarum
347 1303 595 1346 auctoritate
624 1305 837 1353 munitur,
863 1314 970 1359 puto
1003 1318 1103 1355 ergo
1136 1318 1203 1344 aes
1234 1300 1369 1356 accipi
1398 1315 1522 1356 posse

96 1399 178 1438 pro
210 1399 325 1425 voce.
358 1382 512 1423 >Aliud
542 1381 654 1423 enim
685 1393 744 1423 cst
771 1397 934 1430 sermO,
977 1379 1092 1421 aliud
1121 1396 1213 1420 vox.
1272 1378 1425 1420 Sermo
1460 1375 1523 1417 di-

102 1459 211 1500 citur
239 1461 412 1514 loquela
444 1459 600 1500 rationi
630 1458 820 1500 subnixa.
878 1457 973 1499 Vox
1004 1474 1102 1498 vcro
1135 1468 1208 1506 est,
1237 1454 1354 1495 verbi
1387 1470 1523 1502 causa,

103 1536 138 1576 si
164 1535 305 1586 latine,
335 1535 369 1576 si
398 1552 544 1588 graece
574 1534 759 1585 dIcatur,
802 1535 835 1576 si
868 1534 1089 1583 elevatius,
1120 1532 1153 1574 si
1181 1531 1374 1589 pressius.
1436 1530 1524 1570 Sed

104 1612 209 1652 haec
237 1612 471 1653 necessario
502 1623 549 1653 ut
579 1613 632 1653 de
663 1610 892 1666 Scripturis
921 1612 1168 1666 probemus,
1200 1608 1365 1661 exigitis.
1409 1608 1525 1648 Audi

109 1693 211 1744 quid
243 1689 353 1730 dicat
388 1690 642 1744 Apostolus:
680 1688 799 1743 „si²)
836 1686 987 1740 linguis
1028 1686 1253 1727 hominurn
1292 1687 1446 1740 loquar
1487 1695 1528 1724 et

106 1769 370 1821 angelorum,
399 1765 615 1807 caritatem
646 1776 786 1805 autem
824 1781 914 1806 non
944 1764 1149 1812 habeam,
1189 1766 1319 1804 factus
1358 1779 1451 1804 sum
1482 1772 1530 1802 ut

108 1855 398 1888 aeramentum
425 1858 598 1891 sonanS,
641 1854 712 1883 aut
753 1843 994 1901 cymbalum
1025 1841 1248 1882 tinniens.“
1324 1839 1388 1880 Ita
1429 1854 1528 1889 ergo

108 1923 230 1980 loqui
258 1920 422 1973 linguis,
455 1931 495 1960 et
522 1919 789 1975 interpretari
818 1936 865 1961 ex
895 1919 975 1960 alia
1003 1917 1045 1959 in
1076 1918 1201 1959 aliam
1228 1916 1429 1969 linguam,
1461 1932 1530 1956 ae-

109 2002 167 2044 ris
199 1998 357 2042 oblatio
391 2009 458 2039 est.
524 1999 704 2039 Necesse
745 2009 803 2039 est
833 1997 946 2038 enim
977 1995 1120 2037 omnia
1150 1996 1307 2035 habere
1336 1994 1534 2033 taberna-

116 2079 261 2120 culum
290 2075 386 2126 Dei,
418 2087 457 2116 et
483 2075 590 2116 nihil
622 2075 763 2117 deesse
792 2075 836 2116 in
867 2075 998 2115 domo
1029 2072 1223 2113 Domini.
1290 2071 1367 2111 Est
1394 2068 1533 2120 igitur,

115 2168 164 2198 ut
194 2153 385 2204 diximus,
414 2152 519 2193 aeris
550 2152 711 2194 oblatio
741 2170 835 2193 vox.
892 2151 985 2191 Vox
1017 2162 1156 2192 autem
1188 2160 1259 2199 cst,
1293 2162 1401 2203 quae
1431 2147 1534 2186 alte-

118 2234 204 2275 rius
234 2247 402 2273 sensum
431 2229 478 2270 in
508 2231 681 2270 alteram
712 2229 899 2281 linguam
930 2227 1062 2269 vertit.
1128 2227 1280 2268 Sermo
1324 2240 1422 2264 vero
1464 2234 1536 2273 est,

121 2311 194 2367 qui
222 2325 388 2352 sensum
418 2306 640 2363 proprium
671 2305 910 2361 profert.³)
980 2303 1139 2348 Omnia
1170 2319 1268 2355 ergo
1302 2302 1540 2342 offerantur

76 2390 79 2393 i
120 2389 232 2439 Deo,
263 2398 304 2427 et
331 2402 485 2433 sensus,
517 2396 557 2425 et
586 2400 740 2435 sermo,
773 2395 811 2425 et
838 2401 930 2425 vox.

235 2466 276 2509 3.
308 2463 427 2519 Quid
465 2463 518 2503 de
554 2461 700 2503 ceteris
739 2459 962 2503 dicemus?
1021 2459 1162 2501 Multa
1199 2468 1296 2499 sunt
1335 2455 1471 2504 enim,
1502 2466 1543 2496 et

122 2543 285 2597 singula
315 2541 521 2583 discutere
549 2557 656 2596 opus
687 2551 746 2582 est
772 2539 928 2593 ingens.
994 2537 1154 2578 Verum
1196 2534 1298 2591 quid
1339 2532 1545 2591 proderit,

249 2737 293 2793 ι>
323 2737 476 2779 Psalm.
507 2736 603 2787 ΧΠ,
631 2736 669 2778 6.
701 2735 825 2793 (XI.)
944 2734 990 2790 2>
1021 2733 1040 2774 1
1071 2732 1171 2775 cor.
1201 2731 1320 2781 xm,
1350 2732 1386 2772 1.

135 2867 156 2908 s
243 2807 446 2908 ⁴³)R'Mssa
476 2809 708 2865 „profert-‘⁴
766 2805 881 2849 Alias
909 2806 970 2862 (v,
1012 2823 1047 2848 c.
1084 2804 1130 2848 in
1172 2803 1266 2846 cdd.
1306 2799 1412 2856 M.):
1454 2814 1545 2849 „rc-

154 2870 238 2908 c1·t.‘
325 2896 334 2906 .
1516 2870 1521 2874 -
