1752 3136
210 143 295 186 260
807 142 1033 187 Omonms

213 256 391 312 psallam
423 266 461 295 ct
493 256 675 295 mente.“
741 252 803 295 Ita
844 270 942 307 ergo
985 267 1024 295 et
1055 266 1098 295 tu
1130 255 1163 294 si
1193 269 1280 295 non
1312 269 1359 296 ex
1392 254 1626 297 eruditione

213 332 441 388 spirituali,
489 348 535 372 ex
580 329 772 371 doctrina
813 331 967 383 gratiae
997 332 1080 372 Dei
1117 343 1379 387 praesentem
1412 343 1450 372 et
1483 347 1626 373 recen-

211 422 293 450 tem
334 408 560 463 protuleris
599 424 839 450 sermonem
882 409 923 449 in
968 409 1163 450 laudibus
1203 409 1308 458 Dei,
1365 425 1411 449 os
1453 408 1626 464 quidem

210 499 329 528 tuum
363 486 492 526 osscrt
520 483 773 526 sacrificium
805 486 961 535 laudis,
1002 487 1074 527 sed
1114 503 1231 527 mens
1261 498 1331 527 tua
1362 503 1442 541 pro
1473 484 1624 526 sterili-
1664 527 1669 533 ,

182 563 292 604 'tate
320 562 538 604 hesternae
570 561 703 603 carnis
736 562 933 615 arguitur.
1001 563 1109 602 Nam
1144 575 1182 603 et
1211 563 1425 603 Dominus
1456 577 1626 618 panem,

209 656 335 695 quem
369 637 585 694 discipulis
613 640 765 687 dabat,
798 639 939 679 dict-ns
960 638 1001 692 ¹)
1031 638 1099 679 iis:
1132 639 1395 694 „accipitc²)
1437 650 1476 680 et
1504 655 1624 678 man-

208 718 410 757 ducate:“
442 731 530 755 non
560 714 729 762 distulit,
757 730 836 754 nec
866 714 1020 755 servari
1048 713 1164 769 jussit
1187 716 1226 756 in
1248 715 1486 757 crastinum.
1526 714 1623 756 Hoc

204 796 379 835 sortasse
408 790 592 848 mysterii
625 790 1005 830 contincturetiam
1024 791 1066 830 in
1093 807 1158 840 eo,
1188 794 1305 846 quod
1334 809 1488 847 panem
1518 808 1624 846 por-

203 869 282 911 tari
311 884 399 908 non
430 866 549 924 jubet
578 867 622 906 in
652 864 738 915 via,
778 877 825 906 ut
861 883 1029 922 semper
1058 879 1270 917 recentes,
1313 886 1418 924 quos
1448 868 1555 909 intra
1583 880 1623 908 te

202 945 321 998 geris,
348 942 466 985 verbi
496 943 579 984 Dei
613 959 744 999 panes
786 944 988 998 proferas.
1056 944 1257 1000 Denique
1295 943 1621 998 Gabaonitae3)

200 1021 263 1064 illi
291 1033 518 1078 propterea
550 1020 912 1069 condemnantur,
944 1032 983 1061 et
1012 1020 1114 1073 ligni
1144 1037 1360 1071 caesores,
1391 1022 1457 1062 vel
1484 1036 1622 1078 aquae

199 1110 425 1152 gestatores
457 1098 586 1146 fiunt,
633 1097 730 1152 quia
769 1112 900 1152 panes
939 1109 1097 1139 veteres
1136 1099 1188 1138 ad
1227 1098 1431 1140 Israelitas
1461 1099 1622 1139 detule-

198 1187 312 1225 runt,
343 1174 497 1232 quibus
526 1176 591 1215 lex
620 1173 848 1229 spiritualis
888 1172 1063 1230 jubebat
1094 1191 1262 1230 semper
1291 1175 1351 1216 uti
1381 1174 1621 1216 recentibus
1649 1159 1654 1164 .

199 1265 241 1295 et
267 1254 400 1295 novis.
459 1252 554 1293 Alia
584 1267 684 1292 sane
714 1263 1077 1292 sacramentorum
1107 1253 1238 1304 figura
1263 1264 1333 1300 est,
1365 1267 1473 1307 quae
1501 1250 1620 1308 jubet

198 1329 323 1371 etiam
351 1328 397 1370 in
418 1329 557 1369 -altera
588 1326 680 1377 die,
726 1327 845 1382 quod
875 1321 1157 1383 supet-fluerit,
1193 1328 1274 1378 edi,
1306 1328 1413 1369 nihil
1443 1344 1543 1369 vero
1574 1327 1618 1368 in

195 1405 362 1447 tertiam
392 1404 504 1446 diem
539 1403 762 1445 reservari:
794 1404 848 1443 de
880 1420 962 1459 qua
992 1406 1076 1445 suis
1105 1405 1211 1446 locis
1242 1405 1488 1447 videbimus.
1530 1406 1618 1446 Sed

195 1499 250 1523 ne
278 1482 385 1523 illud
416 1482 590 1537 quidem
620 1497 698 1522 nos
729 1482 866 1530 lateat,
898 1497 984 1523 esse
1001 1482 1221 1536 quoddam
1246 1493 1424 1536 tempus,
1453 1480 1499 1522 in
1529 1497 1615 1536 quo

192 1557 437 1600 benedictio
466 1558 516 1600 sit
538 1559 747 1600 vete-ribus
777 1558 898 1599 vesci.
947 1559 1058 1599 Nam
1091 1560 1144 1599 de
1173 1574 1286 1600 anno
1317 1558 1514 1614 septim0‚
1544 1558 1617 1614 qui

194 1635 449 1678 remissionis
481 1652 627 1686 annus,
660 1637 724 1676 vel
753 1633 991 1677 sabbaticus
1030 1635 1302 1685 nominatur,
1341 1636 1398 1676 ita
1438 1635 1615 1676 dicitur:

191 1712 570 1766 „manducabis,⁴)
600 1712 749 1767 iuquit,
782 1723 933 1762 vetera,
965 1723 1003 1753 et
1034 1724 1172 1753 vetera
1199 1718 1429 1754 veterum.“
1488 1713 1613 1754 Tune

190 1789 269 1832 sub
299 1790 466 1846 septimi
497 1789 598 1830 anni
627 1788 840 1848 mysterio,
870 1801 918 1830 ut
949 1788 1151 1837 diximus,
1182 1787 1425 1829 benedictio
1455 1800 1514 1830 est
1543 1805 1613 1828 ve-

189 1878 279 1908 tera
315 1866 601 1915 manducare,
645 1883 762 1911 nunc
802 1882 900 1906 vero
933 1866 1198 1923 prohibetur.
1266 1865 1351 1907 Sed
1392 1864 1609 1920 multus⁵)

190 1954 250 1984 est
281 1959 465 1985 excessus
497 1943 671 1984 haerere
687 1941 733 1999 6>
763 1959 840 1999 per
869 1944 973 1984 haec
1003 1942 1184 1994 singula,
1237 1954 1276 1983 et
1307 1959 1353 1984 ex
1385 1942 1609 1984 occasione

189 2018 530 2061 testimoniorum
569 2019 737 2072 longius
776 2019 961 2071 evagari,
1011 2036 1110 2060 cum
1126 2019 1170 2074 ⁷)
1212 2018 1451 2076 explanatio
1492 2034 1606 2060 nunc

186 2096 493 2138 sacrificiorum
523 2097 731 2138 habeatur
758 2097 802 2138 in
832 2095 1042 2139 manibus.

183 2241 268 2283 sive
297 2259 344 2284 ex
375 2243 615 2285 eruditione
645 2243 866 2299 spirituali,
895 2256 934 2285 et
964 2260 1012 2285 ex
1043 2245 1160 2285 dono
1190 2243 1346 2297 gratiae
1373 2241 1481 2284 Dei“
1513 2252 1606 2292 etc„

183 2300 257 2341 sed
289 2298 399 2342 Cod.
430 2300 710 2352 sangerman.
738 2313 785 2342 ut
812 2300 858 2341 in
887 2312 1034 2342 nostro
1066 2312 1191 2342 textu.
1222 2301 1273 2342 R.

302 2369 345 2423 ¹)
376 2369 456 2411 Ed.
487 2368 624 2412 Ruaei
652 2372 768 2412 sola:
800 2380 841 2411 et
872 2370 1040 2413 dicebat
1069 2370 1129 2413 iis.

296 2439 342 2494 2)
371 2439 524 2481 Matth.
552 2440 714 2490 XXVI,
741 2441 809 2483 26.
927 2440 973 2491 ³)
1007 2438 1094 2482 Cfr.
1125 2441 1214 2484 Jos.
1250 2439 1322 2480 IX.

297 2509 342 2564 ⁴²)
377 2509 461 2553 Cfr.
492 2509 619 2550 Levit.
649 2510 790 2560 XXV,
819 2511 886 2553 22.

294 2578 338 2634 ⁵)
371 2578 480 2620 Cod.
513 2580 786 2632 Sangerman.
818 2580 1028 2630 „multum
1053 2593 1110 2623 est
1136 2596 1321 2622 excessus
1345 2579 1500 2621 habere
1523 2595 1601 2635 per

178 2634 281 2675 haec
311 2634 512 2688 singula.“
544 2636 593 2676 R.

294 2703 339 2758 ⁶)
372 2705 482 2745 Edd.
515 2703 706 2746 Merlini:
740 2706 868 2747 abire.

294 2772 340 2827 ⁷)
369 2774 487 2816 Libri
526 2775 627 2816 editi
666 2778 725 2831 (v.
760 2794 792 2817 c.
826 2778 920 2818 edd.
951 2777 1055 2831 M.):
1094 2793 1219 2825 „cum
1257 2774 1596 2832 explanationem

175 2829 487 2928 sacrificiorurfi
513 2831 743 2876 habeamus
774 2832 818 2875 in
849 2834 1096 2898 mmibusf‘
1135 2834 1207 2876 sed
1239 2833 1334 2877 Mss.
1366 2845 1412 2875 ut
1442 2833 1485 2874 iu
1514 2848 1595 2872 no-

174 2897 261 2929 stro
293 2897 417 2928 textu.
491 2920 500 2930 .
