1752 3136
244 113 330 157 374
872 113 1095 154 Omessms

237 224 447 267 ⁴Domino
480 236 761 277 consecratus,
795 237 833 267 et
866 225 963 267 ideo
999 224 1153 266 dicitur
1183 236 1362 285 sanetus.
1406 225 1680 278 Intelligimus

254 321 354 358 ergo
389 321 437 345 ex
468 304 551 345 hoc
585 315 705 345 muto
739 303 935 353 animali,
967 303 1191 358 quomodo
1223 303 1310 353 lex,
1341 305 1458 358 quod
1490 317 1682 345 sanctum

253 383 342 422 vult
373 397 480 431 csse,
510 380 617 422 nulli
648 380 717 423 alii
749 381 792 422 id
827 380 1036 422 deservire
1067 379 1208 437 jubet,
1254 379 1333 421 nisi
1366 380 1559 421 Domino
1590 380 1681 424 soli.

254 459 414 500 Iterum
446 470 614 514 pateras
647 459 712 499 vel
744 459 909 514 phialas
943 475 1044 514 quas
1077 457 1180 499 dicit
1209 468 1396 507 sanctas,
1443 458 1540 498 illae
1577 464 1687 505 subt,

255 551 366 590 quae
395 552 616 591 nunquam
647 534 849 593 jubentur
882 534 992 577 exire
1025 537 1078 577 de
1108 536 1297 590 templo,
1337 535 1410 576 sed
1452 551 1538 576 esse
1576 552 1687 576 sem-

254 627 334 668 per
363 611 407 652 in
436 612 601 663 sanctis,
630 630 709 654 nec
739 613 833 654 ullis
865 612 1032 668 penitus
1049 613 1247 654 humanis
1274 612 1417 653 usibus
1436 611 1688 655 ministrare.

258 689 465 731 Similiter
496 702 537 732 et
566 689 826 739 vestimenta,
858 705 967 744 quae
996 702 1142 732 sancta
1170 689 1462 739 nominantur,
1494 707 1583 730 non
1617 688 1686 745 ju-

256 766 413 807 bentur
442 767 549 807 intra
583 767 762 807 domum
793 765 886 807 usui
919 767 1128 808 deservire
1146 767 1377 822 pontificis,
1406 767 1479 808 sed
1509 766 1551 807 in
1580 778 1687 807 tem-

258 844 333 898 plo
365 859 473 893 esse,
521 853 560 884 et
589 842 690 884 inde
722 842 903 884 omnino
937 860 1159 899 nunquam
1200 841 1366 892 efferri,
1414 845 1487 884 sed
1520 844 1573 883 ad
1605 844 1688 883 hoc

259 931 423 961 tantum
455 919 698 963 consecrata
731 936 829 973 esse,
860 932 908 961 ut
936 921 983 962 iis
1009 921 1105 961 Deo
1130 920 1371 962 ministrans
1401 920 1594 975 pontifex
1624 921 1691 961 in-

261 998 432 1048 duatur,
463 1008 504 1039 et
531 997 614 1038 sint
642 1014 811 1055 semper
840 999 884 1040 in
925 999 1111 1054 templo,
1149 998 1203 1038 ad
1248 1009 1408 1038 ceteros
1449 1012 1549 1038 vero
1591 1014 1691 1038 usus

261 1072 512 1117 cbmmunes
542 1087 687 1116 utatur
726 1069 1028 1133 cominunibus
1067 1074 1341 1117 indumentis.
1411 1073 1614 1116 Similiter
1653 1085 1694 1114 et

261 1152 429 1208 pateris,
459 1168 507 1194 ac
538 1151 690 1208 phialis
718 1153 794 1202 his,
827 1169 935 1209 quae
965 1165 1133 1194 sanctae
1172 1154 1463 1207 appellantur,
1515 1151 1568 1191 ad
1610 1151 1690 1191 liu-

262 1246 414 1271 manos
446 1241 486 1271 et
516 1246 767 1272 communes
806 1248 903 1272 usus
941 1230 1002 1271 uti
1038 1246 1129 1289 non
1169 1229 1288 1279 licet,
1327 1229 1401 1269 sed
1441 1240 1605 1269 tantum
1637 1228 1692 1267 ad

266 1307 408 1349 divina
439 1306 683 1349 ministeria.
745 1307 880 1363 Quod
911 1308 943 1349 si
974 1306 1226 1356 intellexisti,
1260 1307 1484 1362 quomodo
1506 1306 1571 1345 vel
1603 1304 1694 1344 ani-

264 1387 363 1436 mal,
393 1385 459 1426 vel
491 1402 571 1434 vas,
601 1386 666 1427 vel
696 1385 990 1426 vestimentum
1021 1396 1217 1430 sanctum
1250 1384 1512 1439 appellatur,
1545 1398 1694 1423 conse·
1746 1368 1752 1410 s

266 1475 445 1520 quenter
482 1461 690 1513 intellige,
738 1463 856 1517 quod
898 1462 961 1502 his
1009 1461 1401 1510 observationibus,
1454 1470 1494 1499 et
1531 1458 1694 1510 legibus
1746 1478 1747 1514 3

266 1541 393 1583 etiam
421 1541 555 1582 homo
586 1540 1034 1595 sanctusappelletur.
1104 1538 1150 1580 Si
1191 1539 1283 1594 quis
1326 1538 1437 1579 enim
1480 1553 1523 1578 se
1552 1537 1694 1592 ipsum

265 1617 482 1660 devoverit
513 1617 634 1659 Deo:
665 1616 699 1659 si
730 1616 821 1673 quis
852 1616 980 1658 nullis
1011 1632 1055 1658 se
1084 1616 1263 1668 negotiis
1294 1614 1580 1657 saecularibus
1611 1613 1695 1654 im-

262 1695 502 1753 plicaverit,
533 1707 582 1737 ut
613 1695 651 1737 ei
681 1695 870 1751 placeat,
909 1694 977 1735 cui
1006 1710 1049 1736 se
1079 1693 1297 1750 probavit:
1340 1693 1374 1735 si
1404 1692 1495 1748 quis
1525 1707 1694 1747 separa·
1750 1728 1752 1738 ,

265 1785 331 1816 tus
363 1785 422 1815 est
451 1785 491 1814 et
517 1784 753 1826 segregatus
784 1788 806 1813 a
841 1771 1012 1827 reliquis
1033 1770 1279 1812 hominibus
1298 1770 1524 1811 carnaliter
1553 1769 1694 1809 viven-

265 1851 400 1900 tibus,
447 1861 488 1891 et
526 1849 755 1891 mundanis
795 1848 974 1900 negotiis
1006 1850 1221 1901 obligatis,
1266 1864 1356 1888 non
1397 1862 1604 1900 quaerens
1636 1862 1698 1895 ea,

267 1945 376 1984 quae
403 1944 532 1984 super
560 1939 733 1978 terram,
762 1929 836 1969 sed
875 1942 986 1982 quae
1017 1926 1058 1967 in
1093 1927 1221 1967 coelis
1260 1935 1378 1966 sunt:
1424 1922 1503 1964 iste
1541 1923 1695 1963 merito

263 2018 432 2048 sanctus
462 1996 716 2061 appellatur.
776 2004 930 2044 Donec
960 2002 1073 2043 enim
1102 2000 1333 2057 permixtus
1367 2012 1428 2041 est
1459 1999 1615 2049 turbis,
1656 2011 1697 2040 et
1750 2037 1752 2052 λ

263 2083 310 2125 in
340 2082 613 2124 multitudine
641 2081 938 2123 fluctuantium
958 2079 1186 2128 volutatur,
1215 2094 1295 2119 nec
1324 2089 1444 2118 vacat
1473 2077 1552 2118 soli
1583 2077 1696 2126 Deo,
1750 2125 1752 2132 Ι

256 2165 408 2216 ’neque
445 2172 678 2213 segregatus
718 2175 742 2200 a
781 2159 908 2211 vulgo
954 2168 1034 2206 est,
1082 2172 1174 2196 non
1212 2166 1353 2211 potest
1394 2169 1480 2195 esse
1516 2165 1697 2196 sanetus.
1750 2153 1752 2195 Ξ

267 2237 378 2278 Nam
409 2238 463 2278 de
491 2236 540 2279 iis
570 2237 673 2293 quid
704 2236 916 2285 dicemus,
961 2232 1035 2289 qui
1076 2249 1173 2274 cum
1213 2231 1433 2284 gentilium
1476 2230 1610 2272 turbis
1641 2231 1698 2272 ad
1750 2283 1752 2291 A

267 2316 507 2372 spectacula
536 2325 766 2365 maturant,
797 2324 838 2356 et
867 2322 1119 2368 conspectus
1141 2326 1240 2352 suos
1259 2321 1386 2364 atque
1415 2308 1584 2349 auditus
1614 2306 1696 2348 im-

266 2391 434 2448 pudicis
465 2403 505 2433 et
534 2389 671 2432 verbis
711 2401 751 2431 et
791 2390 952 2431 actibus
997 2386 1204 2430 foedant?
1261 2387 1361 2428 Non
1404 2396 1462 2428 est
1500 2395 1696 2425 nostrum

267 2467 466 2509 nuntiare
498 2469 551 2509 de
580 2468 748 2509 talibus.
806 2466 893 2523 Ipsi
924 2465 1036 2507 enim
1067 2465 1233 2515 sentire,
1265 2476 1304 2505 et
1332 2463 1478 2504 videre
1507 2471 1696 2517 possunt,
1742 2498 1743 2506 ,

268 2561 398 2601 quam
427 2544 506 2587 sibi
539 2544 770 2596 delegerint
806 2555 981 2599 partem.
1052 2543 1120 2583 Tu
1152 2558 1274 2594 ergo,
1317 2539 1390 2596 qui
1431 2541 1535 2579 haec
1565 2535 1698 2585 audis,
1742 2567 1743 2585 2

272 2620 400 2677 cui')
431 2622 496 2663 lex
527 2621 669 2664 divina
697 2624 918 2672 recitatur,
964 2637 1092 2678 quem
1121 2619 1252 2677 ipsius
1285 2617 1410 2660 etiam
1441 2616 1526 2658 Dei
1555 2630 1694 2657 sermo
1742 2619 1743 2650 i

390 2754 434 2808 ¹)
467 2754 575 2797 Cod.
608 2755 881 2809 Sangerman.
914 2753 1011 2806 „eui
1042 2754 1106 2794 lex
1140 2751 1278 2794 divina
1306 2753 1544 2794 recitatur.“
1592 2750 1698 2791 Tres

273 2810 342 2852 alii
372 2810 472 2852 Pvffiss.
514 2811 608 2863 „cui
639 2813 744 2853 haec
785 2812 924 2854 divina
965 2811 1238 2852 recitantur.“
1294 2809 1412 2852 Libri
1444 2808 1542 2851 editi
1572 2806 1631 2861 (v.
1661 2823 1694 2847 c.

279 2868 375 2911 edd.
405 2867 512 2925 M.):
544 2884 666 2920 „cum
697 2870 763 2927 lex
795 2868 933 2911 divina
964 2866 1280 2910 recitatur.“-R.
