1752 3136
462 153 508 184 m
537 141 738 183 Exonum
768 139 970 184 HommA
992 140 1066 183 III.
1421 143 1480 186 29

54 256 144 296 lum
163 254 269 296 Dei:
292 254 379 295 vult
401 269 497 295 eum
517 254 552 296 si
582 251 733 294 nonin
753 253 878 301 facto,
909 253 973 293 vel
998 252 1041 293 in
1059 268 1258 294 sermone
1276 269 1476 308 peccare:

53 331 87 373 si
110 348 201 372 non
222 331 266 372 in
283 347 491 380 sermone,
513 331 577 371 vel
604 329 650 370 in
681 329 933 382 cogitatione
965 330 1226 385 delinquere.
1256 330 1356 371 Non
1377 332 1479 381 vult,

53 420 101 449 ut
115 420 250 449 totum
279 424 300 448 a
331 423 374 449 se
400 407 588 448 triduum
610 406 949 463 proficiscantur.
994 392 1106 446 Vult*
1125 407 1168 447 in
1188 406 1313 447 nobis
1343 408 1407 448 vel
1428 424 1479 447 u-

51 502 156 526 num
179 486 288 526 diem
308 500 431 524 suum
448 484 623 524 habere:
648 483 693 523 in
709 483 797 524 aliis
820 484 940 532 duos,
961 482 1004 524 in
1024 483 1110 524 aliis
1128 495 1267 524 totum
1288 483 1478 526 triduum

53 563 142 618 ipse
161 560 359 617 possidet.
408 560 494 601 Sed
523 559 587 600 illi
615 560 739 608 beati,
772 559 842 614 qui
873 558 1080 610 integrum
1121 560 1174 599 ab
1205 577 1254 601 eo
1286 560 1478 602 triduum

51 639 264 688 secedunt,
295 648 333 677 et
354 636 516 678 nullam
538 636 580 677 in
607 635 793 685 iisssuam
825 635 1044 691 possident
1075 636 1199 678 diem.
1242 638 1344 679 Non
1378 653 1476 689 ergo

52 714 218 771 putetis,
249 714 347 768 quia
378 724 479 754 tunc
509 713 808 753 tantummodo
840 712 982 753 eduxit
1001 714 1144 755 Moses
1178 716 1392 770 populum
1425 716 1480 756 de

9 821 16 823 -
55 794 259 849 Aegypto.
316 791 373 831 Et
400 806 516 830 nunc
547 789 711 839 Moses,
748 806 874 844 quem
906 789 1110 832 habemus
1142 792 1393 842 nobiscum,
1423 817 1478 824 —

52 870 257 910 habemus
292 866 405 908 enim
436 868 613 917 Mosen,
653 878 691 907 et
729 867 959 922 prophetas
990 892 1064 918 —,
1106 869 1150 910 id
1182 879 1260 916 est,
1298 869 1363 908 lex
1394 868 1478 910 Dei

39 934 141 987 ‘vult
169 957 210 986 te
241 945 420 986 educere
455 946 508 986 de
531 946 744 1001 Aegypto:
774 944 808 985 si
838 945 982 986 audias
1013 961 1131 993 eam,
1161 947 1248 986 vult
1277 958 1318 987 te
1348 946 1476 999 longe

51 1024 190 1063 facere
220 1038 242 1063 a
272 1021 511 1062 Pharaone.
569 1019 730 1061 Eruere
760 1031 800 1061 te
831 1021 948 1076 cupit
977 1023 1030 1062 de
1058 1038 1188 1077 opere
1205 1022 1297 1072 luti,
1327 1035 1366 1064 et
1396 1041 1473 1079 pa-

52 1101 238 1149 learum;
263 1097 296 1140 si
324 1111 464 1140 tamen
496 1097 804 1151 audiaslegern
836 1097 943 1148 Dei,
981 1109 1021 1139 et
1050 1099 1323 1154 spiritualiter
1350 1100 1477 1142 intel-

52 1178 163 1229 ligas.
221 1178 324 1218 Non
352 1176 442 1216 vult
478 1187 521 1216 te
564 1173 608 1215 in
643 1174 778 1216 carnis
810 1187 849 1216 et
878 1177 1155 1217 tenebrarum
1186 1179 1477 1234 actibus-per-

50 1270 236 1303 manere,
265 1253 338 1294 sed
369 1250 480 1293 exire
510 1253 562 1293 ad
596 1268 808 1302 eremum,
851 1253 994 1293 venire
1032 1254 1085 1295 ad
1132 1255 1276 1296 locum
1309 1256 1476 1310 pertur-

50 1331 295 1373 bationibus
327 1342 367 1370 et
395 1330 591 1370 fluctibus
619 1329 776 1370 saeculi
806 1346 997 1380 vacuum,
1030 1330 1172 1372 venire
1202 1333 1254 1372 ad
1287 1332 1474 1387 quietem

49 1407 215 1451 silentii,
288 1408 429 1447 Verba
469 1407 582 1448 enim
621 1405 851 1461 sapientiae
893 1406 938 1447 in
966 1406 1135 1448 silentio
1167 1421 1206 1449 et
1236 1408 1377 1465 quiete
1409 1409 1475 1451 di-

49 1496 233 1527 scuntur.
301 1485 369 1524 Ad
403 1483 517 1524 hunc
559 1499 656 1535 ergo
688 1485 833 1524 locum
864 1483 1012 1539 quietis
1043 1501 1141 1527 cum
1184 1487 1370 1538 veneris,
1413 1487 1476 1529 ibi

51 1544 208 1617 poteris
237 1560 462 1602 immolare
491 1559 707 1611 Domin03
733 1560 793 1601 ibi
822 1547 956 1612 legem
987 1561 1084 1610 Dei,
1116 1574 1155 1603 et
1182 1562 1376 1605 virtutem
1410 1564 1474 1606 di‘-

52 1638 172 1679 vinae
201 1636 315 1677 vocis
345 1652 584 1688 agnoscere.
644 1636 876 1692 Propterea
909 1653 1006 1689 ergo
1040 1637 1158 1693 cupit
1175 1649 1215 1679 te
1232 1639 1374 1681 Moses
1399 1639 1474 1698 eji-

54 1731 148 1756 cere
179 1714 231 1754 de
260 1712 405 1753 medio
438 1713 732 1754 fluctuantium
764 1713 1049 1765 negotiorum,
1080 1726 1121 1754 et
1141 1716 1193 1756 de
1210 1717 1353 1757 medio
1371 1733 1471 1772 per-

48 1788 324 1846 strepentium
353 1789 633 1844 populorum.
692 1789 927 1846 Propterea
958 1790 1074 1846 cupit
1103 1802 1143 1831 te
1174 1792 1283 1833 exire
1313 1795 1365 1834 de
1388 1796 1475 1835 Ae-

49 1879 190 1926 gypto,
219 1867 264 1908 id
295 1877 364 1914 est,
397 1866 449 1906 de
479 1865 664 1907 tenebris
706 1866 990 1918 ignorantiae,
1031 1878 1078 1909 ut
1116 1868 1251 1920 legem
1282 1870 1367 1912 Dei
1397 1888 1474 1913 au·-

49 1945 161 1996 dias,
202 1954 241 1985 et
270 1944 410 1984 lucem
447 1942 644 1984 scientiae
685 1942 899 1998 capia5.¹)
958 1944 1044 1985 Sed
1074 1945 1250 1989 vobsistit
1279 1947 1472 1990 Pharao:

47 2023 235 2064 relaxare
264 2032 304 2061 te
334 2037 424 2061 non
455 2021 542 2060 vult
572 2032 715 2061 rector
744 2021 1017 2062 tenebrarum
1050 2023 1224 2074 harum;
1262 2041 1352 2065 non
1383 2027 1473 2066 vult

49 2110 89 2139 te
118 2095 301 2139 abstrahi
343 2097 395 2137 de
432 2097 615 2138 tenebris
660 2098 764 2146 suis,
800 2109 841 2138 et
881 2100 934 2139 ad
974 2099 1172 2141 scientiae
1212 2102 1357 2142 lumen
1396 2103 1474 2144 ad-

49 2175 161 2217 duci.
217 2173 273 2214 ·Et
303 2173 401 2215 audi
433 2174 536 2228 quid
568 2173 686 2215 dicit:
728 2175 849 2230 „quis
867 2174 912 2232 ²)
946 2186 1024 2224 cst,
1052 2176 1214 2232 inquit,
1247 2177 1364 2236 cujus
1394 2195 1472 2220 au-

49 2251 162 2293 diam
194 2248 371 2291 vocem?
400 2249 553 2290 Nescio
585 2249 847 2301 Dominum,
874 2263 914 2293 et
942 2252 1070 2293 Israel
1100 2271 1192 2295 non
1223 2255 1471 2298 dimittam.“

48 2327 164 2370 Audi
203 2326 307 2382 quid
347 2326 568 2381 respondit
605 2328 802 2384 princeps
841 2328 965 2387 hujus
1007 2331 1182 2373 mundi:
1226 2331 1388 2374 nescire
1426 2349 1472 2376 se

46 2403 190 2445 Deum
211 2403 325 2445 dicit.
370 2402 499 2444 Vides
531 2403 635 2458 quid
656 2404 738 2455 agit
753 2407 882 2447 cruda
901 2406 1130 2462 superbia?
1160 2409 1315 2450 Donec
1346 2409 1469 2452 inla-

45 2481 224 2522 boribus
241 2480 287 2534 ³)
310 2479 534 2521 hominum
556 2493 740 2532 nonest,
771 2494 810 2523 et
833 2499 929 2544 curn
952 2483 1196 2525 hominibus
1214 2502 1303 2525 non
1327 2486 1471 2538 flagel-

45 2558 181 2599 latur:
213 2570 440 2614 propterea
481 2557 616 2598 tenuit
655 2574 750 2599 eum
791 2560 1000 2615 superbia.
1067 2561 1270 2617 Denique
1308 2563 1470 2605 videbis

47 2650 144 2676 eum
173 2635 304 2691 paulo
335 2646 444 2690 post,
476 2644 680 2690 quantum
700 2636 875 2691 proficit
901 2636 946 2679 in
973 2637 1165 2692 ssagellis3
1193 2651 1351 2695 quanto
1378 2657 1468 2683 me-

162 2808 206 2862 ¹)
236 2808 347 2851 Edd.
377 2808 572 2851 MerIIni:
605 2811 760 2866 cupias.
882 2809 927 2867 2)
961 2811 1048 2853 Csr.
1082 2813 1217 2856 Exod.
1248 2814 1370 2866 V,‘2.

159 2878 205 2932 3)
238 2877 324 2920 Cfr.
361 2877 512 2922 Psalm.
544 2878 736 2930 LXXIII,
768 2881 805 2924 5.
836 2881 874 2924 6.
906 2882 1131 2937 (LXXH.)
