1752 3136
503 136 550 166 m
579 123 835 165 LEvrrmnM
865 118 1066 160 HOMILIA
1093 119 1166 160 IV.
1472 120 1557 163 235

144 256 187 281 se
216 249 388 294 spectat,
418 235 665 291 exsequitur.
722 232 907 273 Jubetur
938 229 1051 271 enim
1083 245 1131 270 ex
1163 229 1251 278 die,
1294 245 1378 284 qua
1407 243 1558 272 unctus

143 316 287 365 fuerit,
328 330 495 369 semper
534 322 574 352 et
601 311 929 365 inperpetuum
963 306 1122 348 offerre
1151 304 1426 357 similaginem
1460 307 1556 347 oleo

143 407 425 448 conspersam,
454 401 643 429 teneram
675 402 723 426 ex
751 384 969 439 sartagine.
1022 384 1159 438 quue
1191 382 1465 434 cognominat
1492 399 1558 423 sa-

143 469 345 511 crificium
376 483 424 508 ex
451 462 707 518 fragmentis,
735 462 780 503 in
812 463 994 503 odorem
1024 458 1254 502 suavitatis:
1289 470 1328 500 et
1359 460 1441 500 hoc
1468 458 1560 510 lege

140 557 307 587 aeterna
337 557 599 599 permanere,
639 551 680 581 et
707 538 936 581 transmitti
971 539 1024 579 ad
1056 549 1249 593 posteros
1277 535 1409 593 jubet.
1467 536 1559 576 Ad-

140 621 201 663 dit
237 636 337 663 sane
381 618 716 667 observandum,
757 633 813 657 ne
850 617 986 657 ullum
1027 614 1279 656 sacrificium
1317 612 1560 663 sacerdotis,

139 698 220 738 hoc
252 709 324 746 est,
363 696 482 752 quod
511 711 592 751 pro
623 711 667 735 se
695 695 788 749 ipso
823 694 988 742 offeret,
1009 692 1051 747 1>
1084 693 1235 732 edatur
1264 706 1287 730 a
1317 705 1560 745 quoquam:

137 775 211 814 sed
243 774 541 815 holocaustum
571 773 656 820 fiat,
688 772 806 826 quod
838 781 897 812 est
925 770 1012 821 igni
1042 769 1218 810 absumi.
1277 767 1560 822 Praeceptum

138 849 311 905 quidem
340 851 577 891 secundum
619 846 783 888 literam
826 848 988 889 clarum
1019 858 1100 895 est,
1151 844 1274 886 velim
1316 856 1457 884 tamen
1497 843 1560 884 vi-

139 928 254 976 dere,
285 927 356 982 qui
388 925 432 967 in
463 925 548 966 hoc
578 935 728 983 typus,
761 935 800 965 et
841 940 949 979 quae
978 925 1109 974 figura
1140 923 1362 963 formetur.
1419 919 1561 961 Dimi-

138 1003 256 1045 dium
285 1003 479 1045 sacrificii
510 1001 634 1059 hujus
663 1018 792 1042 mane
819 1001 906 1041 vult
947 998 1115 1049 offerri,
1157 1010 1197 1039 et
1235 997 1459 1038 dimidium
1491 1013 1561 1037 ve-

138 1097 282 1135 spere,
324 1091 434 1120 certa
472 1083 671 1121 mensura
709 1077 870 1119 similae
910 1078 1006 1117 oleo
1050 1091 1301 1130 conspersae
1329 1085 1499 1114 tenerae
1537 1090 1560 1115 a

137 1156 355 1209 sartagine.
413 1155 545 1205 Vide,
584 1154 757 1204 sinon,
799 1166 846 1194 ut
885 1170 960 1206 ego
992 1151 1205 1208 suspicor,
1243 1150 1495 1192 sacrificium
1513 1150 1559 1206 ²)

135 1232 362 1275 sacerdotis
393 1232 497 1273 haec
528 1232 617 1288 ipsa
655 1231 704 1273 sit
734 1233 820 1282 lex,
863 1247 971 1287 quae
1008 1247 1085 1286 per
1129 1215 1281 1270 Mosen
1312 1228 1560 1284 promulga-

135 1322 223 1361 tur,
264 1308 382 1367 cujus
425 1310 649 1351 dimidium
692 1325 818 1350 mane
847 1306 1079 1365 jubetur-³)
1121 1305 1288 1355 offerri,
1333 1305 1561 1345 dimidium

135 1403 237 1428 vero
270 1388 324 1428 ad
353 1403 581 1443 vesperam.
670 1386 813 1440 Quam
859 1386 994 1436 legem
1034 1384 1079 1424 in
1120 1385 1224 1425 duas
1260 1394 1399 1438 partes
1429 1381 1561 1424 dividi

135 1462 376 1517 praecepit,
419 1462 524 1517 in4)
556 1463 720 1503 literam
750 1461 963 1511 videlicet,
997 1474 1036 1502 et
1065 1461 1272 1517 spiritum.
1340 1460 1396 1501 Et
1435 1458 1562 1500 dimi-

137 1540 252 1580 diam
287 1538 458 1595 quidem
488 1551 666 1596 partem,
697 1555 804 1595 quae
835 1550 893 1579 est
919 1537 1065 1588 litera,
1097 1538 1245 1579 offerri
1272 1535 1392 1594 jubet
1420 1552 1560 1585 mane,

134 1614 276 1671 primo
321 1615 480 1657 scilicet
518 1616 617 1669 legis
664 1627 880 1671 tempore:
929 1616 1049 1671 quod
1095 1614 1198 1664 illis,
1255 1613 1407 1670 quibus
1455 1624 1558 1653 tunc

133 1694 368 1733 secundum
398 1692 561 1733 literam
596 1694 692 1733 data
725 1704 795 1742 est,
824 1708 980 1733 novam
1012 1692 1165 1741 lucem,
1199 1703 1237 1732 et
1266 1707 1427 1731 novum
1455 1707 1561 1746 pro-

135 1769 232 1811 tulit
261 1768 387 1811 diem.
458 1769 699 1811 Dimidium
738 1785 839 1810 vcro
881 1768 967 1827 ejus
1010 1769 1157 1811 offerri
1196 1766 1314 1825 jussit
1342 1769 1385 1809 in
1416 1784 1562 1822 vespe-

136 1863 243 1888 ram.
305 1846 353 1887 In
384 1863 558 1903 vespera
590 1846 701 1888 enim
733 1846 858 1888 nobis
890 1849 1008 1888 datus
1047 1857 1107 1889 est
1146 1845 1374 1887 salvatoris
1405 1845 1561 1886 adven-

136 1934 216 1973 tus,
247 1922 292 1964 in
324 1940 410 1979 quo
440 1940 537 1980 pars
566 1924 639 1965 illa
671 1922 860 1973 dimidia,
891 1924 975 1964 hoc
1008 1934 1088 1972 est,
1120 1939 1264 1964 sensus
1294 1922 1358 1962 vel
1388 1921 1561 1978 spiritus

138 2000 260 2052 legis,
299 2001 535 2041 secundum
577 2002 694 2056 quod
737 2002 801 2042 lex
838 2001 1064 2057 spiritualis
1096 2012 1174 2050 est,
1219 2001 1425 2040 offeratur
1461 2001 1558 2041 oleo

139 2092 367 2131 consperso
412 2089 568 2120 tenera.
650 2079 809 2120 Oleum
858 2079 911 2118 ad
949 2076 1285 2118 misericordiam
1326 2087 1561 2127 revocatur,

142 2168 250 2207 quae
281 2153 409 2193 debet
436 2153 480 2194 in
510 2155 801 2197 sacerdotibus
831 2155 1063 2196 abundare.
1134 2153 1302 2194 Tenera
1340 2153 1394 2192 ad
1425 2153 1560 2193 subti-

138 2231 223 2271 lem
264 2241 304 2271 et
344 2247 498 2285 puram
536 2231 854 2285 intelligentiam
901 2232 1097 2288 pertinet.
1186 2230 1318 2285 Quod
1358 2241 1498 2271 autem
1537 2248 1560 2272 a

139 2308 347 2360 sartagine
379 2307 553 2358 dicitur,
583 2322 711 2364 put0,
745 2311 862 2365 quod
893 2308 1150 2357 districtum,
1192 2319 1231 2347 et
1259 2308 1392 2348 multa
1424 2306 1560 2348 conti-

140 2385 281 2426 nentia
314 2385 495 2435 aridum,
527 2398 565 2427 et
593 2386 805 2428 torridum
836 2387 933 2428 velit
963 2402 1049 2426 esse
1078 2386 1368 2434 sacerdotem,
1394 2383 1438 2425 in
1473 2401 1559 2441 quo

257 2538 299 2593 ¹)
333 2538 441 2580 Cod.
476 2540 715 2592 Sangerm.:
747 2540 967 2591 ,‚offeret.“
1024 2538 1138 2579 Libri
1171 2537 1272 2580 editi
1302 2538 1363 2595 (v.
1395 2555 1429 2580 c.
1463 2540 1558 2581 edd.

142 2594 251 2648 M.):
280 2597 472 2644 ,‚0sfert.“
503 2596 553 2635 R.

255 2664 301 2720 2>
330 2665 440 2707 Edd.
473 2664 666 2707 Merlini:
696 2664 899 2706 sacrificii.

255 2734 301 2790 ³)
334 2734 443 2777 Cod.
487 2737 783 2786 Sangerman.:
821 2734 1020 2788 „iubetur
1060 2733 1244 2777 offerri.“
1301 2735 1420 2779 Libri
1460 2735 1565 2779 editi.

143 2791 204 2846 (v.
235 2808 268 2834 c.
300 2791 396 2832 edd.
426 2792 533 2847 Μ.>;
564 2791 761 2848 „jubetur
792 2794 988 2834 offerre.“
1018 2792 1068 2835 R.

262 2860 307 2917 4)
339 2861 444 2903 Edd.
479 2862 676 2905 Merlini:
707 2862 751 2904 in
781 2862 899 2906 litera
930 2863 1136 2913 videlicet,
1168 2875 1208 2906 et
1237 2863 1402 2921 spiritu.
