1752 3136
490 122 534 150 m
567 109 820 149 Lssvrrmum
839 105 1040 146 HomiuA
1062 103 1175 148 Vm.
1452 111 1538 154 325

118 221 351 263 cicatricem
384 219 566 268 adducit,
597 230 637 263 et
664 217 898 259 sanitatem.
965 216 1108 271 ‚,Et¹)
1148 218 1308 258 curabo
1350 234 1440 269 eos,
1493 234 1532 263 et

114 299 390 341 manifestabo
419 297 466 339 iis
495 311 643 350 pacem
675 305 715 334 et
743 294 912 335 fidem.“
987 292 1032 333 Si
1065 310 1164 346 ergo
1197 306 1292 350 post
1323 296 1532 348 cognitio-

113 392 224 425 nem,
256 387 295 416 et
324 373 577 415 medicinam
608 370 704 419 Dei,
734 370 768 410 si
796 381 892 425 post
929 369 1312 413 manifestationem
1344 373 1459 429 pacis
1490 387 1530 416 et

111 454 223 500 fidei,
254 466 378 506 quam
411 464 488 503 per
519 447 733 488 Christum
763 446 1032 501 suscepimus,
1062 465 1229 489 rursum
1256 449 1297 490 in
1317 451 1438 491 istam
1469 452 1528 493 ci-

113 529 306 569 catricem
339 524 566 566 adscendat
595 523 773 578 aliquod
797 523 958 578 peccati
994 523 1149 578 prioris
1176 524 1410 576 indicium,
1456 541 1528 570 aut

109 604 270 656 signum
302 602 476 655 aliquod
507 599 661 640 erroris
692 599 839 640 veteris
869 600 1116 641 innovetur:
1147 612 1249 643 tunc
1280 603 1326 643 fit
1356 603 1398 644 in
1432 618 1526 646 cute

109 679 302 735 corporis
332 677 464 719 nostri
495 675 689 728 contagio
719 677 886 732 leprae,
926 693 1036 732 quae
1063 677 1328 734 inspicienda
1360 693 1418 721 est
1448 699 1528 736 pez:

105 757 368 813 pontificem,
399 755 631 795 secundum
664 770 726 802 ea,
757 770 865 809 quae
894 754 1107 806 legislator
1137 756 1339 811 exposuit,

214 834 253 876 6.
285 833 486 874 Secunda·
519 847 618 872 vero
651 830 808 886 speeies
840 842 899 870 est
928 831 1093 886 leprae,
1120 831 1217 887 si2)
1247 834 1524 885 „effloruerit,

104 910 254 967 inquit,
282 909 326 950 in
359 920 468 957 cute,
497 908 553 948 ita
584 919 630 948 ut
660 918 767 960 tegat
798 923 970 949 omnem
1002 920 1138 949 cutem
1172 911 1365 966 corporis
1398 929 1421 954 a
1451 929 1520 953 ca-

101 990 189 1043 pite
217 1003 350 1042 usque
380 987 431 1026 ad
463 986 605 1040 pedes,
636 1001 713 1039 per
743 984 884 1024 omnia
919 1001 1200 1041 quaecunque
1229 990 1425 1030 sacerdos
1456 990 1520 1030 in-
1545 1031 1547 1034 ,

99 1064 318 1119 spexerit.“
387 1062 495 1102 Cum
536 1077 634 1113 ergo
675 1076 847 1121 omnem
888 1073 1033 1102 cutem.
1064 1063 1257 1118 corporis
1301 1065 1520 1115 obtexerit,

101 1154 201 1182 tunc
232 1140 440 1180 mundum
484 1154 579 1179 eum
621 1154 708 1179 esse
744 1138 942 1178 sacerdos
976 1155 997 1178 a
1037 1139 1291 1194 contagione
1321 1158 1517 1196 pronun-

97 1217 184 1258 tiat.
244 1216 331 1257 Sed
366 1215 412 1256 in
444 1230 698 1270 quacunque
738 1214 806 1255 die.
847 1215 1092 1269 apparuerit
1129 1215 1170 1257 in
1214 1234 1264 1259 eo
1306 1219 1428 1259 color
1458 1220 1517 1260 vi-

97 1312 183 1343 vus,
212 1310 378 1334 rursum
408 1291 620 1348 judicatur
647 1290 893 1332 immundus
923 1308 1000 1346 per
1030 1293 1134 1342 hoc,
1171 1297 1289 1349 quod
1321 1295 1444 1337 color
1473 1298 1516 1337 in

97 1387 148 1411 eo
179 1371 293 1412 vivus
325 1369 535 1425 apparuit,
565 1386 690 1424 quem
722 1380 818 1409 ante
847 1385 936 1408 non
968 1369 1128 1411 habuit.
1197 1372 1264 1412 De
1306 1373 1388 1414 hoc
1422 1374 1515 1429 qui—

96 1450 193 1489 dam
227 1449 350 1488 etiarn
382 1458 478 1487 ante
507 1463 575 1487 me
606 1446 812 1494 dixerunt,
841 1445 976 1500 per3)
1012 1447 1201 1488 colorem
1234 1449 1370 1491 vivum
1401 1450 1515 1492 indi-

96 1524 181 1566 cari
214 1525 421 1565 rationem
453 1522 574 1569 vitae,
603 1537 709 1577 quae
738 1520 782 1561 in
813 1521 987 1563 homine
1018 1535 1099 1564 est:
1130 1540 1214 1579 qua
1242 1528 1438 1567 nondum
1470 1529 1512 1568 in

96 1603 236 1642 anima
266 1599 401 1656 posita
431 1598 464 1640 si
503 1599 604 1653 quid
642 1597 728 1638 illic
744 1598 789 1651 ⁴)
836 1601 998 1654 peccati
1040 1601 1135 1650 fiat,
1179 1614 1400 1656 reputatur
1430 1621 1512 1658 pro

95 1695 160 1727 en,
195 1679 312 1732 quod
342 1676 533 1716 videatur
564 1676 761 1715 nondum
788 1676 962 1717 rationis
994 1694 1123 1732 capax
1154 1695 1241 1719 esse
1257 1679 1302 1727 is,
1336 1680 1407 1734 qui
1439 1683 1511 1721 ‹le-

93 1754 257 1810 linquit.
318 1753 428 1794 Cum
464 1764 602 1793 autem
634 1752 742 1793 ratio
783 1752 827 1792 in
860 1769 910 1793 eo
942 1755 1085 1794 locum
1118 1772 1165 1796 ac
1196 1767 1364 1811 tempus
1393 1758 1508 1797 inve—

91 1831 211 1881 nerit,
240 1831 273 1872 si
305 1831 408 1886 quid
437 1828 522 1886 jam
554 1841 701 1870 contra
730 1831 939 1871 rationem
970 1843 1089 1883 agat,
1126 1831 1260 1873 videri
1291 1849 1390 1874 eum
1417 1833 1511 1890 jure

94 1907 360 1964 culpabiiem.
431 1907 520 1947 Nos
559 1917 700 1947 autem
741 1907 1002 1959 diligentius,
1062 1924 1170 1964 quae
1207 1909 1362 1965 scripta
1398 1924 1506 1961 sunt,

92 1995 348 2031 contuentes,
378 1983 635 2024 arbitramur
663 1985 794 2036 magis
822 1986 926 2025 haec
959 1986 1011 2026 de
1026 1985 1106 2026 illis
1124 1987 1380 2040 accipienda,
1414 1987 1507 2042 qui-

90 2062 170 2101 bus
200 2061 264 2100 vel
293 2061 502 2115 phrenesi,
532 2061 596 2101 vel
625 2062 784 2111 furore,
813 2062 876 2102 vel
908 2078 1167 2119 quocunque
1198 2080 1243 2104 ex
1275 2076 1400 2118 pacto
1435 2081 1507 2105 oc-

92 2148 267 2192 cupatus
306 2138 370 2176 vel
409 2153 631 2192 oppressus
670 2151 731 2179 est
766 2154 933 2187 sensus,
973 2151 1012 2180 et
1041 2152 1170 2191 agunt
1199 2152 1345 2180 contra
1377 2142 1505 2182 ratio-

87 2230 197 2254 nem.
256 2213 414 2255 Mundi
445 2230 542 2266 ergo
571 2214 636 2255 isti
675 2232 695 2256 a
727 2216 868 2271 lepra,
905 2215 949 2255 id
987 2227 1069 2265 est,
1107 2216 1320 2258 immunes
1359 2220 1506 2273 appel-

89 2293 231 2332 lantur
261 2307 283 2331 a
313 2302 503 2346 peccato,
536 2291 671 2347 qui⁵)
703 2304 817 2333 actus
847 2293 922 2342 sui,
952 2295 1016 2334 vel
1044 2305 1198 2341 motus,
1227 2311 1316 2334 non
1348 2295 1505 2336 bahent

89 2384 268 2409 sensum.
329 2367 465 2421 Quod
493 2367 526 2409 si
556 2368 667 2409 forte
697 2370 939 2424 apparuerit·
965 2370 1009 2411 in
1041 2386 1092 2412 eo
1110 2371 1223 2412 vivus
1253 2372 1375 2413 color
1406 2389 1500 2415 cor-

203 2577 247 2632 ι)
277 2578 432 2618 Jerem.
462 2576 668 2627 XXXIII,
696 2578 733 2620 6.
852 2579 899 2634 ²)
932 2579 1020 2626 Csr,
1048 2580 1174 2622 Levit.
1204 2581 1322 2631 XIII,
1354 2583 1417 2625 12.

200 2647 248 2701 3)
279 2647 408 2689 Debst
436 2652 566 2703 ‚‚per“
595 2649 638 2689 in
670 2649 765 2689 edd.
798 2647 858 2689 M.

198 2716 245 2771 ⁴)
274 2717 384 2757 Edd.
414 2717 608 2759 Merlini:
647 2719 753 2760 illud
791 2720 956 2776 peccati
993 2721 1084 2777 fiat,
1132 2740 1224 2765 non
1264 2734 1495 2780 reputatur,

85 2791 164 2830 pro
196 2791 248 2814 eo
281 2785 358 2814 ete.

200 2843 245 2900 ⁵)
276 2844 387 2887 Edd.
417 2844 613 2888 Mei-lini:
646 2844 754 2901 quia.
