1752 3136
285 128 368 172 15ss
884 130 1106 175 Omflssms

283 240 405 283 vinus
436 241 647 284 describit.
706 242 882 285 Utinam
921 244 1024 285 mihi
1068 256 1170 287 essct
1207 243 1408 300 possibile
1448 263 1580 289 unum
1621 266 1707 293 esse

285 334 333 359 ex
364 317 641 374 principibus,
673 332 712 361 et
745 323 902 363 offerre
933 338 1118 374 gemmas
1150 323 1202 363 ad
1236 335 1535 365 ornamentum
1566 328 1708 381 ponti-

282 393 373 437 ficis
403 395 643 447 humeralis,
674 409 713 438 et
744 398 856 451 logii.
927 400 1011 441 Sed
1053 399 1150 455 quia
1191 399 1293 439 haec
1333 417 1460 456 supra
1501 419 1570 443 me
1600 416 1709 455 sunt,

284 483 397 512 certe
425 475 489 514 vel
520 474 632 528 pilos
672 491 897 530 caprarum
938 477 1096 517 habere
1141 493 1307 518 mercar
1345 477 1389 517 in
1430 479 1706 520 tabernaculo

282 547 380 599 Dei,
405 560 571 591 tantum
609 568 663 592 ne
701 552 744 593 in
787 554 985 595 omnibus
1014 552 1182 610 jejunus
1224 565 1262 593 et
1298 553 1551 596 infecundus
1592 555 1709 596 inve-

280 627 386 668 niar.
444 626 836 685 „Unusquisque¹)
880 646 976 683 crgo
1018 630 1124 671 sicut
1165 630 1360 685 concepit
1404 633 1573 673 corde.“
1630 631 1708 673 Vi-

281 703 378 743 dete
408 702 441 745 si
473 704 707 759 concipitis,
739 705 875 747 videte
904 707 937 748 si
965 707 1128 756 tenetis,
1154 723 1211 754 >ne
1241 708 1351 748 sorte
1383 709 1570 759 effluant,
1601 725 1709 765 quae

281 779 493 829 dicuntur,
523 791 563 820 et
592 793 779 836 pereant.
854 783 966 823 Volo
1008 800 1080 823 vos
1123 783 1353 824 admonere
1394 785 1606 838 religionis
1636 803 1706 827 ve-

277 867 387 898 strae
417 857 637 912 exemplis:
670 858 825 909 nostis,
857 859 927 914 qui
960 859 1109 900 divinis
1139 860 1344 917 mysteriis
1375 860 1572 903 interesse
1603 880 1707 904 con-

278 932 448 984 suestis,
488 935 737 989 quomodo,
776 953 872 977 cum
913 935 1121 993 suscipitis
1163 953 1317 992 corpus
1356 937 1558 988 Domini,
1607 956 1706 980 cum

281 1009 403 1051 omni
434 1013 595 1052 cautela
633 1023 674 1052 et
711 1013 984 1055 veneratione
1028 1012 1220 1064 servatis,
1272 1030 1327 1055 ne
1370 1029 1416 1053 ex
1458 1030 1508 1054 eo
1551 1031 1703 1070 parum

278 1087 382 1142 quid
423 1088 611 1138 decidat,
654 1106 710 1130 ne
755 1091 992 1132 consecrati
1041 1089 1229 1131 muneris
1268 1090 1430 1146 aliquid
1478 1091 1702 1134 dilabatur.

276 1162 390 1204 Reos
421 1163 532 1205 enim
564 1182 637 1207 vos
669 1166 848 1217 creditis,
880 1179 918 1208 et
948 1179 1059 1208 recte
1088 1166 1268 1216 creditis,
1298 1167 1332 1208 si
1363 1168 1466 1224 quid
1496 1169 1598 1210 inde
1624 1186 1703 1225 per

275 1240 574 1293 negligentiam
611 1243 790 1285 decidat.
864 1244 996 1298 Quod
1027 1244 1061 1285 si
1093 1244 1202 1285 circa
1234 1261 1388 1300 corpus
1415 1244 1502 1302 ejus
1534 1263 1705 1287 conser-

276 1319 466 1359 vandum
495 1331 611 1361 tanta
653 1321 821 1362 utimini
861 1321 1044 1371 cautela,
1090 1333 1129 1362 et
1168 1322 1320 1362 merito
1364 1321 1555 1363 utimini:
1594 1339 1702 1377 quo-

274 1398 409 1437 modo
440 1398 593 1452 putatis
623 1396 801 1438 minoris
833 1414 918 1440 esse
947 1399 1118 1454 piaculi,
1150 1400 1324 1439 verbum
1351 1398 1434 1439 Dei
1463 1399 1703 1449 neglexisse,

275 1489 403 1528 quam
435 1490 588 1529 corpus
620 1473 737 1531 ejus?
775 1475 898 1516 Initia
931 1492 1029 1527 ergo
1062 1474 1264 1532 jubentur
1295 1476 1474 1525 offerre,
1514 1475 1599 1516 hoc
1632 1486 1702 1525 est,

273 1549 493 1605 primitias.
572 1551 659 1605 Qui
699 1553 825 1592 ossert
864 1553 983 1608 quod
1013 1552 1202 1608 primum
1235 1564 1315 1602 est,
1359 1553 1592 1594 necessario
1626 1553 1702 1593 ha-

273 1629 374 1668 beat
401 1627 502 1684 ipse,
534 1629 653 1684 quod
683 1627 896 1683 reliquum
929 1640 998 1670 est.
1065 1630 1188 1680 Vide,
1221 1641 1426 1684 quantum
1458 1647 1536 1671 nos
1569 1646 1700 1685 opor—

271 1715 332 1745 tet
362 1705 582 1745 abundare
613 1721 731 1755 auro,
764 1717 968 1761 quantum
999 1717 1187 1758 argento,
1217 1722 1264 1746 ac
1287 1706 1459 1761 reliquis
1485 1708 1698 1757 omnibus,

273 1797 383 1838 quae
413 1779 618 1838 jubentur
649 1782 819 1832 offerri,
849 1793 896 1822 ut
927 1794 966 1823 et
994 1782 1188 1823 Domino
1223 1784 1474 1833 offeramus,
1504 1796 1543 1824 et
1572 1785 1697 1826 nobis

271 1859 466 1914 supersit.
523 1857 670 1899 Primo
705 1859 814 1899 enim
847 1859 1040 1900 omnium
1073 1861 1199 1900 debet
1235 1877 1378 1901 sensus
1417 1878 1535 1901 meus
1575 1861 1700 1903 intel-

271 1934 402 1987 Egere
430 1935 598 1985 Deum,
642 1947 682 1977 et
709 1935 787 1989 ipsi
820 1938 977 1977 offerre
1006 1936 1211 1991 primitias
1242 1936 1476 1979 intellectus
1506 1939 1592 1988 sui,
1638 1952 1696 1990 ut,

272 2029 370 2053 cum
399 2013 544 2053 Deum
573 2013 684 2053 bene
711 2013 984 2065 intellexerit,
1027 2015 1188 2070 reliqua
1230 2026 1537 2069 consequenter
1565 2033 1697 2069 agno-

272 2101 368 2131 scat.
418 2089 515 2131 Hoc
547 2090 672 2131 etiam
700 2107 840 2133 sermo
872 2090 1007 2143 faciat,
1038 2094 1121 2133 hoc
1153 2103 1192 2132 et
1219 2092 1374 2140 omnia,
1408 2108 1517 2147 quae
1546 2093 1589 2133 in
1614 2111 1697 2135 no-

270 2166 337 2208 bis
364 2178 473 2216 sunt,
503 2179 638 2220 agant.
712 2169 799 2210 Sed
839 2168 1054 2211 videamus
1085 2181 1124 2210 et
1153 2180 1310 2218 cetera,
1351 2169 1625 2227 hyacinthum
1657 2184 1697 2213 et

267 2260 528 2299 purpuram,
580 2256 619 2286 et
658 2263 836 2288 coccum
886 2248 1172 2302 duplicatum,
1218 2258 1256 2287 et
1304 2246 1473 2304 byssum
1524 2259 1694 2291 tortam.

272 2320 474 2374 Quatuor
502 2322 576 2363 ista
614 2335 732 2373 sunt,
773 2340 818 2365 ex
861 2324 1013 2379 quibus
1057 2323 1346 2364 conficiuntur
1382 2325 1446 2364 vel
1481 2327 1694 2380 pontificis

269 2397 534 2448 indumenta,
562 2401 627 2440 vel
659 2413 810 2453 cetera,
842 2417 951 2457 quae
981 2403 1034 2442 ad
1063 2417 1226 2442 sacrum
1247 2411 1452 2455 parantur
1483 2415 1692 2446 ornatum.
1741 2436 1745 2440 .

269 2474 341 2515 De
380 2475 442 2517 his
484 2476 678 2519 dixerunt
715 2478 889 2533 quidam
934 2490 1031 2519 ante
1072 2495 1172 2520 nos:
1213 2489 1251 2518 ct
1292 2476 1400 2518 sicut
1437 2494 1525 2518 non
1573 2481 1693 2522 decet

269 2550 407 2593 aliena
436 2554 581 2604 furari,
612 2555 672 2597 ita
702 2554 955 2597 conveniens
984 2566 1089 2611 puto
1120 2555 1230 2594 bene
1261 2553 1379 2595 dictis
1403 2554 1572 2597 alterius
1600 2575 1691 2599 non
1717 2573 1722 2579 ·

271 2627 390 2669 abmi
419 2631 631 2671 fatentem.
695 2632 777 2674 Ista
809 2647 929 2684 erg0,
967 2631 1072 2688 ut2)
1113 2643 1151 2673 et
1186 2630 1404 2688 prioribus
1445 2632 1579 2676 visum
1620 2646 1690 2686 est,

388 2802 432 2855 1>
461 2803 598 2846 Exod.
629 2806 811 2859 XXXV,
841 2808 879 2849 5.

386 2869 432 2928 ²)
460 2872 571 2918 Edd·
601 2875 793 2921 Merlini:
824 2888 871 2920 ut
900 2879 953 2922 ‹le
985 2879 1198 2938 prioribus
1229 2890 1303 2923 etc.
