1752 3136
532 114 578 144 m
606 101 861 144 L13v1r1cmv1
891 99 1091 142 HommA
1113 99 1185 142 111.
1499 100 1585 145 203

161 226 221 257 est
249 215 422 266 munda,
454 229 561 271 quae
591 223 686 254 ante
715 228 793 268 per
821 221 986 252 tantum
1016 222 1182 266 tempus
1221 210 1318 252 vixit
1345 211 1582 256 immunda.

158 291 215 333 Et
235 293 612 348 quemadmodum,
634 305 732 329 cum
753 287 950 340 tetigisset
969 286 1221 338 Dominum,
1247 299 1286 328 et
1305 287 1584 343 salvatorem,

159 367 261 409 dixit
289 368 400 424 ipse:
429 366 549 423 „quis
567 364 608 420 ¹)
638 381 707 406 me
736 361 899 415 tetigit?
957 363 1050 416 Ego
1093 363 1206 405 enim
1247 365 1361 407 sens‘r
1386 365 1582 409 virtutem

159 446 284 486 exisse
314 445 366 485 de
396 449 511 485 me:“
543 464 594 472 —-
624 441 741 483 illam
771 440 861 482 sine
891 440 1023 481 dubio
1055 439 1264 491 virtutem,
1295 458 1403 497 quae
1430 444 1584 485 mulie-

157 537 247 561 rem
276 530 505 569 sanaverat,
536 529 576 559 et
604 518 761 559 fecerat
791 533 882 558 eam
912 518 1121 559 mundam
1150 534 1225 558 -ε
1255 518 1314 559 sic
1343 520 1583 573 intelligen-

157 596 259 636 dum
290 607 360 645 est,
391 595 501 651 quia,
532 595 565 637 si
597 594 688 650 quis
720 593 940 647 contigerit
957 593 1002 651 2)
1042 607 1288 651 peccatum,
1327 598 1504 653 exeat3)
1536 615 1585 640 ex

155 671 246 727 ipso
276 683 454 727 peccato
485 671 613 713 virtus
643 673 852 728 quaedam
880 670 1087 723 maligna,
1125 688 1234 728 quae
1274 689 1395 723 eum,
1437 675 1509 730 qui
1539 692 1584 717 se

155 747 342 799 contigit,
369 748 495 790 faciat
524 748 820 799 immundum,
856 759 895 789 et
924 749 1009 789 hoc
1040 760 1100 789 est
1129 765 1225 790 vere
1255 751 1476 804 contigisse
1503 753 1585 793 im-

154 825 377 866 mundum.
437 825 575 867 Simili
605 826 770 867 ratione
799 825 924 869 etiam
955 826 1008 866 de
1028 824 1258 867 morticino
1290 827 1489 880 hominis,
1519 830 1585 870 vel

156 901 209 941 de
239 901 469 943 morticino
499 901 668 958 pecoris
697 901 850 942 mundi
886 915 957 944 aut
992 901 1206 945 immundi
1251 903 1481 945 dicendum
1513 917 1584 947 est.

157 976 436 1019 Morticinum
467 995 652 1035 namque
679 978 866 1020 hominis
898 978 1104 1031 contingit
1132 980 1187 1029 is,
1225 979 1296 1035 qui
1327 981 1372 1022 in
1401 983 1585 1038 peccatis

155 1053 239 1096 suis
268 1067 485 1097 mortuum
509 1055 753 1111 quempiam
776 1056 840 1095 vel
861 1055 1064 1111 sequitur,
1095 1055 1162 1098 vel
1182 1055 1384 1099 imitatur.
1435 1058 1520 1100 Sed
1538 1059 1584 1114 ⁴²)

156 1131 254 1187 quia
283 1131 548 1185 singulorum
580 1132 845 1174 differentiae
873 1131 1158 1188 requirendae
1185 1145 1296 1187 sunt,
1326 1134 1489 1188 singula
1518 1153 1585 1178 re-

155 1224 412 1251 censeamus.
470 1207 667 1250 Hominis
696 1208 985 1260 morticinum‚
1018 1210 1127 1251 sicut
1154 1227 1282 1267 supra
1312 1212 1504 1263 diximus,
1533 1215 1587 1255 il-

155 1285 232 1327 lud
261 1303 486 1342 possumus
517 1287 678 1338 dicere,
729 1288 849 1342 quod
880 1287 1112 1343 Apostolus
1151 1289 1206 1329 ad
1245 1287 1488 1332 Corinthios
1520 1291 1584 1332 di-

156 1363 230 1405 cit:
270 1365 518 1420 „scripsi,⁵)
548 1363 706 1420 inquit,
746 1363 868 1405 vobis
895 1362 939 1404 in
971 1362 1172 1419 epistola,
1208 1377 1255 1407 ut
1283 1384 1372 1407 non
1406 1367 1584 1409 commi-

156 1441 358 1482 sceamini
389 1440 652 1482 fornicariis:
690 1457 780 1481 non
819 1439 967 1495 utique
995 1440 1235 1483 fornicariis
1266 1441 1392 1500 hujus
1421 1445 1586 1495 mundi,

156 1529 230 1559 aut
258 1517 402 1568 avaris,
432 1528 504 1558 aut
533 1517 771 1573 rapacibus,
800 1515 928 1558 idolis
955 1516 1252 1559 servientibus:
1287 1519 1479 1576 alioquin
1511 1523 1585 1563 de-

155 1593 340 1636 bueratis
372 1596 425 1636 de
453 1595 537 1636 hoc
566 1594 730 1635 mundo
763 1593 902 1635 exisse.
948 1594 1076 1636 Nunc
1105 1606 1247 1636 autem
1276 1597 1423 1653 scripsi
1452 1597 1586 1650 vobis,

156 1682 202 1712 ut
230 1678 321 1712 non
351 1670 732 1721 commisceamini,
769 1669 803 1712 si
842 1671 933 1726 quis
962 1671 1093 1712 frater
1120 1672 1368 1714 nominatur
1395 1674 1586 1716 fornica-

155 1759 236 1798 tor,
267 1759 339 1788 aut
368 1747 637 1798 immundus,
681 1759 754 1788 aut
791 1763 960 1798 avarus,
999 1759 1072 1789 aut
1109 1748 1235 1790 idolis
1264 1750 1472 1803 serviens,
1513 1764 1586 1794 aut

155 1823 410 1874 maledicus,
452 1837 525 1866 aut
554 1824 765 1875 ebriosus,
809 1836 880 1865 aut
908 1841 1059 1881 rapax:
1100 1842 1198 1866 cum
1229 1824 1476 1882 hujusmodi
1505 1846 1585 1871 nec

158 1900 302 1943 cibum
333 1901 568 1958 quidemfi)
598 1906 806 1943 sumere.⁸‘
860 1902 975 1943 Illud
1006 1913 1064 1943 est
1094 1918 1193 1955 ergo
1215 1902 1402 1946 hominis
1433 1906 1584 1947 morti-

156 1979 299 2020 cinum
331 1979 609 2032 contingere,
637 1980 711 2036 qui
752 1978 789 2020 ei
817 1996 862 2020 se
890 1978 1053 2020 socium
1080 1981 1226 2021 saltem
1259 1980 1303 2021 in
1336 1981 1432 2022 cibo
1462 1998 1586 2037 prae-

158 2055 310 2106 buerit,
340 2056 413 2112 qui
442 2057 485 2098 in
518 2057 685 2099 Christo
717 2057 849 2098 homo
883 2055 1083 2107 effectus,
1124 2073 1291 2098 rursum
1330 2057 1374 2098 in
1403 2058 1586 2113 peccatis

161 2143 222 2173 est
249 2143 459 2175 mortuus.
517 2135 628 2176 Nam
660 2146 700 2176 et
728 2135 801 2176 illa
830 2134 970 2184 vidua,
1000 2134 1053 2174 de
1083 2150 1166 2189 qua
1197 2133 1298 2175 dicit
1327 2135 1584 2189 Apostolus:

159 2225 296 2265 „quae
312 2209 356 2266 ⁷)
385 2209 430 2251 in
459 2209 619 2252 deliciis
657 2211 796 2254 vivens
835 2221 1008 2252 mortua
1047 2216 1155 2253 est:“
1191 2209 1468 2252 morticinum
1506 2211 1587 2252 ho-

281 2355 325 2409 1)
356 2354 442 2397 Cfr.
474 2356 575 2397 Luc.
604 2355 717 2406 VIII,
747 2356 814 2399 46.

274 2425 320 2481 2)
354 2425 463 2467 Cod.
495 2427 768 2478 Sangerman.
799 2426 1009 2484 (itemque
1039 2427 1135 2468 edd.
1159 2426 1268 2481 EID:
1298 2426 1586 2480 „contigerit.“

158 2481 275 2523 Libri
305 2482 429 2524 editi:
460 2482 700 2534 „contigit.“
731 2483 779 2525 R.

273 2552 320 2608 3)
350 2552 461 2594 Edd.
493 2552 688 2593 Merlini:
721 2564 761 2593 et
792 2565 909 2595 exeat
938 2564 1016 2595 cte.

273 2622 321 2676 4)
352 2622 460 2667 Cod.
490 2624 882 2675 Sangermanensis:
914 2623 1028 2674 „Sed
1057 2624 1092 2666 si
1118 2624 1405 2680 singulorum‘*
1437 2637 1511 2668 cte.
1536 2624 1586 2665 R.

276 2691 321 2747 ⁶)
353 2691 440 2733 Cfr.
471 2694 489 2733 l
522 2693 623 2735 Cor.
656 2693 705 2743 V,
734 2695 772 2736 9.
805 2694 871 2736 10.
901 2694 968 2735 11.

275 2761 323 2815 ⁶)
354 2762 484 2804 Deest
513 2765 741 2820 „quidcm“
770 2762 814 2805 in
845 2764 908 2806 ed.
944 2763 1091 2808 Ruaei.

282 2832 327 2887 ⁷)
356 2832 373 2873 I
405 2832 515 2876 Tim.
546 2835 600 2884 V,
630 2834 670 2879 6.
