1752 3136
204 67 290 111 296
805 68 1027 112 Omessms

213 191 252 222 ct
280 179 451 237 pellem,
481 195 529 221 ac
558 180 718 235 singula
749 181 854 226 locis
885 182 967 226 suis
998 197 1084 225 esse
1122 183 1372 239 reparanda.
1430 182 1629 241 Denique

211 257 318 309 vide,
349 258 451 314 quid
482 258 599 300 addit
627 259 860 316 propheta:
890 276 1024 312 „ossa‚
1042 259 1086 314 ¹)
1116 258 1266 315 inquit,
1294 260 1415 312 ista‚“
1443 277 1534 304 non
1565 263 1630 304 di-

211 335 290 376 xit:
339 352 485 378 omnes
529 335 724 379 homines
759 348 878 387 sunt,
915 338 989 379 sed
1031 336 1155 378 dixit:
1199 353 1320 387 „ossa
1355 336 1433 379 ista
1473 339 1628 380 domus

209 412 339 455 Israel
370 417 469 455 est.“
522 413 711 455 Habebis
741 429 839 466 ergo
863 414 1062 456 laetitiam
1093 414 1147 455 de
1177 413 1256 456 hac
1286 413 1370 456 vita
1400 413 1633 463 discedens,

209 488 243 530 si
273 488 400 532 fueris
430 503 610 533 sanctus.
667 490 754 533 Sed
784 503 885 532 tunc
917 491 994 532 erit
1022 491 1149 547 plena
1181 490 1361 541 laetitia,
1406 507 1503 532 cum
1532 492 1631 532 nul-

210 565 299 607 lum
332 565 408 608 tibi
446 569 741 610 membrorum
784 567 976 624 corporis
1016 569 1142 610 deest.
1205 567 1476 624 Exspectabis
1517 568 1632 609 enim

211 642 311 697 et2)
356 656 401 685 tu
444 644 571 695 alios,
618 645 726 687 sicut
767 657 806 686 et
844 643 935 699 ipse
974 656 1228 700 exspectatus
1259 644 1377 700 es.³)
1437 644 1570 700 Quod
1601 642 1634 686 si

208 719 298 770 tibi,
329 721 401 777 qui
431 723 674 762 membrum
705 736 767 769 es,
807 737 897 761 non
937 720 1105 761 videtur
1133 737 1218 762 esse
1247 723 1432 777 perfecta
1463 721 1634 771 laetitia,

209 796 243 838 si
275 797 379 839 desit
407 797 521 838 aliud
552 797 822 838 membrum:
865 809 1026 852 quanto
1066 795 1194 848 magis
1223 797 1439 839 Dominus
1469 810 1509 840 et
1537 799 1634 841 Sal-

211 885 333 915 vator
361 886 519 925 noster,
548 875 621 931 qui
652 886 780 931 caput
811 886 852 916 et
881 884 1032 915 auctor
1062 883 1122 914 est
1150 872 1278 914 totius
1309 875 1513 930 corporis,
1541 891 1633 915 non

210 950 289 992 sibi
320 953 556 1008 perfectam
587 951 689 994 dicit
719 950 1048 999 esselaetitiam,
1079 949 1219 992 donec
1250 949 1408 1006 aliquid
1431 967 1478 992 ex
1497 967 1636 992 mem·

208 1028 296 1071 bris
328 1031 470 1071 deesse
501 1028 676 1085 corpori
712 1045 789 1070 suo
831 1026 974 1070 videt?
1032 1027 1088 1068 Et
1125 1039 1356 1084 propterea
1393 1029 1506 1069 sorte
1536 1044 1633 1070 ora-

209 1107 374 1149 tionem
400 1106 610 1149 fundebat
628 1107 681 1148 ad
707 1116 885 1162 patrem,
915 1105 1082 1146 dicens:
1112 1104 1268 1159 „Pater
1283 1104 1328 1160 ⁴)
1357 1108 1518 1156 sancteJ
1543 1106 1635 1158 glo-

210 1184 330 1226 rifica
360 1200 429 1224 me
468 1184 540 1226 illa
578 1183 736 1237 gloria,
786 1198 913 1239 quam
952 1181 1083 1223 habui
1125 1182 1241 1238 apud
1277 1193 1340 1231 te,
1383 1180 1633 1239 priusquam

207 1263 396 1304 mundus
426 1265 569 1303 esset.“
624 1260 726 1302 Non
756 1261 845 1301 vult
874 1275 973 1312 ergo
1000 1259 1091 1301 sine
1119 1270 1160 1300 te
1179 1258 1369 1316 recipere
1397 1257 1633 1315 perfectam

210 1340 390 1392 gloriam
421 1355 555 1387 suam,
582 1337 667 1379 hoc
699 1324 781 1387 esi,
822 1336 912 1378 sine
940 1337 1108 1393 populo
1139 1353 1240 1386 suo,
1281 1336 1354 1392 qui
1385 1347 1446 1378 est
1476 1353 1634 1393 corpus

210 1415 312 1474 ejus,
344 1428 385 1458 et
415 1415 488 1471 qui
519 1425 618 1456 sunt
645 1414 838 1455 membra
881 1412 981 1470 ejus.
1049 1413 1154 1454 Vult
1191 1412 1304 1454 enim
1341 1411 1388 1454 in
1423 1412 1503 1455 isto
1535 1430 1633 1454 cor-

208 1510 318 1551 pore
349 1491 548 1534 ecclesiae
575 1508 701 1542 suae,
744 1501 785 1532 et
822 1490 868 1532 in
907 1489 994 1532 istis
1022 1490 1228 1531 membris
1255 1490 1410 1546 populi
1437 1490 1515 1541 sui,
1544 1490 1634 1547 ipse

213 1572 330 1612 velut
368 1569 507 1611 anima
557 1568 774 1610 habitare:
826 1579 875 1609 ut
921 1583 1068 1610 omnes
1111 1579 1270 1618 motus,
1317 1578 1447 1623 atque
1487 1567 1634 1611 omnia

210 1665 343 1704 opera
372 1647 607 1690 secundum
641 1646 770 1702 ipsius
800 1645 953 1686 habeat
982 1646 1264 1686 voluntatem:
1305 1656 1354 1686 ut
1383 1662 1480 1687 vere
1510 1662 1631 1687 com-

208 1727 378 1783 pleatur
406 1724 450 1765 in
481 1723 606 1765 nobis
635 1723 743 1764 illud
772 1723 1010 1778 prophetae
1040 1721 1222 1763 dictum:
1260 1708 1492 1772 „habitabo
1511 1722 1555 1777 ⁵)
1585 1724 1632 1764 in

208 1802 273 1853 iis,
302 1814 341 1844 et
371 1802 645 1842 ambul-‘most‘
700 1801 829 1841 Nunc
859 1810 1024 1850 autem,
1068 1801 1207 1841 donec
1237 1798 1413 1856 perfecti
1441 1816 1534 1841 non
1561 1817 1632 1843 su-

207 1897 302 1921 mus
333 1894 495 1927 omnes,
523 1878 597 1919 sed
628 1877 770 1917 adhuc
798 1892 942 1917 sumus
972 1877 1017 1917 in
1046 1877 1241 1932 peccatis,
1270 1893 1316 1918 ex
1332 1889 1452 1933 parte
1479 1876 1524 1918 in
1549 1895 1632 1919 no-

209 1957 274 1998 bis
306 1967 384 2005 est,
415 1967 456 1996 et
484 1955 583 1996 ideo
613 1953 752 2010 „ex⁶)
781 1965 902 2010 parte
936 1952 1110 2003 scimus,
1141 1965 1182 1994 et
1213 1969 1261 1994 ex
1289 1965 1412 2010 parte
1438 1954 1631 2009 prophe-

206 2037 384 2081 tamus,“
415 2033 552 2072 donec
584 2032 676 2087 quis
705 2032 928 2087 pervenire
967 2041 1182 2072 mereatur
1219 2032 1274 2072 ad
1311 2031 1428 2073 illam
1458 2048 1630 2074 mensu-

207 2128 315 2159 ram,
346 2126 474 2165 quam
506 2107 607 2150 dicit
624 2109 877 2164 Apostolus:
906 2107 1087 2162 „vivo⁷)
1118 2119 1272 2159 autem,
1300 2106 1388 2165 jam
1418 2125 1508 2150 non
1539 2126 1631 2162 ego,

205 2187 305 2228 vivit
334 2204 433 2228 vero
466 2185 511 2228 iu
541 2201 610 2226 me
641 2184 872 2227 Christus.“
927 2183 992 2225 Ex
1020 2197 1141 2241 parte
1170 2201 1284 2237 ergo,
1311 2196 1358 2226 ut
1387 2184 1489 2228 dicit
1507 2188 1631 2244 Apo-

207 2266 363 2315 stolus,
400 2281 519 2305 nunc
556 2264 750 2304 membra
795 2261 884 2319 ejus
914 2278 1081 2313 sumus,
1121 2274 1162 2304 et
1190 2279 1238 2304 ex
1267 2273 1389 2318 parte
1420 2279 1511 2305 ossa
1541 2260 1630 2319 ejus

208 2360 362 2383 sumus.
423 2340 534 2383 Cum
576 2352 717 2382 autem
756 2338 982 2397 conjuncta
1026 2338 1186 2382 fuerint
1223 2355 1316 2382 ossa
1346 2339 1400 2381 ad
1432 2355 1548 2391 ossa,
1588 2351 1630 2381 et

325 2544 369 2598 ¹)
399 2543 553 2585 Ezech.
583 2542 808 2593 XXXVII,
840 2543 904 2585 11.

320 2615 367 2669 ²)
397 2615 675 2655 Desideratur
704 2617 798 2662 ‚,et“
826 2612 871 2653 in
902 2613 965 2655 ed.
997 2612 1048 2654 R.

320 2682 368 2738 ³)
397 2683 508 2725 Edd.
540 2682 735 2724 Merlini:
765 2695 834 2725 est.
1116 2693 1121 2697 ’

320 2752 367 2808 ⁴)
398 2752 486 2794 Csr.
517 2769 575 2795 ον.
606 2754 765 2794 Joann.
797 2753 932 2804 XVII,
959 2754 999 2795 5.
1134 2751 1179 2808 ⁵)
1209 2751 1338 2795 Levit.
1368 2751 1529 2811 XKVL
1561 2750 1626 2794 12.

321 2822 369 2878 ⁶)
397 2823 416 2863 I
449 2822 547 2865 Cor.
582 2823 699 2873 Xlll,
730 2823 769 2866 9.
890 2822 935 2878 7)
967 2822 1105 2865 Galat.
1140 2821 1195 2873 Il,
1225 2823 1293 2866 20.
