1768 3107
285 110 315 153 4
890 107 1116 150 OmGEms

287 222 409 279 quod
441 236 489 263 ex
516 221 609 278 ipsa
656 221 783 264 etiam
823 221 1042 264 Dominus
1084 232 1124 262 et
1156 220 1353 263 Salvator
1390 235 1537 265 noster
1572 241 1722 268 secun-

288 302 395 342 dum
432 316 606 341 carnem
644 297 842 341 nascitur.
924 299 1079 340 Nescio
1125 298 1238 339 enim
1281 299 1378 356 si¹)
1427 300 1724 359 hujuscemodi

286 375 503 432 privilegia
533 378 587 418 ad
616 377 792 418 illorum
833 375 982 416 merita
1034 377 1257 418 referenda
1303 377 1410 427 sint,
1450 394 1496 418 ex
1538 397 1725 436 quorum

288 453 419 510 stit-pe
449 470 612 496 nomen
642 455 707 495 vel
740 453 947 506 originem
979 454 1162 503 ducunt,
1202 454 1246 494 id
1278 465 1361 504 est,
1401 456 1465 496 vel
1499 457 1553 496 ad
1583 457 1724 511 ipsum

288 531 474 580 Judam‚
507 533 570 572 vel
602 532 654 573 ad
686 531 808 578 Levi,
847 532 911 571 vel
952 532 1007 572 ad
1049 547 1404 586 unumquemque
1443 548 1615 582 eorum,
1655 533 1727 588 qui

287 607 420 650 tribui
450 625 612 649 nomen
644 608 771 649 dedit.
831 607 979 649 Movet
1020 608 1131 649 enim
1173 625 1242 649 me
1283 609 1328 649 in
1370 609 1449 649 hac
1491 608 1727 650 intentione

291 697 330 727 et
360 685 481 736 illud‚'
507 686 626 741 quod
657 686 849 727 Joannes
881 685 924 726 in
957 684 1216 743 Apocalypsi
1248 687 1300 727 dc
1330 688 1498 742 populo
1524 687 1620 737 hoc,
1654 686 1726 741 qui

291 762 461 805 Christo
505 762 710 811 credidit,
755 761 912 803 scribit.
983 762 1161 816 Dicit2)
1203 763 1341 813 enim,
1389 764 1487 819 quia
1533 780 1581 804 ex
1610 763 1728 805 tribu

288 841 446 882 Ruben
477 838 710 881 duodecim
737 838 891 889 millia,
935 855 981 879 ex
1012 839 1129 881 tribu
1161 839 1339 881 Simeon
1371 840 1600 882 duodecim
1630 840 1728 881 mil-

288 917 360 968 lia,
389 916 581 959 similiter
611 928 752 957 autem
783 927 824 957 et
854 933 901 957 ex
931 915 1103 968 singulis
1134 918 1374 974 quibusque
1401 916 1595 958 tribubus
1617 918 1726 958 ‹luo-

292 996 404 1037 dena
437 993 584 1044 millia,
617 1010 726 1050 quos
756 993 881 1036 simul
914 1009 1060 1034 omnes
1093 993 1196 1035 dicit
1228 1010 1313 1036 esse
1345 1006 1516 1036 centum
1539 996 1725 1050 quadra·
1762 1011 1765 1037 ι

288 1072 405 1126 ginta
438 1083 625 1129 quatuor
655 1071 812 1120 millia,
855 1069 928 1127 qui
968 1087 1011 1112 se
1051 1088 1148 1112 curn
1192 1071 1444 1114 mulieribus
1471 1075 1573 1114 'non
1606 1071 1725 1114 coin-
1763 1067 1765 1077 ¹

293 1149 577 1206 quinaverint‚
607 1150 682 1191 sed
712 1148 893 1202 virgines
923 1153 1247 1205 permanserint.
1299 1148 1434 1204 Quod
1459 1150 1606 1206 utique
1627 1167 1726 1190 cum

292 1228 459 1278 dicitur,
492 1244 572 1269 nec
605 1225 914 1284 qualiscunque
943 1227 1007 1267 vel
1045 1226 1190 1283 inepta
1228 1238 1368 1283 potest
1412 1245 1499 1269 esse
1528 1227 1728 1283 suspicio,

289 1304 395 1362 quin
426 1306 479 1346 ad
508 1303 604 1348 istas
634 1305 770 1346 tribus
792 1303 1063 1346 ,Iudaeorum
1094 1304 1287 1353 Simeon,
1328 1317 1367 1346 et
1395 1305 1509 1355 Levi,
1545 1318 1583 1346 et
1614 1317 1724 1346 cete—

286 1400 368 1434 ras,
396 1399 506 1439 quae
540 1384 594 1424 de
623 1382 762 1424 Jacob
793 1397 923 1434 genus
964 1382 1150 1431 ducunt,
1190 1381 1355 1437 possint
1393 1383 1594 1425 revocari.
1654 1384 1724 1423 Ad

288 1478 397 1517 quos
439 1460 565 1514 igitur
603 1472 741 1517 patres
779 1458 854 1501 iste
892 1475 1096 1500 numerus
1136 1459 1345 1511 virginum
1381 1462 1630 1501 referendus
1662 1459 1727 1509 sit,
1759 1505 1761 1507 ‚

286 1550 376 1580 tam
405 1538 607 1594 aequalis,
637 1550 724 1579 tam
753 1536 928 1587 integer,
957 1547 1130 1591 tamque
1163 1537 1435 1592 compositus,
1466 1538 1522 1579 ita
1553 1550 1598 1579 ut
1627 1539 1725 1579 nul-

285 1617 352 1657 lus
382 1616 517 1657 altero
547 1614 745 1671 superior
793 1625 864 1654 aut
902 1613 1085 1655 inferior
1123 1627 1395 1663 numeretur,
1440 1632 1515 1668 ego
1549 1615 1723 1672 quidem
1759 1633 1768 1670 ⁴}

283 1692 491 1748 progredi
528 1693 640 1734 ultra
678 1691 941 1747 inquirendo
984 1707 1076 1731 non
1119 1692 1286 1740 audeo,
1327 1693 1401 1733 sed
1441 1704 1481 1733 et
1521 1692 1724 1734 hactenus
1766 1728 1768 1743 ‹

284 1785 398 1826 pene
438 1785 536 1810 cum
579 1768 723 1830 aliquo
765 1766 1009 1809 discrimine
1049 1767 1217 1809 incedo.
1295 1769 1528 1824 Apostolus
1561 1780 1722 1811 *tamen
1766 1774 1768 1779 '

287 1847 493 1903 quasdam
524 1845 786 1902 suspiciones
816 1844 900 1895 his,
940 1846 1013 1901 qui
1049 1846 1170 1886 altius
1200 1844 1358 1886 intueri
1387 1859 1583 1902 possunt,
1623 1849 1724 1888 sub-

283 1922 406 1981 jecit,
445 1940 542 1979 eum
590 1922 714 1965 dicit:
755 1923 1026 1979 ‚‚propter³)
1066 1923 1185 1979 quod
1217 1922 1342 1964 flecto
1375 1938 1511 1975 genua
1542 1940 1635 1965 mea
1668 1926 1721 1966 ad

284 2011 452 2057 patrem
482 1999 665 2040 Domini
696 2001 830 2042 nostri
857 1999 960 2042 Jesu
993 1998 1172 2049 Christi,
1211 2016 1258 2040 ex
1289 2016 1375 2055 quo
1410 2001 1548 2043 omnis
1579 2014 1721 2057 pater-
1767 2055 1768 2058 Ἰ

282 2076 391 2119 nitas
432 2076 477 2118 in
512 2078 645 2119 coelis
690 2089 730 2118 et
771 2078 815 2119 in
852 2089 964 2118 terra
1003 2077 1291 2119 nominatur.“
1364 2078 1419 2120 Et
1462 2078 1636 2134 quidem
1668 2081 1722 2121 de

283 2155 463 2197 terrenis
492 2154 814 2212 paternitatibus
844 2154 1084 2196 intellectus
1123 2172 1214 2197 non
1255 2155 1421 2196 videtur
1452 2171 1537 2197 esse
1568 2155 1721 2197 diffici-
1767 2189 1768 2194 ,

284 2231 356 2274 lis:
385 2244 524 2289 patres
560 2232 715 2274 etenim
745 2233 937 2273 tribuum
970 2231 1097 2286 ve14)
1129 2233 1376 2282 domorum,
1407 2234 1460 2273 ad
1489 2250 1595 2287 quos
1624 2249 1718 2274 suc·
1765 2253 1768 2314 ¹

285 2310 416 2353 cessio
447 2309 705 2367 posteritatis
737 2311 939 2359 refertur,
977 2308 1103 2350 simul
1137 2309 1275 2350 omnis
1306 2309 1535 2365 paternitas
1570 2312 1717 2365 appel-
1765 2318 1768 2363 ξ

282 2388 437 2429 lantur.
494 2388 545 2429 In
576 2387 700 2428 coelo
731 2402 831 2428 vero
863 2387 981 2442 quod
1014 2385 1139 2437 dicit,
1171 2387 1394 2443 quomodo
1428 2397 1504 2429 aut
1536 2387 1717 2442 qualiter
1766 2394 1768 2443 ξ

402 2539 447 2594 ¹)
477 2540 589 2582 Edd.
621 2538 815 2581 Men-lini:
843 2539 876 2581 si
907 2538 1154 2596 hujusmodi
1185 2565 1240 2572 —
1270 2540 1469 2582 meritum
1500 2552 1575 2583 etc.

397 2609 445 2660 ²)
479 2608 567 2651 Cfr.
602 2611 776 2666 Apocal.
808 2609 901 2660 Vll,
932 2611 970 2651 5.
1003 2627 1117 2667 seqq.
1150 2611 1245 2652 coll.
1278 2626 1379 2652 vers.
1408 2609 1446 2652 4.

398 2680 446 2734 ³)
475 2679 633 2735 Ephes.
666 2679 698 2729 I,
732 2680 795 2724 14.
829 2680 893 2721 15.

252 2800 257 2802 ‚
399 2748 444 2804 ⁴)
477 2749 548 2790 sic
578 2749 679 2791 Mss.
711 2748 824 2790 Alias
854 2765 954 2790 vero
985 2749 1045 2805 (v.
1078 2767 1113 2792 c.
1143 2750 1187 2791 in
1218 2749 1315 2791 edd.
1349 2747 1459 2800 Mo:
1503 2750 1596 2799 „vel
1633 2751 1711 2791 ‹10-
1765 2737 1768 2793 i

280 2822 455 2848 morum
484 2816 602 2855 sunt,
636 2806 686 2847 ad
721 2822 829 2862 quos
860 2830 914 2838 —
944 2808 1150 2857 refertur,
1196 2804 1322 2849 simul
1362 2804 1499 2848 omnis
1529 2807 1713 2863 paterni·
1763 2811 1768 2856 1

280 2873 342 2905 tas
371 2862 652 2919 appellatur.“
684 2861 735 2906 R.
