1752 3136
472 124 519 154 m
548 111 803 154 Luxu-mcum
834 112 1036 154 ΗοΜηῐΑ
1066 113 1139 155 ΙΧ.
1428 120 1513 164 353

99 234 160 264 tas
191 221 238 264 in
270 239 472 265 eremum.
531 223 577 264 Si
606 240 704 264 vero
731 223 958 266 adscendat
986 225 1030 266 in
1056 240 1133 265 cor
1161 235 1296 279 tuum,
1326 227 1510 280 cogitare

101 314 210 353 quae
238 300 322 340 Dei
352 313 460 350 sunt,
491 301 544 341 de
566 299 866 350 misericordia,
899 301 951 342 de
978 300 1146 358 justitia,
1176 303 1228 344 de
1257 303 1424 360 pietate,
1457 309 1510 348 de

99 391 224 431 pace:
254 377 357 417 haec
388 378 440 417 de
470 387 583 417 sorte
613 387 709 418 sunt
734 376 927 426 Domini,
957 377 1060 418 haec
1091 380 1333 422 offeruntur
1360 383 1415 424 ad
1445 383 1509 424 al-

97 464 198 504 tare,
227 453 330 494 haec
358 453 547 509 pontifex
567 452 752 508 suscipit,
784 465 823 494 et
845 455 889 495 in
908 454 969 496 his
990 456 1235 498 reconciliat
1254 457 1330 498 tibi
1350 459 1506 502 Deum.

94 529 326 585 Propterea
357 544 455 580 ergo
488 541 526 570 et
553 529 599 578 is,
630 529 703 585 qui
743 529 855 588 ejicit
894 547 1013 582 eum,
1058 530 1102 573 in
1145 550 1230 589 quo
1271 552 1361 576 sors
1403 554 1507 593 apo-

95 605 294 662 pompaei
324 616 394 655 est,
426 606 508 646 hoc
542 618 613 655 est,
643 607 774 649 malas
805 607 1098 660 cogitationes,
1137 611 1268 652 malas
1298 613 1507 668 cupidita-

94 695 167 733 tes,
199 700 287 724 non
320 694 377 724 est
406 683 539 724 homo
571 684 700 740 piger,
731 701 811 725 nec
843 700 1072 741 occupatus
1103 688 1279 739 negotiis
1306 691 1507 733 seculari-

90 761 181 810 bus,
211 760 283 800 sed
312 772 482 816 paratus
514 771 585 810 est,
619 771 659 801 et
687 774 893 816 promtus,
924 779 971 804 ac
1001 764 1192 816 vigilans:
1234 766 1306 821 qui
1346 768 1506 811 etiamsi

88 839 331 901 sordescere
361 838 552 878 videatur
580 854 660 893 pro
693 855 768 889 co,
815 841 931 894 quod
974 842 1195 892 contigerit
1222 841 1507 897 immundum,

87 915 243 956 lavabit
270 915 407 956 statim
440 914 684 956 vestimenta
713 933 809 967 sua,
839 927 877 957 et
908 916 984 957 erit
1020 919 1215 960 mundus.
1278 920 1411 975 Quod
1440 924 1507 965 in-

87 994 273 1043 telligere
310 1009 534 1049 possumus
575 1004 781 1048 quantum
834 994 887 1034 ad
922 1010 1274 1050 unumquemque
1311 1011 1505 1042 nostrum

87 1069 282 1124 pertinet,
312 1071 547 1110 secundum
577 1071 784 1110 moralem
815 1070 986 1119 locum,
1015 1086 1100 1111 esse
1131 1071 1349 1115 hominem
1381 1092 1505 1130 para-

89 1158 178 1186 tum
210 1146 417 1186 rationem
448 1146 606 1200 ipsam,
644 1162 751 1201 quae
781 1145 892 1187 intra
922 1163 1002 1188 nos
1038 1159 1117 1197 est,
1147 1165 1224 1204 per
1260 1166 1386 1205 quam
1420 1153 1502 1194 dis-

87 1222 217 1264 cretio
248 1221 372 1263 nobis
402 1222 508 1262 boni
537 1223 723 1278 malique
756 1233 828 1272 est,
859 1239 968 1278 quae
994 1224 1118 1266 etiam
1147 1225 1180 1267 si
1214 1225 1379 1268 videtur
1410 1246 1500 1271 sor-

86 1301 269 1349 descere,
300 1300 401 1340 dum
434 1299 647 1349 discernit,
668 1301 710 1355 ¹)
749 1311 789 1341 et
826 1311 1055 1356 pertractat
1090 1303 1203 1358 ipsa,
1243 1320 1350 1359 quae
1391 1308 1503 1349 mala

86 1389 202 1420 sunt:
236 1388 380 1418 tamen
409 1376 443 1418 si
473 1392 519 1417 ea
551 1375 733 1431 abjiciat,
764 1389 803 1418 et
834 1378 1012 1432 expellat
1042 1394 1064 1419 a
1097 1381 1240 1430 corde,
1270 1398 1318 1422 ac
1347 1385 1502 1437 procul

86 1455 254 1505 effuget,
282 1465 384 1494 tunc
414 1452 662 1494 melioribus
691 1454 1017 1505 cogitationibus
1055 1454 1169 1497 velut
1198 1457 1421 1512 purificata
1452 1477 1501 1502 ac

87 1532 231 1580 diluta,
263 1531 424 1571 munda
457 1528 670 1569 videbitur
698 1531 965 1572 rationabilis
995 1548 1128 1578 mens.
1173 1534 1261 1575 Nec
1291 1551 1390 1577 sane
1419 1536 1499 1579 mi-

86 1606 202 1660 reris,
235 1608 354 1663 quod
387 1606 511 1647 etiam
545 1608 598 1647 ad
627 1623 855 1662 personam
885 1608 1114 1650 Salvatoris
1145 1610 1342 1653 traximus
1373 1613 1502 1664 hunc,

86 1685 160 1740 qui
190 1683 300 1742 ejicit
329 1684 509 1732 hircum,
541 1694 580 1723 et
610 1684 778 1738 expellit
807 1685 851 1724 in
884 1701 1096 1736 eremum,
1130 1687 1224 1741 quia
1256 1689 1411 1731 dicitur
1438 1692 1499 1733 la-

83 1776 182 1801 vare
212 1759 456 1801 vestimenta
486 1775 577 1811 sua,
608 1771 647 1800 et
675 1760 768 1802 fieri
798 1763 997 1811 mundus,
1026 1776 1202 1818 propter
1231 1763 1351 1815 illud,
1382 1769 1500 1822 quod

83 1836 258 1889 legimus
297 1837 340 1877 in
371 1838 584 1893 propheta
625 1836 707 1879 dici
749 1839 801 1878 de
834 1837 1050 1889 Domino,
1088 1840 1195 1880 sicut
1230 1858 1357 1896 supra
1395 1843 1501 1884 dixi-

84 1931 199 1955 mus:
230 1914 356 1970 ,‚et²)
387 1913 472 1955 vidi
502 1915 650 1955 Jesum
679 1914 945 1955 sacerdotem
967 1931 1167 1969 magnum
1200 1918 1399 1960 indutum
1429 1936 1498 1961 ve-

83 1991 276 2033 stimenta
306 1992 520 2032 sordida.“
593 1990 728 2045 Quod
756 1991 790 2032 si
828 1991 974 2047 utique
1011 2009 1091 2048 pro
1124 1994 1379 2036 assumtione
1409 2012 1500 2038 car-

82 2066 148 2108 nis
180 2066 263 2107 dici
292 2067 362 2122 pie
389 2066 657 2121 intelligitur,
699 2068 822 2110 etiam
853 2069 921 2109 hic
953 2067 1005 2109 ›in
1035 2070 1221 2113 lavandis
1249 2071 1499 2116 vestimentis

82 2154 225 2198 potest
242 2143 288 2199 3)
320 2159 365 2184 ea
398 2143 531 2197 figura
560 2144 724 2187 servari.

197 2220 236 2265 7.
265 2220 495 2263 Videamus
524 2234 623 2278 post
650 2223 768 2273 haec,
798 2239 906 2280 quae
935 2236 1044 2276 sunt,
1077 2240 1185 2281 quae
1214 2225 1404 2281 pontifex
1434 2228 1496 2269 fa-

82 2297 183 2339 ciat:
214 2308 281 2348 „et
299 2296 344 2352 4>
382 2309 540 2349 sumet,
578 2299 737 2356 inquit,
779 2302 956 2356 plenum
1006 2301 1200 2342 batillum
1242 2304 1498 2345 carbonibus

81 2374 187 2426 ignis
218 2375 270 2416 de
300 2373 433 2424 altari,
465 2376 585 2431 quod
616 2388 676 2418 est
706 2389 854 2419 contra
885 2378 1164 2419 Dominum.“
1232 2379 1426 2432 Legimus
1458 2394 1498 2423 et

82 2450 125 2491 in
155 2450 291 2502 Esaia,
322 2453 418 2507 quia
448 2447 533 2503 igni
563 2460 768 2503 Purgatur
804 2455 1014 2512 propheta
1054 2471 1132 2511 per
1169 2473 1302 2497 unum
1343 2474 1390 2499 ex
1420 2459 1496 2500 Se—

198 2646 243 2701 1)
273 2647 386 2688 Edd.
419 2647 615 2689 Merlini:
648 2648 826 2692 discutit.
948 2651 993 2706 2>
1024 2652 1203 2693 Zachar.
1233 2652 1306 2702 III,
1338 2653 1375 2694 1.
1404 2652 1444 2694 3.

195 2715 242 2771 3)
276 2715 383 2757 Cod,
418 2716 693 2769 Sangerman.
732 2732 893 2775 „potest
933 2722 986 2761 ad
1028 2738 1122 2761 eum
1155 2722 1328 2772 figura.“
1386 2721 1494 2763 Cod.

83 2770 262 2813 Cadom.
293 2771 500 2828 (itemque
534 2776 627 2816 cdd.
658 2775 765 2830 M.):
797 2788 959 2832 „potest
989 2779 1137 2819 eadem
1168 2778 1341 2831 figura.“
1371 2779 1422 2819 R.

196 2840 242 2896 ⁴)
272 2841 399 2882 Levit.
429 2841 546 2892 XVI,
577 2843 640 2884 12.

80 2916 300 2960 Ome-maus
330 2917 502 2962 OPERA.
535 2918 655 2962 Tom.
691 2922 760 2963 IX.
1110 2925 1166 2967 253
