1752 3136
473 159 519 188 m
550 145 749 186 Exonum
780 143 980 183 HommA
1008 140 1083 182 IX.
1419 145 1500 187 115
1540 170 1541 173 ,

80 275 151 300 vos
183 257 422 299 Dominum
452 241 597 298 Jesum
631 254 858 303 Christum,
891 264 930 294 et
960 255 1096 294 carnis
1128 268 1274 293 curam
1303 269 1357 293 nc
1387 256 1498 296 sece—

79 336 168 377 ritis
200 337 253 377 ad
284 330 685 389 concupiscentias.“
742 330 824 371 Ista
854 341 952 372 sunt
981 346 1080 383 ergo
1110 330 1374 380 indumenta,
1404 333 1497 387 qui-

79 413 158 455 bus
191 423 368 454 ornatur
398 407 580 450 ecclesia.

190 489 230 530 4.
270 488 410 528 Potest
456 496 595 525 autem
638 495 678 524 et
723 483 1012 539 unusquisque
1052 496 1246 526 nostrum
1296 485 1420 527 etiam
1451 485 1496 528 in

16 588 20 592 v
76 577 207 608 semet
233 564 324 619 ipso
360 573 604 603 construere
625 560 667 614 ¹)
698 561 1017 602 tabernaculum
1051 562 1161 603 Deo.
1218 561 1265 603 Si
1295 562 1421 613 enim,
1450 576 1496 606 ut

76 640 247 696 quidam
279 651 374 680 ante
402 655 482 680 nos
512 654 687 693 quoque
716 637 932 688 dixerunt,
960 638 1284 680 tabernaculum
1314 641 1398 682 hoc
1428 652 1496 682 to-

75 716 154 758 tius
183 715 334 756 mundi
362 726 476 756 tenet
505 715 694 768 figuram,
727 714 876 756 mundi
901 726 1039 756 autem
1064 717 1187 757 etiam
1217 715 1369 769 singuli
1401 718 1495 774 qui-

76 809 158 849 que
197 793 353 833 hahere
394 793 622 844 imaginem
661 803 860 847 possunt,
909 809 985 832 cur
1022 809 1113 833 non
1151 804 1191 833 et
1229 795 1495 837 tabernaculi

73 869 361 925 unusquisque
390 868 433 910 in
463 879 593 909 semet
629 867 723 923 ipso
765 855 949 909 sormain
985 868 1116 924 possit
1148 870 1344 926 explere?
1404 872 1493 914 Has

75 961 173 998 ergo
208 946 334 987 debet
367 946 586 987 columnas
623 944 704 986 sibi
733 956 879 1000 aptare
907 945 1134 995 virtutum,
1174 949 1394 991 columnas
1424 967 1492 992 ar-

73 1033 252 1073 genteas,
283 1022 326 1063 id
361 1033 430 1071 est,
459 1020 704 1076 patientiam
736 1021 1045 1063 rationabilem.
1102 1022 1247 1065 Potest
1264 1026 1377 1067 enim
1407 1043 1493 1069 esse

74 1099 247 1153 quidem
279 1099 323 1139 in
353 1098 541 1148 homine,
572 1114 681 1153 quae
710 1098 901 1139 videatur
928 1098 1153 1154 patientia,
1183 1101 1255 1141 sed
1288 1117 1398 1156 quae
1427 1120 1494 1145 ra-

71 1175 286 1216 tionabilis
313 1192 405 1216 non
434 1174 497 1218 sit.
566 1176 674 1216 Narin
717 1186 759 1216 et
802 1176 875 1230 qui
913 1191 1003 1216 non
1043 1175 1169 1216 sentit
1206 1175 1419 1235 injuriam,
1451 1193 1492 1237 et

71 1263 297 1307 propterea
324 1268 415 1293 non
445 1251 597 1302 reddit,
626 1252 790 1308 patiens
819 1253 1004 1302 videtur,
1045 1254 1119 1293 sed
1148 1269 1238 1294 non
1270 1265 1330 1296 est
1359 1256 1490 1298 ratio-

72 1328 221 1370 nabilis
251 1328 325 1369 ista
363 1329 576 1384 patientia.
645 1330 724 1370 Iste
762 1344 860 1380 ergo
894 1329 1022 1370 habet
1053 1329 1226 1385 quidem
1257 1333 1493 1381 columnas,

70 1406 143 1448 sed
173 1422 262 1446 non
291 1418 388 1447 sunt
421 1405 713 1460 argenteae.²)
772 1405 861 1460 Qui
890 1421 989 1446 vero
1009 1417 1188 1462 propter
1207 1410 1384 1450 verbum
1405 1411 1490 1453 Dei

70 1482 240 1538 patitur,
270 1494 311 1522 et
338 1483 505 1524 fortiter
532 1485 634 1532 fert,
678 1481 753 1523 iste
792 1482 1001 1523 columnis
1031 1484 1235 1533 argenteis
1265 1486 1490 1530 decoratus

72 1570 131 1600 est
162 1570 202 1599 et
230 1558 431 1606 munitus,
470 1559 615 1601 Potest
638 1560 680 1600 in
698 1575 742 1600 se
772 1566 812 1599 et
842 1559 947 1599 atria
976 1557 1226 1611 distendere,
1249 1578 1345 1603 cum
1384 1564 1491 1606 dila-

71 1635 219 1676 taverit
251 1652 326 1676 cor
354 1653 477 1677 suum
517 1637 750 1677 secundum
793 1635 990 1690 Apostoli
1019 1652 1188 1686 vocem,
1228 1637 1403 1681 dicentis
1435 1642 1488 1682 ad

71 1710 342 1753 Corinthios:
371 1711 694 1766 „dilatamini³)
726 1720 775 1752 et‘
795 1717 908 1752 v05.“
949 1711 1094 1753 Potest
1120 1729 1164 1755 se
1195 1725 1235 1754 et
1261 1715 1362 1757 seris
1392 1734 1487 1758 mu-

71 1774 184 1837 nire,
230 1804 328 1829 cum
357 1804 402 1829 se
430 1787 706 1828 unanimitate
740 1787 978 1830 dilectionis
1009 1789 1285 1833 adstrinxerit.
1341 1792 1489 1836 Potest

69 1882 195 1921 super
226 1877 441 1917 argenteas
472 1865 590 1906 bases
618 1875 748 1916 stare,
779 1882 875 1906 cum
906 1882 1035 1921 super
1072 1866 1340 1910 stabilitatem
1369 1871 1488 1912 verbi

69 1943 166 1992 Dei,
195 1942 312 1984 verbi
340 1940 581 1998 prophetici
611 1952 651 1982 et
681 1941 905 1997 apostolici
937 1943 1185 1985 collocatur.
1237 1942 1383 1986 Potest
1412 1947 1488 1988 ha-

69 2020 172 2060 bere
200 2019 245 2060 in
276 2020 754 2060 columnadeauraturn
795 2030 943 2075 caput,
982 2018 1016 2060 si
1056 2030 1185 2077 caput
1221 2024 1486 2066 aureumosit

71 2096 108 2138 ei
136 2097 239 2138 fides
272 2095 437 2139 Christi.
512 2093 693 2145 „Omnis
710 2094 754 2150 ⁴)
791 2112 976 2152 namque
1013 2097 1091 2138 viri
1130 2109 1256 2153 caput
1297 2097 1487 2144 Christus

70 2178 166 2214 cst.“
231 2173 396 2214 Decem
434 2188 534 2213 vero
581 2171 683 2213 atria
711 2184 851 2228 potest
878 2172 922 2214 in
958 2186 1089 2215 semet
1116 2173 1208 2229 ipso
1234 2174 1489 2228 distendere,

70 2264 167 2290 cum
195 2265 284 2290 non
314 2248 358 2289 in
388 2265 476 2290 uno
507 2259 668 2289 tanturn
701 2250 830 2290 verbo
851 2248 950 2302 legis
974 2251 1185 2300 dilatatur,
1212 2267 1352 2307 neque
1374 2253 1485 2294 duo-

69 2324 161 2375 bus,
192 2336 263 2368 aut
290 2324 446 2375 tribus,
488 2325 563 2367 sed
600 2324 643 2365 in
673 2337 766 2368 toto
808 2326 1011 2379 decalogo
1040 2328 1139 2380 legis
1167 2327 1391 2383 spiritualis
1421 2329 1486 2372 in-

69 2401 321 2454 telligentiae
352 2402 528 2443 dilatare
558 2401 879 2458 amplitudinem
909 2415 1072 2460 potest,
1105 2415 1178 2445 aut
1207 2420 1305 2446 cum
1321 2405 1365 2460 ⁵)
1394 2407 1486 2448 fru-

71 2488 182 2519 ctum
209 2478 392 2535 spiritus,
423 2477 621 2533 gaudium
638 2509 649 2528 ,
675 2495 848 2534 pacem,
875 2479 1142 2535 patientiam,
1173 2481 1486 2536 benignitatem,

185 2659 231 2714 ¹)
262 2660 343 2702 Ed.
374 2660 509 2704 Ruaei
536 2662 649 2703 sola:
681 2660 948 2703 constituere.

180 2727 227 2783 ²)
257 2728 369 2772 Alias
399 2731 458 2785 (e.
493 2747 525 2770 c.
553 2731 597 2771 in
629 2733 724 2773 edd.
754 2729 866 2787 M.):
895 2738 1201 2782 „argentatae.“
1232 2733 1280 2777 R.

184 2796 230 2851 3)
260 2797 301 2838 lI
333 2799 432 2842 Cor.
462 2800 534 2850 VI,
564 2801 630 2843 13.
749 2800 794 2856 ⁴)
826 2800 911 2842 Csr.
944 2800 961 2839 Ι
993 2800 1094 2842 Cor.
1125 2803 1199 2850 Xl.
1225 2806 1265 2846 3.

181 2866 226 2921 ⁶)
256 2867 387 2910 Deest
415 2875 568 2919 „cum“
597 2869 641 2911 in
673 2872 766 2913 edd.
797 2871 858 2911 Μ.
890 2896 944 2903 --
977 2870 1063 2911 Csr.
1098 2870 1233 2914 Galat.
1264 2872 1316 2924 V,
1345 2873 1413 2916 22.

1097 2949 1163 2990 8*
