1752 3136
249 95 336 139 330
863 92 1086 134 OmGEms

250 207 544 263 „accipiantur
575 207 683 246 duae
713 204 889 258 gallinae
921 205 1048 254 vivae,
1079 203 1138 254 ei,
1171 203 1241 260 qui
1272 207 1524 256 mundatur,
1554 220 1594 249 et
1622 210 1672 249 li-

251 303 380 340 gnum
415 284 648 332 cedrinum,
679 294 719 323 et
749 299 901 324 coccus
932 294 1091 333 tortus,
1131 293 1171 322 ct
1201 282 1451 338 hyssopus.“
1511 285 1673 329 Viden-

251 377 320 407 tur
350 363 454 405 mihi
486 361 608 402 ctiam
644 361 713 402 ln'c
744 361 853 401 duae
883 359 982 400 istae
1023 360 1199 411 gallinae
1239 360 1397 402 habere
1429 360 1672 403 similitudi-

250 458 348 483 nem
382 440 595 495 quandam
629 440 813 480 duorum
846 436 1077 486 hircorum,
1110 454 1156 478 ex
1177 437 1329 492 quibus
1349 455 1456 479 unus
1481 438 1673 479 Domino

251 520 445 566 offertur,
477 515 582 557 allus
614 516 655 556 in
688 532 875 556 eremum
910 514 1131 556 emittitur:
1174 514 1228 555 ita
1276 515 1389 555 enim
1431 527 1470 556 et
1510 515 1577 557 hic
1625 533 1672 556 cx

251 596 417 637 duabus
447 592 608 646 gallinis
639 609 722 633 una
753 592 1011 641 immolatur,
1044 604 1084 632 et
1113 592 1193 633 alla
1225 592 1266 632 in
1300 609 1496 647 campum
1532 592 1674 633 dimit-

250 669 364 714 titan
441 671 529 711 Dat.
559 686 656 721 ergo
691 680 729 709 et
768 668 860 717 hic,
909 668 980 724 qui
1011 681 1216 723 purgatur
1247 686 1269 709 a
1301 670 1439 724 lepra,
1487 669 1671 725 aliquam

249 761 435 806 partem,
478 746 648 803 (μεθ’)
687 744 909 802 abjiciatur
947 744 991 784 in
1026 762 1235 786 cremum:
1273 748 1353 787 alia
1394 759 1533 788 autem
1574 764 1671 803 pars

248 827 444 869 Domino
478 826 657 865 offertur
687 839 768 878 pro
802 838 866 862 co.
937 822 1145 863 Nondum
1177 834 1319 863 tamen
1351 823 1442 874 hie,
1471 824 1543 879 qui
1572 841 1676 879 pur-

252 917 373 957 gatur
404 920 426 944 a
457 903 599 957 lepra,
648 911 688 940 et
732 900 858 939 offert
903 898 1098 950 gallinas,
1144 898 1334 953 etiam2)
1373 900 1488 941 illam
1527 899 1676 955 ipsam,

249 997 358 1038 quae
386 996 468 1036 pro
502 995 551 1019 eo
597 976 794 1018 Domino
828 977 1022 1026 offertur,
1056 977 1108 1017 ad
1134 978 1264 1017 altare
1285 979 1423 1025 offert.
1450 978 1558 1019 sicut
1587 990 1677 1019 tur-

208 1081 213 1087 ·
247 1072 373 1109 tures,
404 1069 476 1098 aut
510 1055 742 1097 columbas.
809 1054 1014 1094 Nondum
1055 1054 1168 1095 enim
1210 1056 1358 1096 eadem
1401 1055 1468 1096 die
1507 1053 1565 1105 is,
1603 1054 1677 1110 qui

248 1147 453 1194 purgatur
482 1151 503 1175 a
535 1135 678 1189 lepra,
720 1130 863 1174 divino
897 1131 1017 1172 altari
1049 1133 1199 1184 dignus
1241 1133 1431 1173 efficitur.
1490 1132 1677 1187 Propter

248 1214 369 1271 quod
398 1212 574 1253 mandat
602 1210 838 1262 legislator,
868 1220 915 1249 ut
946 1209 1093 1250 eadem
1127 1208 1217 1257 die,
1248 1225 1330 1264 qua
1359 1221 1576 1264 purgatur,
1606 1225 1676 1249 ac-

248 1290 461 1347 cipiantur
490 1290 600 1329 duae
629 1287 807 1339 gallinae
837 1288 889 1327 ad
923 1286 1265 1342 purificationem
1298 1284 1398 1342 ejus.
1454 1285 1567 1327 Puto
1600 1301 1675 1325 au-

246 1380 355 1419 tem,
401 1367 519 1422 quod
562 1377 601 1406 et
640 1365 708 1405 hic
755 1363 867 1404 illius
899 1364 1079 1415 gallinae
1109 1363 1345 1404 intellectus
1390 1364 1570 1404 latenter
1598 1364 1674 1405 ha-

247 1448 423 1493 beatur,
461 1459 540 1499 per
577 1458 702 1498 quam
735 1440 975 1497 purificatio
1009 1440 1190 1481 efficitur
1218 1441 1474 1495 peccatoris,
1507 1441 1560 1481 de
1590 1457 1674 1496 qua

245 1521 450 1577 scriptum
482 1532 564 1562 est:
596 1518 849 1574 „quoties³)
880 1517 998 1558 volui
1028 1534 1284 1568 congregare
1304 1517 1413 1558 fillos
1432 1530 1540 1567 tuos,
1570 1518 1680 1559 sicut

248 1600 401 1653 gallina
434 1608 662 1649 congregat
699 1596 841 1652 pullos
880 1612 980 1636 suos
1009 1595 1087 1636 sub
1117 1595 1192 1636 alis
1230 1594 1336 1643 suis,
1385 1606 1424 1635 et
1453 1594 1675 1637 noluisti!“

248 1677 414 1728 Indiget
443 1687 601 1725 tamen,
630 1685 675 1715 ut
706 1689 786 1729 per
814 1672 974 1724 lignum
998 1671 1220 1712 cedrinum
1246 1671 1496 1728 purificetur
1525 1671 1571 1722 is,
1603 1673 1676 1728 qui

247 1753 511 1810 purificatur.
583 1749 853 1807 Impossibile
892 1765 1078 1804 namque
1119 1761 1202 1798 est,
1249 1748 1341 1789 sine
1371 1747 1488 1800 ligno
1528 1749 1675 1800 crucis,

248 1829 411 1887 peccati
439 1831 603 1885 lepram
634 1844 759 1884 posse
788 1826 983 1883 purgari,
1024 1825 1104 1867 nisi
1136 1825 1388 1866 adhibeatur
1429 1837 1469 1866 et
1499 1826 1674 1877 lignum,

248 1909 293 1949 in
337 1924 421 1962 quo
456 1907 670 1955 Salvator,
716 1906 825 1948 sicut
865 1904 1097 1960 Apostolus
1134 1903 1292 1944 Paulus
1333 1901 1518 1958 dixit,⁴>
1562 1906 1674 1946 exuit

249 1984 548 2040 ,‚principatus‚
592 1995 630 2024 et
658 1993 896 2039 potestates,
926 1981 1191 2036 triumphans
1209 1997 1280 2021 eos
1298 1980 1342 2020 in
1360 1980 1515 2032 ligno.“
1562 1982 1673 2023 Jun-

248 2062 360 2115 gitur
388 2075 531 2103 tamen
563 2062 616 2102 ad
649 2059 995 2102 emundationem
1026 2060 1169 2114 leprae
1189 2057 1326 2115 hujus,
1357 2057 1544 2115 etiam⁵)
1576 2075 1674 2101 coc-

371 2293 416 2350 ¹)
445 2294 557 2334 Edd.
589 2291 782 2334 Merlini:
816 2305 924 2345 quae
958 2287 1196 2343 objiciatur.

363 2365 407 2419 2)
441 2364 511 2405 Sic
549 2364 709 2404 habent
746 2377 893 2402 omnes
936 2358 1075 2400 Codd.
1124 2359 1223 2400 Mss.
1302 2359 1353 2399 Iu
1392 2370 1513 2400 antea
1555 2359 1674 2401 editis

249 2425 310 2476 (v.
344 2438 377 2462 c.
410 2423 504 2462 edd.
546 2421 633 2476 M.)
674 2419 847 2469 legitur:
894 2416 1046 2464 „etiam
1087 2415 1177 2471 ipsa
1215 2415 1310 2464 illa,
1351 2431 1460 2470 quae
1498 2431 1578 2470 pro
1621 2433 1671 2456 eo

249 2479 446 2518 Domino
480 2479 680 2527 offertur,
719 2476 773 2516 ad
802 2476 932 2515 altare
964 2474 1168 2522 offertur,
1213 2472 1319 2514 sicut
1354 2482 1561 2522 turtures,
1603 2485 1675 2514 aut

249 2535 522 2575 columbae.“
552 2534 602 2574 R.

368 2610 414 2664 3)
445 2610 598 2655 Matth.
628 2608 791 2659 XXIII,
821 2608 887 2650 37.

368 2687 415 2742 ⁴²)
443 2688 556 2728 Edd.
589 2684 782 2726 Merlini:
815 2684 930 2727 dicit.
963 2709 1013 2714 —
1051 2683 1138 2724 Cfr.
1171 2682 1334 2726 Coloss.
1366 2681 1418 2731 ll,
1451 2683 1518 2724 15.

371 2765 415 2819 ⁵)
445 2765 558 2805 Edd.
587 2762 789 2804 Merlini:
819 2760 946 2801 etiam
987 2776 1165 2801 coccum
1192 2770 1377 2809 tortum,
1421 2758 1605 2802 sociatur
1636 2770 1676 2801 et

253 2823 500 2881 hyssopum.
535 2845 585 2854 --
619 2818 708 2860 Cfr.
739 2834 833 2873 pag.
863 2818 957 2860 329.
990 2828 1078 2859 not.
1106 2816 1144 2859 9.
