1752 3136
273 120 358 164 356
873 116 1093 158 Onffims

277 247 424 275 omnes
456 228 777 283 adstabimus¹)
824 240 946 278 „ante
985 227 1174 268 tribunal
1218 223 1395 275 Christi,
1437 238 1482 267 ut
1514 239 1698 282 reportet

276 308 567 363 unusquisque
596 305 773 361 propria
805 303 1010 360 corporis,
1040 315 1170 359 prout
1190 303 1322 355 gessit,
1349 302 1433 343 sive
1457 304 1584 352 bona,
1614 303 1698 343 sive

276 384 441 427 mala?“
498 384 615 424 Haec
645 382 678 424 si
708 382 866 434 integre
897 383 1187 429 crederemus,
1229 390 1333 420 esset
1362 381 1509 429 nobis,
1548 396 1699 420 secun-

277 466 379 505 dum
410 462 529 517 quod
558 459 763 516 scriptum
796 471 874 502 est:
906 458 1139 509 „redemtio
1158 458 1202 512 2)
1221 456 1388 497 animae.
1411 457 1500 506 viri,
1534 457 1700 498 divitiae

277 539 404 596 ejus.“
464 537 551 578 Sed
581 537 696 577 unde
725 553 949 591 possumus
981 536 1096 584 haec,
1127 536 1191 575 vel
1221 535 1388 582 sentire,
1419 533 1484 574 vel
1516 534 1701 582 credere,

276 619 341 658 vel
372 614 627 665 intelligere,
673 629 769 653 cum
809 629 863 653 ne
904 615 956 653 ad
996 613 1098 652 haec
1139 611 1226 666 ipsa
1269 610 1440 666 quidem
1487 611 1700 651 andlenda

278 689 607 736 conveniamus?
666 688 773 742 Quis
806 688 917 728 enim
949 699 1158 736 vestrum,
1199 705 1294 728 cum
1328 689 1556 730 recitantur
1588 688 1702 729 Seri-

277 783 444 827 pmme,
488 767 663 823 praebet
693 763 915 806 auditum?
962 764 1079 804 Deus
1118 780 1196 818 per
1236 767 1490 819 prophetam
1525 765 1703 806 commi—

277 860 415 894 natur,
448 856 486 885 et
519 842 689 898 quidem
723 842 765 882 in
795 840 855 881 ira
888 857 1062 893 magna:
1096 841 1223 896 „et3)
1254 840 1416 882 mittam
1446 845 1602 883 samem
1635 860 1704 883 su-

278 939 355 979 per
386 934 555 969 terram,
586 936 674 959 non
706 920 862 958 famem
897 918 1029 973 panis,
1059 934 1199 972 neque
1231 917 1341 959 sitim
1362 936 1506 974 aquae,
1538 920 1609 960 sed
1640 921 1702 960 sa-

277 1016 390 1040 mem
422 996 624 1039 audiendi
655 997 780 1036 verba
813 994 937 1035 Dei.“
1004 995 1090 1036 Sed
1129 1012 1245 1036 nunc
1288 997 1444 1037 famem
1477 1013 1564 1037 non
1596 995 1705 1037 misit

280 1079 397 1118 Deus
427 1091 556 1130 super
585 1073 801 1115 ecclesiam
831 1089 971 1121 suam,
1016 1089 1157 1128 neque
1193 1073 1306 1114 sitim
1352 1075 1406 1114 ad
1442 1073 1704 1115 audiendum

279 1155 455 1195 verbum
485 1150 581 1193 Dei.
641 1150 858 1191 Habemus
891 1150 1001 1190 enim
1033 1166 1189 1205 panem
1208 1150 1358 1200 vivum,
1393 1151 1462 1205 qui
1496 1152 1549 1191 de
1580 1151 1703 1191 coelo

282 1230 518 1278 descendit,
559 1230 763 1269 habemus
803 1243 957 1281 aquam
989 1227 1126 1268 vivam
1154 1227 1371 1268 salientem
1405 1229 1446 1268 in
1479 1228 1604 1268 vitam
1636 1244 1706 1267 ae-

279 1321 457 1349 ternam.
518 1305 608 1346 Cur
637 1321 716 1345 nos
758 1303 871 1358 ipsos
911 1304 1180 1346 fecunditatis
1214 1316 1408 1360 tempore
1438 1307 1550 1345 same
1580 1322 1706 1346 neca-

280 1401 373 1426 mus
406 1399 453 1424 ac
483 1381 578 1425 siti?
635 1380 783 1432 Pigrae
815 1392 856 1422 et
887 1380 1040 1422 desidis
1073 1380 1240 1421 animae
1271 1392 1342 1430 est,
1369 1381 1413 1421 in
1445 1382 1707 1423 abundantIa

285 1461 478 1504 omnium
508 1457 733 1515 penuriam
763 1458 863 1514 pati.
923 1459 1024 1499 Non
1055 1457 1228 1499 audistis
1270 1472 1318 1497 ex
1349 1458 1498 1500 divinis
1527 1460 1707 1514 scriptu-

283 1537 422 1591 ris‚⁴')
464 1537 563 1593 quia
603 1547 818 1577 certamen
861 1548 920 1577 cst
956 1535 1065 1576 inter
1102 1533 1298 1576 homines
1336 1535 1454 1576 carni
1484 1537 1706 1577 adversum

282 1614 492 1671 spiritum,
522 1626 562 1655 et
590 1613 755 1668 spiritui
786 1615 983 1655 adversus
1006 1612 1209 1655 carnem?
1239 1611 1294 1652 Et
1313 1611 1490 1663 nescitis,
1524 1613 1642 1668 quod
1662 1613 1707 1666 ⁵)

281 1693 314 1735 si
333 1708 515 1733 ‘carnem
545 1691 681 1732 solam
710 1690 924 1741 nutriatis,
972 1702 1011 1731 et
1040 1688 1175 1745 ipsam
1206 1688 1419 1744 frequenti
1451 1689 1629 1731 mollitie
1659 1705 1706 1729 ac

282 1769 370 1826 jugi
401 1767 647 1809 deliciarum
680 1768 795 1808 fluxu
826 1767 1013 1815 foveatis,
1043 1766 1267 1808 insolescet
1285 1765 1523 1807 necessario
1556 1767 1705 1806 adver-

282 1863 376 1887 sum
407 1844 624 1901 spiritum»,
667 1856 708 1884 et
755 1843 911 1885 fortior
958 1844 1033 1885 illo
1074 1841 1312 1884 efficietur?
1374 1843 1507 1897 Quod
1547 1844 1581 1884 si
1623 1844 1707 1893 fiat,

285 1939 381 1964 eum
412 1923 502 1963 sine
533 1921 665 1962 dubio
701 1922 749 1961 -in
785 1920 990 1962 ditionem
1022 1937 1140 1962 suam
1182 1921 1423 1968 redactum,
1462 1919 1544 1960 suis
1586 1931 1706 1971 coget

281 2000 443 2052 legibus
462 2001 521 2040 ‘ac
554 1997 660 2039 vitiis
693 1999 879 2040 obedire.
948 1999 994 2040 Si
1029 1998 1138 2037 *vero
1171 1999 1224 2038 ad
1257 1996 1475 2037 ecclesiam
1505 1998 1705 2051 frequen-

283 2091 347 2119 ter
377 2075 529 2126 venias,
560 2090 704 2116 aurem
735 2074 865 2117 literis
898 2074 1047 2116 divinis
1077 2076 1324 2124 admoveas,
1365 2073 1705 2128 explanmionem

284 2155 585 2195 mandatorum
617 2151 863 2193 coelestium
897 2153 1047 2207 capias,
1077 2152 1182 2194 sicut
1215 2152 1317 2194 cibis
1341 2163 1380 2191 et
1399 2150 1558 2193 deliciis
1589 2137 1705 2200 caro,

283 2232 339 2272 ita
358 2229 535 2285 ‘spiritus
564 2229 701 2270 verbis
733 2227 884 2270 divinis
917 2230 1201 2280 convalescet,
1242 2246 1290 2270 ae
1320 2227 1531 2278 sensibus,
1563 2239 1603 2269 et
1633 2245 1703 2268 ro-

283 2308 449 2348 bustior
480 2308 667 2355 effeetus,
701 2322 871 2346 carnem
901 2305 981 2348 sibi
1010 2322 1161 2362 parere
1192 2318 1324 2359 coget,
1355 2322 1403 2346 ac
1433 2305 1515 2346 suis
1544 2304 1705 2358 legibus

287 2384 475 2439 obsequi.
544 2382 813 2424 Nutrimenta
851 2383 977 2434 igitur
1019 2383 1188 2439 spiritus
1226 2395 1343 2431 sunt,
1384 2381 1523 2423 divina
1565 2382 1706 2431 lectio,

287 2460 502 2501 orationes
533 2459 735 2510 assiduae,
764 2476 903 2502 sermo
937 2459 1166 2502 doctrinae.
1225 2459 1300 2500 His
1331 2460 1456 2499 alitur
1487 2458 1610 2509 cibis,
1641 2458 1704 2499 his

288 2536 554 2587 convalescit,
584 2536 646 2577 his
679 2537 813 2578 victor
854 2536 1046 2578 efficitur.
1117 2535 1252 2590 Quod
1293 2535 1390 2589 quia
1428 2552 1519 2576 non
1557 2534 1704 2584 facitis,

403 2717 448 2771 1)
478 2717 517 2756 ΙΙ
550 2716 649 2760 Cor.
681 2719 730 2768 V,
762 2720 830 2761 10.
947 2719 992 2775 2)
1020 2718 1148 2760 Prov.
1179 2717 1296 2766 XIII,
1327 2717 1365 2761 8.

401 2786 447 2841 3)
479 2791 625 2828 Amos.
657 2788 770 2837 VIII,
802 2788 867 2830 11.
988 2788 1033 2844 4)
1066 2788 1153 2831 Csr.
1182 2787 1324 2829 Galat.
1357 2786 1406 2836 V,
1437 2786 1502 2828 17.

402 2855 446 2909 5)
478 2856 607 2898 Deest
637 2857 812 2913 ‚,quod“
842 2858 885 2899 in
919 2859 1014 2900 edd.
1043 2858 1105 2899 M.
