1752 3136
472 93 523 124 m
553 81 805 121 LEvmmnM
835 78 1037 118 HommA
1070 77 1143 118 IX.
1438 80 1520 124 351

109 197 193 236 mel
225 195 335 236 enim
364 194 408 233 in
440 207 551 232 anno
583 188 772 245 pontifex
801 189 1012 242 populum
1042 187 1353 242 derelinquens,
1382 190 1520 243 ingrc—

111 271 225 314 ditur
256 273 309 313 acl
338 271 457 311 illum
488 268 652 313 locum,
693 263 766 305 ubi
799 276 856 306 est
886 263 1298 319 repropitiatorium,
1329 277 1367 306 et
1395 285 1522 324 super

110 341 561 404 repropitiatorium¹)
602 339 857 389 Cherubim,
896 339 1032 394 ubi2)
1086 352 1145 381 est
1187 354 1226 383 et
1263 358 1359 384 arca
1398 356 1521 388 testa·

112 424 266 472 menti,
298 433 341 463 et
367 422 496 461 altare
524 417 705 467 incensi,
747 434 833 473 quo
873 418 982 459 nulli
1018 417 1197 459 introire
1225 421 1285 462 fas
1327 433 1407 474 est,
1445 424 1524 466 nisi

112 498 303 556 pontifici
331 496 423 538 soli.
456 495 501 536 Si
530 511 627 547 ergo
661 494 924 535 considerem
944 511 1087 535 verum
1106 497 1352 551 pontificem
1379 483 1527 543 meum⁴

112 576 348 617 Dominum
378 574 524 614 Jesum
557 571 796 620 Christum,
835 572 1058 626 quomodo
1099 572 1143 612 in
1184 589 1308 614 carne
1350 577 1524 630 quidem

110 654 282 709 positus,
313 668 389 707 per
417 661 555 691 totum
588 666 746 690 annum
776 659 863 689 erat
878 665 974 689 eum
990 650 1171 704 populo,
1202 665 1360 692 annum
1389 652 1526 707 illum,

85 713 164 769 ¹de
195 745 280 784 quo
311 728 402 783 ipse
433 725 554 768 dicit:
596 725 966 779 ‚,evangelizare³)
1004 725 1264 782 pauperibus
1302 728 1413 771 misit
1442 749 1525 783 me,

112 816 151 844 et
181 821 332 844 vocare
363 820 521 844 annum
542 802 721 843 Domini
740 813 976 858 acceptum,
1006 813 1044 842 et
1076 802 1187 843 diem
1218 805 1474 851 remissionis
1488 816 1525 851 :⁸⁴

113 883 302 930 adverte,
335 880 556 935 quomodo
587 880 716 920 semel
747 879 791 920 in
824 894 936 920 anno
967 879 1068 929 isto,
1096 880 1141 920 in
1173 880 1241 922 die
1271 886 1526 940 repropitia-

112 958 238 998 tionis
278 957 407 999 intrat
435 956 481 997 in
518 968 660 998 sancta
689 967 955 1005 sanctorum,
997 956 1080 996 hoe
1111 967 1190 1005 est,
1229 974 1326 999 cum
1354 959 1528 1017 impleta

114 1033 427 1089 dispensatione
456 1044 646 1089 penetrat
676 1033 830 1081 coelos,
862 1043 902 1072 et
928 1031 1054 1072 intrat
1072 1032 1124 1073 ad
1146 1044 1322 1087 patrem,
1352 1049 1398 1077 ut
1429 1056 1526 1082 cum

114 1111 346 1166 propitium
379 1112 566 1151 humano
598 1109 740 1162 generi
770 1108 895 1150 faciat
957 1120 995 1148 et
1034 1120 1177 1149 exoret
1214 1128 1293 1166 pro
1328 1115 1527 1159 omnibus

116 1188 380 1229 credentibus
410 1186 454 1227 in
483 1204 537 1229 se.
599 1187 721 1227 Hanc
751 1184 1148 1241 repropitiationem
1179 1186 1289 1244 ejus,
1327 1208 1410 1246 qua
1447 1195 1527 1235 ho-

114 1266 300 1306 minibus
330 1264 582 1321 repropitiat
613 1275 788 1320 patrem,
819 1264 952 1305 sciens
981 1262 1170 1304 Joannes
1203 1267 1432 1322 Apostolus
1463 1273 1528 1313 di-

117 1343 192 1383 cit:
225 1343 356 1393 „haec
372 1343 418 1397 4)
450 1341 570 1392 dico,
601 1341 735 1390 filioli,
775 1353 821 1382 ut
850 1357 939 1381 non
970 1356 1202 1395 peccemus.
1263 1343 1397 1398 Quod
1427 1360 1467 1390 et
1495 1350 1530 1393 si

114 1418 447 1475 peccaverimus,
491 1419 743 1459 advocatum
781 1419 986 1459 habemus
1028 1419 1142 1473 apud
1183 1431 1346 1474 patrem
1380 1423 1529 1467 Jesum

120 1495 334 1537 Christum
364 1495 546 1551 justum:
586 1507 626 1536 et
666 1496 755 1550 ipse
797 1507 855 1536 est
895 1494 1186 1549 repropitiatio
1230 1513 1310 1551 pro
1349 1503 1531 1555 peccatis

117 1573 307 1615 nostris.“
367 1573 453 1614 Sed
485 1583 523 1613 et
552 1571 709 1614 Paulus
747 1570 937 1612 similiter
975 1573 1027 1612 de
1065 1571 1143 1613 hac
1182 1575 1532 1631 repropitiatione

120 1661 450 1699 commemorat,
502 1665 599 1689 cum
643 1648 744 1690 dicit
786 1650 837 1689 de
876 1647 1068 1690 Christo:
1125 1652 1349 1708 „quem⁵)
1389 1655 1533 1710 posuit

119 1727 238 1767 Deus
266 1724 653 1781 propitiatoremfi)
683 1726 726 1766 in
756 1725 957 1778 sanguine
985 1725 1114 1781 ipsius
1144 1738 1221 1782 per
1235 1729 1408 1771 fidem.“
1451 1732 1533 1784 Igi-

116 1815 187 1844 tur
227 1803 313 1843 dies
352 1801 665 1858 propitIationis
707 1815 850 1843 manet
887 1802 1010 1844 nobis
1048 1819 1182 1858 usque
1226 1821 1311 1860 quo
1365 1807 1532 1850 occidat

118 1882 195 1931 sol,
225 1881 269 1921 id
301 1891 377 1936 est,
416 1895 550 1934 usque
590 1896 674 1935 quo
718 1882 847 1921 finem
888 1882 1071 1922 mundus
1105 1880 1293 1936 accipiat.
1362 1885 1531 1927 Stamus

122 1957 233 1999 enim
274 1973 350 1997 nos
398 1973 476 2012 pro
524 1958 711 2006 foribus,
764 1957 999 2013 operientes
1046 1956 1293 2013 pontificem
1335 1971 1530 2001 nostrum

123 2045 457 2074 commorantem
488 2033 597 2074 intra
626 2045 767 2076 sancta
806 2046 1069 2084 sanctorum,
1114 2035 1158 2074 id
1190 2044 1269 2083 est,
1311 2037 1426 2088 apud
1457 2053 1533 2091 pa-

122 2123 242 2158 trem,
274 2121 313 2151 et
344 2122 585 2150 exorantem
615 2127 694 2166 pro
725 2111 904 2167 peccatis
935 2127 1096 2161 eorum,
1128 2111 1199 2166 qui
1220 2126 1262 2151 se
1283 2123 1532 2167 exspectant,

122 2204 213 2228 non
242 2203 321 2243 pro
355 2186 546 2226 omnium
575 2189 754 2242 peccatis
785 2199 1042 2232 exorantem.
1105 2186 1207 2229 Non
1249 2185 1358 2228 enim
1390 2201 1537 2231 exorat

123 2280 204 2319 pro
238 2262 313 2313 his,
346 2262 418 2317 qui
446 2263 490 2303 in
521 2275 676 2305 sortem
718 2265 889 2306 veniunt
927 2263 1013 2321 ejus
1057 2263 1185 2312 hirci,
1221 2265 1294 2319 qui
1334 2264 1533 2307 emittitur

123 2341 167 2380 in
200 2341 423 2381 desertum.
483 2340 568 2382 Pro
599 2341 677 2383 illis
709 2355 850 2383 exorat
880 2354 1058 2392 tantum,
1091 2340 1163 2397 qui
1192 2353 1288 2382 sunt
1315 2359 1406 2384 sors
1437 2343 1532 2384 Do-

243 2473 286 2528 ¹)
316 2472 426 2515 Edd.
455 2473 646 2515 Merlini:
677 2475 1036 2531 propitiatorium.

241 2545 288 2600 ²)
320 2544 428 2586 Cod.
462 2546 732 2598 Sangerman.
776 2547 876 2596 „ubi
916 2558 973 2587 est
1013 2558 1052 2586 et
1092 2559 1186 2587 arca
1225 2543 1451 2588 testimonii
1495 2557 1534 2587 et

127 2601 297 2642 altarc.“
326 2602 377 2642 R.

243 2670 290 2724 ³)
319 2672 441 2714 Jesai.
473 2671 584 2720 LXI,
615 2674 651 2715 1.
681 2672 718 2712 2.

242 2741 291 2795 ⁴)
318 2742 335 2781 I
366 2742 524 2786 Joann.
555 2741 606 2793 II,
638 2745 674 2785 1.
704 2741 741 2782 2.
863 2741 906 2797 ⁵)
938 2741 1062 2783 Rom.
1092 2740 1164 2790 III,
1194 2742 1262 2784 25.

244 2809 290 2865 6>
323 2809 430 2851 Cod.
459 2812 731 2865 Sangexman.
765 2811 1175 2869 ‚,propitiatorium.“
1207 2812 1256 2852 R.
