1752 3136
497 129 543 160 m
573 118 829 159 ann'mmu
858 115 1058 158 HommA
1085 116 1137 158 II.
1446 118 1525 163 191

108 246 206 271 cum
237 229 280 271 in
311 245 486 286 pravum
517 226 787 268 declinaverit
825 225 909 266 dux
950 227 1181 267 bonorum·
1200 242 1400 283 operum,
1433 247 1529 271 sen..

106 324 196 356 sus,
239 317 280 347 et
316 305 415 347 ideo
455 305 510 345 ad
547 301 672 357 hujus
713 302 1055 344 emendationem
1096 320 1187 344 non
1225 305 1531 361 qualiscunque

37 381 43 385 ’
107 383 257 433 hostia,
285 383 357 425 sed
385 378 514 436 ipsius
542 378 716 431 saginati
744 378 864 420 vituli
893 380 1124 435 requiritur
1144 380 1412 424 sacrificium.
1461 383 1529 424 Si-

105 460 262 501 militer
290 469 330 499 et
356 471 590 514 synagogae
618 456 767 510 culpa,
796 455 881 496 hoc
912 466 993 505 est,
1024 457 1240 507 omnium,
1285 475 1392 514 quae
1420 459 1531 501 intra

104 552 185 577 nos
212 545 320 584 sunt,
349 534 552 574 virtutum
581 531 821 572 emendatio
853 548 943 572 non
974 532 1104 582 aliter,
1138 550 1266 589 quam
1296 551 1343 575 ex
1378 535 1532 578 Christi

103 609 431 652 mortificatione
460 620 694 664 reparatur.
755 607 801 649 Si
831 624 930 649 vero
951 609 1160 666 princeps,
1189 610 1339 667 inquit,
1359 611 1400 667 1)
1429 629 1530 668 pec—

104 687 268 736 caverit,
299 685 464 727 hircum
499 684 710 740 offeret2)
742 702 787 726 ex
821 685 970 741 capriS.
1036 686 1239 744 Princeps
1277 689 1353 730 iste
1393 701 1531 744 potest

102 762 234 804 videri
264 763 321 804 vis
352 761 539 812 rationis,
570 778 679 818 quae
706 762 816 803 intra
845 780 925 804 nos
956 775 1028 810 cst,
1089 763 1213 818 Quae
1249 764 1284 806 si
1312 777 1458 821 peccet
1485 766 1530 807 in

100 838 240 889 nobis,
270 851 310 881 et
339 839 511 880 stultum
546 838 706 895 aliquid
739 855 922 892 agamus,
950 839 1284 896 pertimescenda
1315 842 1440 883 nobis
1470 855 1532 885 est

101 917 173 958 illa
204 918 408 958 sententia
438 916 681 966 Salvatoris‚
713 932 822 971 quae
852 915 977 957 dicit:
1023 916 1184 973 ‚‚vos·³)
1224 919 1317 960 estis
1353 921 1415 961 sal
1444 932 1528 962 ter—

103 1010 187 1035 rae.
249 993 295 1035 Si
333 1005 472 1035 autem
512 994 572 1034 sal
610 992 862 1033 infatuatum
904 990 1051 1042 suerit,
1091 993 1145 1033 ad
1184 994 1367 1036 nihilum
1407 999 1529 1048 valet,

103 1070 184 1113 nisi
213 1082 261 1112 ut
299 1070 548 1127 projiciatur
584 1071 718 1119 foras,
757 1079 803 1108 et-
835 1068 1112 1110 conculcetur
1149 1071 1202 1110 ab
1245 1072 1531 1116 hominibus.⁴‘

102 1146 244 1187 Habet
275 1163 374 1199 ergo
407 1157 446 1187 et
484 1145 562 1188 iste
590 1146 770 1187 hostiam
800 1161 934 1189 suam.
998 1145 1085 1186 Sed
1106 1145 1150 1202 4)
1193 1160 1233 1189 et
1262 1149 1404 1191 anima
1433 1160 1531 1201 un'ff,

102 1223 253 1279 inquit,
281 1221 315 1266 si
346 1222 594 1279 peccaverit,
624 1220 795 1277 capram
826 1221 1030 1264 feminam
1050 1222 1241 1266 similiter
1269 1226 1435 1275 offeret,
1466 1244 1530 1268 se-

103 1301 292 1341 cundum
322 1300 445 1341 illam
474 1299 816 1341 substitutionem
859 1299 1121 1351 hostiarum,
1169 1318 1298 1357 quam
1337 1303 1529 1359 superius

100 1377 444 1420 memoravimus.
522 1377 607 1419 Sed
645 1377 824 1417 fortasse
863 1377 1007 1417 dicant
1053 1378 1268 1421 auditores
1309 1380 1528 1428 ecclesiae:

103 1453 256 1494 melius
285 1455 374 1494 fere
404 1454 606 1505 agebatur
635 1470 731 1494 cum
762 1452 966 1508 antiquis,
1004 1469 1131 1509 quam
1166 1457 1415 1507 nobiscum,
1455 1458 1529 1499 ubi

103 1528 256 1570 oblatis
287 1529 451 1571 diverso
481 1528 566 1570 ritu
595 1528 818 1579 sacrificiis,
846 1530 1119 1585 peccantibus
1139 1533 1258 1574 venia
1286 1535 1529 1589 praestaba-

103 1619 183 1648 tur.
241 1607 373 1661 Apud
401 1623 480 1647 nos
518 1622 601 1646 una
637 1607 941 1647 tantummodo
978 1608 1099 1649 venia
1141 1621 1201 1650 est
1238 1623 1530 1666 peccatorum,

102 1698 212 1739 quae
239 1698 318 1738 per
345 1682 498 1723 lavacri
529 1682 701 1734 gratiam
737 1683 781 1723 in
810 1682 939 1725 initiis
970 1685 1105 1727 datur.
1159 1687 1289 1728 Nulla
1307 1689 1529 1743 posthaec

101 1759 293 1815 peccanti
322 1758 632 1808 misericordia,
670 1775 750 1800 nec
789 1760 908 1802 venia
938 1762 1026 1803 ulla
1069 1762 1327 1805 conceditur.
1394 1765 1530 1806 Decet

102 1835 275 1891 quidem
307 1835 570 1879 districtioris
603 1852 689 1879 esse
719 1836 968 1893 disciplinae
1000 1838 1301 1890 Christianum,
1328 1858 1408 1897 pro
1441 1858 1527 1898 quo

103 1912 290 1955 Christus
318 1914 573 1969 mortuus⁵)
605 1925 672 1956 est.
726 1913 813 1955 Pro
845 1914 926 1957 illis
957 1932 1068 1967 oves,
1097 1918 1216 1968 hirci,
1246 1919 1375 1959 boves
1403 1917 1528 1976 jugu-

100 1989 299 2031 labantur
338 2003 378 2032 et
407 2006 519 2042 aves,
559 2001 599 2032 et
638 1989 773 2032 simila
812 1994 1195 2048 conspergebatur:
1243 2012 1325 2051 pro
1364 2007 1406 2036 te
1445 1996 1529 2037 Dei

102 2065 213 2107 filius
241 2065 450 2124 jugulatus
482 2078 551 2117 est,
582 2078 621 2108 et
651 2068 803 2109 iterum
834 2080 876 2110 te
906 2086 1085 2125 peccare
1115 2071 1321 2114 delectat?
1380 2072 1436 2113 Et
1465 2084 1527 2113 ta-

102 2158 225 2193 men,
263 2160 319 2184 ne
355 2143 433 2185 tibi
473 2144 576 2186 haec
613 2160 703 2186 non
734 2156 821 2187 tam
852 2145 1015 2199 erigant
1057 2149 1222 2190 animos
1251 2165 1332 2205 pro
1366 2149 1528 2200 virtute,

222 2288 266 2343 Ι>
302 2287 389 2331 cfr.
422 2288 552 2335 Lex-it.
580 2289 650 2341 lv,
679 2293 747 2334 22.
777 2295 844 2337 23.

217 2358 263 2413 2)
296 2358 405 2401 Cod.
447 2360 839 2413 Sangermanensis:
880 2365 1101 2417 „offeret.“
1172 2364 1290 2406 Libri
1328 2365 1428 2408 editi
1468 2366 1550 2435 (κη.

104 2430 139 2456 c.
170 2415 265 2456 edd.
296 2414 404 2469 M.):
430 2418 653 2465 ,‚0fferat.“
687 2418 736 2459 R.

217 2484 263 2539 3)
295 2483 383 2526 Cfr.
414 2485 566 2528 Matth.
598 2487 646 2537 V,
678 2489 744 2531 13.
775 2515 830 2525 —
860 2488 970 2530 Edd.
1002 2489 1199 2531 Merlini:
1239 2492 1291 2533 ad
1323 2491 1428 2534 nihil
1458 2509 1528 2534 va-

104 2540 161 2581 let
189 2552 268 2587 etc.

218 2610 264 2664 ⁴)
295 2610 404 2652 Edd.
438 2612 632 2655 Merlini:
663 2614 778 2664 „Sed
809 2626 849 2656 et
878 2614 1016 2657 anima
1035 2647 1046 2665 ‚
1074 2615 1225 2672 inquit,
1252 2635 1336 2660 una
1367 2618 1400 2660 si
1431 2636 1530 2675 pec-

102 2667 276 2716 caverit,
317 2683 488 2722 capram
530 2694 582 2702 -—
622 2672 796 2722 offerat,
827 2674 1087 2715 secundum“
1128 2685 1204 2715 etc.
1246 2699 1297 2706 —
1331 2674 1418 2716 Cfr.
1450 2677 1528 2716 Le-

102 2722 171 2763 vit.
204 2724 254 2772 V,
282 2724 350 2766 27.
380 2725 447 2767 28.

219 2792 264 2846 ⁵)
295 2791 415 2834 Mss.:
447 2783 666 2843 ‚Jmortuus
698 2804 797 2840 est.“
854 2797 971 2841 Libri
1004 2798 1104 2841 editi
1135 2801 1195 2855 (v.
1228 2818 1261 2842 c.
1295 2802 1390 2843 edd.
1420 2800 1530 2855 M).

100 2848 294 2899 „oblatus
326 2856 422 2890 est.“
453 2852 502 2900 R,
