1752 3136
226 76 314 121 360
829 75 1050 117 Omemus

227 187 524 244 nitentiam,¹)
553 187 585 230 si
615 188 678 229 his
710 187 859 230 auditis
901 188 1113 242 corrigere
1144 186 1298 241 cogitat
1338 187 1421 231 vias
1459 204 1572 237 suas,
1611 200 1650 230 ct

230 264 423 307 oblivisci
452 265 698 322 praeterita,
739 283 787 308 ac
828 281 1083 322 praeparare
1121 281 1163 307 se
1208 266 1261 306 ad
1292 267 1458 316 futura,
1503 267 1650 308 saltem

229 343 465 384 secundum
496 342 645 384 Achab
674 342 795 386 illum
827 343 1136 401 impiissimum,
1170 343 1223 384 de
1256 359 1342 398 quo
1375 342 1476 385 dicit
1495 343 1652 384 Domi-

227 435 332 460 nus:
360 419 597 477 ‚,vidisti‚²>
633 423 854 477 quomodo
887 433 1198 477 compunctum
1239 433 1298 462 est
1338 437 1414 461 cor
1445 418 1651 461 Achab?“

230 494 317 536 Sed
347 494 391 536 in
422 495 487 538 his
518 497 717 540 omnibus
748 498 851 554 quid
883 499 935 539 de
964 498 1046 540 illis
1082 497 1235 548 dicam,
1267 497 1339 553 qui
1375 514 1454 538 nec
1475 496 1654 538 audiunt

229 572 403 614 auribus
448 574 576 624 haec,
621 591 701 616 nec
735 576 866 616 corde
896 573 1136 631 recipiunt?
1195 575 1319 630 Quae
1348 575 1391 616 in
1422 573 1502 617 illis
1537 590 1655 615 com-

227 649 534 704 punctionibus
582 651 708 707 spes?
762 668 871 707 quae
931 652 1218 693 conversionis
1268 651 1485 708 suspicio?
1543 667 1655 707 quae

230 727 541 770 emendationis
573 727 857 784 exspectatio?
877 728 922 783 ³)
983 728 1029 770 Si
1059 729 1175 769 enim
1208 729 1332 770 etiam
1369 730 1422 770 de
1451 728 1537 778 his,
1582 728 1655 783 qui

230 803 434 853 audiunt,
465 805 731 855 dubitamus,
771 805 870 860 quid
904 821 1120 861 speramus
1155 806 1208 846 de
1240 805 1327 854 his,
1373 806 1447 860 qui
1478 805 1653 849 omnino

230 896 322 920 non
356 881 566 923 audiunt?
627 883 714 924 Sed
746 894 916 924 utamur
945 881 1082 924 verbis
1122 881 1332 932 Domini,
1377 894 1415 923 et
1445 883 1656 924 dicamus:

230 954 366 1012 qui4)
412 958 571 1001 habent
610 976 730 1002 aures
770 959 996 1010 audiendi,
1033 959 1227 1009 audiant,
1276 970 1316 999 et
1348 958 1420 1015 qui
1465 959 1657 1008 audiunt,

228 1032 363 1075 sciant
405 1035 611 1091 scriptum
650 1053 758 1088 esse,
809 1037 927 1093 quia,
977 1053 1074 1078 cum
1118 1053 1345 1078 conversus
1386 1033 1656 1089 ingemueris,

230 1119 334 1152 tunc
362 1112 498 1154 salvus
528 1113 620 1164 eris,
651 1126 692 1155 et
721 1114 822 1157 scies
853 1114 928 1156 ubi
957 1114 1099 1156 fueris.
1148 1114 1217 1164 Et,
1246 1114 1279 1155 si
1312 1112 1462 1154 dixeris
1494 1124 1542 1153 tu
1558 1127 1659 1167 pec-

234 1198 324 1230 cata
355 1199 426 1230 tua
455 1189 597 1246 prior,
637 1207 713 1243 ego
747 1192 968 1233 exaudiam
1007 1203 1048 1232 te
1086 1203 1290 1248 tanquam
1320 1191 1534 1246 populum
1562 1205 1659 1231 san-

234 1275 364 1307 ctum.
422 1266 599 1318 Audisti,
631 1270 870 1324 quomodo,
901 1267 1026 1310 etiam
1056 1268 1090 1309 si
1117 1281 1319 1325 peccator
1339 1268 1464 1318 fuisti,
1494 1279 1659 1308 tantum

232 1342 267 1384 si
298 1359 524 1385 conversus
559 1361 622 1396 es,
655 1356 694 1385 et
724 1345 915 1388 destitisti
946 1363 967 1386 a
999 1359 1202 1402 peccato,
1246 1345 1330 1403 jam
1372 1357 1541 1387 sanctus
1581 1360 1658 1400 ap-

232 1420 434 1475 pellaris?
493 1421 611 1462 Nihil
642 1437 740 1473 ergo
773 1423 1087 1478 desperandum
1121 1435 1179 1464 est
1211 1423 1297 1472 his,
1342 1421 1415 1478 qui
1445 1438 1659 1477 compun-

237 1508 407 1549 guntur,
440 1509 479 1539 et
510 1511 821 1540 convertuntur
853 1502 907 1542 ad
937 1500 1193 1542 Dominum.
1260 1501 1360 1541 Non
1392 1498 1505 1540 enim
1536 1515 1662 1554 supe-

236 1562 302 1614 r⁵at
329 1574 568 1617 bonitatem
599 1575 684 1617 Dei
713 1576 872 1648 maliti}
905 1577 1169 1619 delictorum.

345 1652 385 1695 9.
418 1652 559 1694 Sumit
588 1670 686 1707 ergo
717 1654 908 1709 pontifex
938 1654 1136 1696 batillum
1179 1656 1356 1711 plenum
1402 1653 1660 1696 carbonibus

233 1725 340 1779 ignis
370 1729 424 1771 de
454 1731 591 1781 altari,
619 1733 738 1787 quod
769 1743 828 1772 est
861 1743 1007 1773 contra
1035 1727 1290 1782 Dominum,
1323 1743 1363 1772 et
1393 1732 1543 1787 implet
1571 1748 1664 1773 ma-

232 1821 340 1846 num
370 1822 489 1847 suam
518 1808 572 1848 de
601 1807 776 1850 incenso
808 1808 1130 1864 compositionis
1161 1808 1352 1858 minuto,
1392 1820 1431 1850 et
1458 1809 1587 1850 infert
1614 1808 1661 1850 in

232 1882 438 1924 interiora
476 1883 707 1927 velaminis.
788 1886 1078 1939 Intelligamus
1127 1885 1271 1940 primo
1328 1886 1430 1941 quid
1475 1885 1662 1938 designet

233 1958 424 2009 historia,
456 1972 497 2002 et
524 1972 628 2003 tunc
668 1961 770 2018 quid
809 1979 951 2005 sensus
989 1961 1216 2018 spiritualis
1257 1962 1430 2013 habeat,
1469 1964 1662 2018 require-

234 2053 342 2077 mus.
401 2038 574 2094 Duplex
604 2040 727 2081 aedes
759 2052 816 2082 est
845 2040 1112 2081 tabernaculi
1143 2037 1385 2089 testimonii,
1416 2039 1480 2079 vel
1511 2038 1661 2095 templi

231 2112 429 2157 Domini.
501 2115 646 2157 Prima
687 2128 770 2168 est,
815 2117 860 2158 in
905 2133 987 2173 qua
1022 2117 1153 2158 altare
1193 2117 1544 2159 holocaustorum
1588 2128 1660 2165 est,

237 2192 356 2246 quod
384 2193 601 2249 perpetuis
630 2194 796 2247 ignibus
829 2194 1051 2244 excitatur,
1092 2193 1136 2234 in
1169 2209 1252 2249 qua
1292 2193 1396 2233 aede
1433 2192 1532 2234 solis
1562 2191 1661 2234 licet

236 2268 424 2311 assistere
453 2271 758 2322 sacerdotibus,
788 2283 828 2313 et
858 2270 1165 2312 sacrificiorum
1197 2269 1322 2321 ritus,
1354 2287 1402 2312 ac
1430 2268 1660 2311 ministeria

238 2346 477 2398 celebrare,
505 2359 546 2389 et
574 2364 715 2404 neque
743 2347 919 2399 Levitis,
958 2364 1099 2404 neque
1129 2347 1199 2389 alii
1223 2346 1267 2402 ⁵)
1308 2344 1506 2401 cuiquam
1534 2361 1659 2401 prae-

354 2471 399 2527 ¹)
429 2472 541 2516 Edd.
571 2474 768 2516 Merlini:
798 2474 1118 2532 poenitentiam.
1150 2471 1197 2514 Si
1226 2470 1290 2513 his
1321 2493 1376 2502 ·-—-
1405 2469 1558 2525 cogitet
1578 2480 1655 2517 etc.

351 2541 399 2596 ²)
432 2542 520 2585 Cfr.
550 2544 570 2584 I
600 2545 729 2598 Regg.
759 2546 879 2597 XXI,
909 2545 977 2589 29.
1008 2544 1094 2600 (ΙΙΙ
1123 2543 1249 2596 Regg.

350 2611 399 2665 3)
429 2610 530 2658 Mss.
560 2614 706 2664 „via?“
738 2614 785 2656 R.

355 2679 401 2736 ⁴)
431 2681 521 2725 Cfr.
552 2683 704 2725 Matth.
734 2684 811 2736 XI,
841 2686 906 2730 15.
944 2685 1040 2727 coll.
1073 2684 1112 2727 6.

353 2750 399 2805 5)
428 2750 546 2792 Libri
590 2754 691 2795 editi
739 2755 800 2810 (v.
840 2772 873 2797 c.
916 2757 1011 2799 edd.
1053 2755 1162 2811 M.):
1210 2750 1371 2804 „alicui
1417 2751 1654 2807 unquam.“

238 2807 338 2852 Mss.
369 2807 468 2860 „alii
498 2808 735 2865 cuiquam.“
765 2810 818 2860 R,
