1752 3136
214 137 272 184 88
815 135 1035 181 Omossms

220 250 386 294 dicens:
415 249 655 301 „Dominus
673 248 716 306 ¹)
748 250 899 293 allevat
929 253 982 294 de
1013 263 1123 292 terra
1151 249 1352 306 inopem,
1382 260 1423 291 et
1453 251 1506 291 de
1534 261 1637 292 ster-

221 344 322 370 core
351 327 470 381 erigit
497 332 770 384 pauperem.“
843 328 916 370 Sic
957 344 1054 381 ergo
1094 343 1250 368 manna
1279 326 1398 368 verbi
1426 326 1511 367 Dei
1540 327 1638 367 red-

222 402 284 445 dit
311 403 357 444 in
386 419 461 445 ore
491 415 566 444 tuo
606 421 803 460 saporem
843 421 1141 461 quemcunque
1179 403 1375 446 volueris.
1448 403 1545 444 Hoc
1573 413 1637 443 ta-

218 496 319 521 men
350 481 383 521 si
416 479 507 536 quis
535 469 772 530 infideliter?
791 482 1000 538 suscipiat,
1031 494 1069 524 et
1097 499 1187 523 non
1211 482 1418 530 comedat,
1448 481 1521 522 sed
1544 481 1638 521 abs-

220 557 390 606 condat,
419 574 580 599 vermes
611 575 658 600 ex
697 576 746 600 eo
779 560 1002 603 ebulliunt.
1084 558 1267 600 Putasne
1306 575 1356 599 eo
1402 574 1534 613 usque
1564 558 1639 598 de-

219 633 465 676 ducendum
498 647 557 677 cst
586 638 762 676 verbum
793 636 889 686 Dei,
919 647 965 676 ut
995 635 1118 677 etiam
1148 635 1298 676 vermis
1314 635 1404 676 fieri
1435 633 1639 691 putetur}>

217 711 319 752 Non
348 724 388 753 te
418 712 486 753 hic
525 713 667 752 turbet
706 713 896 758 auditus,
936 713 1034 753 audi
1074 713 1330 767 prophetam
1373 729 1418 752 ex
1456 726 1639 767 persona

216 788 397 830 Domini
428 789 656 829 dicentem:
690 804 792 839 „ego
809 788 854 844 ²)
895 800 1032 828 autem
1064 805 1154 829 sum
1187 789 1336 830 vermis
1368 801 1406 830 et
1436 806 1525 830 non
1557 789 1638 829 ho-

217 871 334 906 m0.“
393 864 511 906 Sicut
540 864 652 906 enim
686 864 774 920 ipse
806 876 883 914 est,
926 864 997 920 qui
1035 865 1083 905 fit
1123 864 1210 906 aliis
1240 866 1285 906 in
1315 867 1504 915 ruinam,
1549 864 1638 906 aliis

219 953 359 983 autem
400 941 445 982 in
486 941 865 983 resurrectionem:
901 941 958 982 ita
1001 953 1039 982 et
1075 941 1165 998 ipse
1197 954 1276 991 est,
1327 942 1398 997 qui
1438 959 1552 982 nunc
1593 941 1638 982 iu
1686 982 1689 988 ,

217 1035 376 1059 manna
405 1019 602 1067 fidelibus
634 1020 808 1075 quidem
834 1019 1015 1060 dulcedo
1048 1019 1195 1067 mellis,
1225 1019 1467 1060 infidelibus
1498 1030 1638 1059 autem

217 1095 369 1138 vermis
401 1095 591 1139 efficitur.
650 1097 743 1152 Ipse
776 1108 833 1138 est
851 1097 962 1137 enim
992 1112 1129 1137 sermo
1162 1096 1256 1147 Dei,
1288 1096 1359 1152 qui
1388 1096 1640 1151 iniquorum

215 1185 379 1214 mentes
409 1174 565 1226 arguit,
597 1185 636 1215 et
666 1174 985 1230 correptionum
1015 1173 1186 1229 spiculis
1227 1185 1503 1229 peccatorum
1535 1190 1639 1214 con-

216 1249 408 1291 scientias
437 1252 632 1292 terebrat.
691 1251 786 1306 Ipse
818 1262 898 1301 est,
941 1251 1014 1307 qui
1056 1262 1094 1292 et
1122 1250 1226 1302 ignis
1258 1252 1437 1293 efficitur
1466 1252 1510 1292 in
1543 1267 1638 1291 cor-

218 1326 342 1368 dibus
380 1327 578 1378 illorum,
637 1327 790 1383 quibus
833 1327 1025 1383 adaperit
1070 1328 1318 1384 scripturas,
1357 1328 1431 1384 qui
1471 1328 1638 1370 dicunt:

215 1420 389 1455 „nonne
405 1403 451 1458 ³)
483 1413 558 1446 co'r
585 1415 779 1446 nostrum
811 1406 962 1446 ardens
994 1417 1081 1446 erat
1109 1404 1219 1445 intra
1247 1422 1340 1455 nos,
1372 1410 1470 1446 cuni
1500 1405 1639 1461 aperi-

215 1491 282 1521 ret
310 1480 436 1522 nobis
465 1481 691 1538 scripturas
703 1480 746 1522 ?“
802 1481 857 1522 Et
896 1478 985 1523 aliis
1013 1481 1102 1537 ipse
1130 1481 1234 1533 ignis
1266 1493 1345 1532 est,
1376 1482 1449 1537 qui
1479 1483 1640 1524 confla-

217 1567 311 1608 grat
337 1556 477 1612 spinas
509 1558 562 1598 de
591 1568 702 1598 terra
733 1558 866 1608 mala,
896 1558 940 1599 id
972 1569 1055 1609 est,
1086 1560 1158 1615 qui
1189 1561 1389 1610 malignas
1421 1558 1641 1612 cogitatio-

216 1649 292 1674 nes
323 1633 367 1674 in
399 1635 530 1675 'corde
561 1635 781 1676 consumit.
840 1635 896 1676 Et
918 1635 1016 1678 ideo
1034 1637 1328 1693 peccatoribus
1349 1635 1534 1692 quidem,
1562 1653 1639 1678 ne-

216 1725 302 1765 que
329 1709 482 1752 vermis
513 1727 689 1764 arguens
705 1710 750 1769 ⁴)
781 1729 970 1768 unquam
1001 1713 1206 1764 moritur,
1234 1730 1374 1769 neque
1403 1713 1507 1765 ignis
1540 1730 1640 1755 exu-
1702 1726 1710 1732 ‘

215 1802 313 1828 rens
343 1787 575 1842 aliquando
604 1788 895 1842 restinguitur3
927 1790 1043 1846 justis
1075 1802 1218 1831 autem
1251 1802 1291 1830 et
1309 1790 1507 1832 fidelibus
1537 1808 1636 1847 per-

214 1875 361 1904 manet
391 1864 522 1906 dulcis
553 1877 592 1906 et
627 1866 773 1908 suavis.
830 1866 1095 1923 ‚,Gustate⁵)
1136 1866 1248 1908 enim
1280 1879 1319 1909 et
1347 1868 1500 1918 videtc‚'
1528 1885 1638 1924 quo-

214 1939 332 1981 niam
363 1941 495 1983 suavis
527 1954 586 1984 est
617 1943 869 1993 Dominus‚“
910 1943 1001 2000 ipse
1031 1945 1244 1986 Dominus
1277 1957 1315 1986 et
1342 1946 1525 1986 salvator
1554 1963 1636 1986 no-

214 2028 300 2058 ster
328 2018 449 2060 Jesus
481 2018 688 2070 Christus,
718 2021 784 2062 cui
816 2032 874 2063 est
903 2012 1037 2074 gloria
1069 2033 1109 2063 et
1136 2022 1366 2078 imperium
1395 2022 1440 2064 in
1470 2024 1636 2064 saecula

210 2091 493 2137 saeculorum.
555 2098 702 2139 Amen.
761 2131 763 2133 -

333 2288 377 2344 1>
410 2289 495 2333 cfr.
525 2291 679 2334 Psalm.
713 2278 869 2344 cxm,
900 2294 936 2337 7.
976 2293 1162 2350 (exn.)
1203 2295 1302 2336 ⁶011.
1341 2294 1474 2335 LXX.
1506 2293 1635 2336 imer-

214 2356 385 2398 pretum
414 2347 618 2390 versione.

329 2415 376 2471 2)
408 2417 561 2458 Psatm.
592 2418 731 2468 XXII,
761 2402 799 2461 72
827 2417 997 2475 (xxi.)

331 2485 378 2539 ³)
407 2485 508 2528 Luc.
538 2488 699 2539 XX1v,
737 2489 805 2532 32.

235 2609 246 2619 ·
281 2608 291 2619 .
332 2552 376 2609 ⁴)
410 2556 546 2599 Alias:
578 2575 781 2612 „arguens
812 2559 959 2615 iniqua
987 2559 1208 2603 moritur.“
1238 2560 1287 2604 R.
1310 2583 1362 2593 -
1384 2559 1495 2602 Edd.
1515 2558 1632 2602 Mer-

215 2609 315 2653 hm:
345 2621 550 2664 „arguens
580 2615 727 2672 inique
756 2616 978 2673 moriturf‘

321 2681 376 2737 v⁵)
406 2682 559 2726 Psalm.
588 2684 794 2736 XXXIV,
822 2686 862 2729 8.
893 2686 1143 2743 (ΧΧΧΙΙΙ.)

1070 2400 1087 2408 s
