1752 3136
222 138 303 182 192
823 136 1044 179 Onmssms

221 268 348 309 quam
377 266 456 307 pro
491 248 783 304 desperatione
814 249 1036 306 dejiciant,
1067 249 1243 298 audisti,
1285 261 1439 305 quanta
1479 250 1559 293 sint
1596 252 1639 294 in

220 331 310 383 lege
338 326 537 370 sacrificia
569 341 648 381 pro
679 326 882 382 peccatis:
923 326 1023 367 audi
1052 343 1190 376 nunc,
1232 339 1414 382 quantae
1454 326 1536 369 sint
1576 345 1641 369 re-

218 405 436 448 missiones
465 415 739 459 peccatorum
770 403 813 444 in
844 403 1090 455 Evangeliis.
1149 404 1224 444 Est
1254 403 1330 445 ista
1368 404 1530 461 prima,
1562 403 1643 460 qua

217 483 484 538 baptizamur
511 479 554 520 in
587 479 877 522 remissionem
908 492 1195 536 peccatorum.
1237 482 1434 523 Secunda
1458 481 1643 523 remissio

220 572 281 601 est
310 559 353 600 in
384 557 579 614 passione
608 556 807 615 martyrii.
865 556 1008 598 Tertia
1041 570 1116 608 est,
1144 575 1251 613 quae
1273 559 1316 613 ¹)
1347 576 1428 615 pro
1461 559 1645 600 eleemo-

219 653 320 695 syna
351 637 486 676 datur.
547 634 663 674 Dicit
694 633 804 673 enim
836 634 1051 675 Salvator:
1096 653 1265 684 „verum
1284 636 1330 691 ²)
1369 648 1511 676 tamen
1551 637 1647 676 date

220 714 548 767 eleemosynam,
579 721 617 749 et
647 724 757 758 ecce,
792 709 935 751 omnia
965 712 1126 752 munda
1157 725 1254 754 sunt
1283 713 1442 754 vobis.“
1486 715 1646 774 Quarta

218 789 344 829 nobis
375 787 421 827 fit
452 784 640 827 remissio
670 796 944 839 peccatorum
986 802 1064 840 per
1093 787 1198 835 hoc,
1232 790 1350 844 quod
1390 801 1428 830 et
1470 806 1550 830 nos
1582 806 1647 830 re·

220 864 425 905 mittimus
466 872 638 917 peccata
676 860 876 902 fratribus
913 862 1078 904 nostris.
1157 863 1227 904 Sic
1268 865 1381 905 enim
1420 865 1521 906 dicit
1558 866 1646 921 ipse

220 939 436 982 Dominus
469 950 507 979 et
525 938 718 979 Salvator
746 950 904 988 noster,
935 937 1032 994 quia
1064 940 1184 995 „si3)
1224 940 1464 982 remiseritis
1480 941 1525 995 ⁴)
1564 943 1648 983 fra-

220 1018 355 1059 tribus
385 1015 527 1057 vestris
559 1031 605 1056 ex
637 1016 767 1056 corde
797 1027 969 1070 peccata
1000 1016 1215 1071 ipsorum,
1246 1029 1284 1058 et
1315 1016 1434 1058 vobis
1466 1017 1650 1059 remittet

220 1107 342 1151 pater
371 1105 502 1135 vester
529 1104 700 1148 peccata
730 1103 878 1134 vestra.
940 1092 1072 1147 Quod
1112 1093 1145 1134 si
1176 1110 1265 1134 non
1296 1094 1536 1136 remiseritis
1566 1097 1650 1136 sra-

219 1173 355 1213 (ribus
385 1170 526 1211 vestris
558 1186 603 1209 ex
637 1169 790 1219 corde,
829 1186 908 1210 nec
950 1170 1068 1211 vobis
1107 1170 1290 1212 remittet
1322 1183 1442 1226 pater
1470 1183 1602 1212 vester
1615 1175 1650 1212 :“

225 1260 265 1289 et
292 1247 398 1289 sicut
426 1247 470 1288 in
503 1245 698 1287 oratione
736 1263 816 1287 nos
847 1246 986 1287 dicere
1025 1246 1194 1288 docuit:
1233 1247 1424 1296 „remitte
1442 1248 1486 1303 ⁵)
1525 1248 1650 1290 nobis

224 1324 365 1366 debita
395 1336 551 1373 nostra,
578 1323 686 1364 sicut
717 1334 756 1364 et
783 1339 863 1364 nos
893 1323 1143 1364 remittimus
1162 1324 1428 1366 debitoribus
1457 1325 1651 1366 nostris.“

226 1403 386 1457 Quinta
417 1412 693 1457 peccatorum
723 1400 911 1442 remissio
944 1412 1015 1450 est,
1046 1417 1142 1440 cum
1163 1402 1413 1442 converterit
1428 1403 1519 1456 quis
1550 1418 1649 1457 pec-

226 1490 413 1520 catorem
445 1478 498 1518 ab
530 1493 675 1518 errore
703 1476 794 1518 viae
823 1493 934 1519 suae.
979 1476 1040 1516 Ita
1072 1478 1186 1518 enim
1217 1477 1320 1518 dicit
1349 1477 1554 1533 scriptura
1587 1478 1650 1519 di—

224 1555 332 1604 vina,
363 1553 461 1610 quia
500 1552 662 1609 ‚,qui5)
715 1543 903 1594 converti
942 1554 1088 1594 fecerit
1125 1566 1391 1610 peccatorem
1423 1555 1475 1595 ab
1508 1571 1652 1596 errore

224 1632 315 1672 viae
341 1647 453 1681 suae,
483 1632 612 1672 salvat
642 1630 888 1686 animam7)
919 1629 1007 1687 ejus
1038 1647 1060 1671 a
1084 1643 1236 1680 morte,
1268 1644 1309 1672 et
1331 1632 1524 1687 cooperit
1541 1634 1652 1674 mul-

225 1708 451 1749 titudinem
488 1712 807 1763 peccatorum.“
883 1708 1006 1748 Sexta
1051 1724 1224 1763 quoque
1263 1710 1311 1750 fit
1346 1700 1532 1750 remissio
1575 1726 1652 1766 per

226 1785 533 1826 abundantiam
565 1783 766 1833 caritatis,
809 1782 917 1825 sicut
957 1796 997 1824 et
1035 1784 1124 1840 ipse
1154 1785 1370 1826 Dominus
1403 1785 1520 1825 dicit:
1563 1786 1649 1835 „A-

225 1861 384 1916 mens)
416 1860 512 1902 dico
543 1860 642 1910 tibi,
680 1859 953 1901 remittuntur
984 1860 1020 1901 ei
1051 1873 1223 1916 peccata
1254 1863 1407 1912 multa,
1447 1862 1651 1918 quoniam

228 1938 370 1980 dilexit
399 1938 623 1979 multum.“
679 1937 734 1979 Et
766 1938 994 1993 Apostolus
1026 1937 1143 1978 dicit:
1184 1939 1412 1993 „quoniam
1429 1939 1474 1992 9)
1505 1939 1652 1981 caritas

228 2015 421 2072 cooperit
455 2014 771 2057 multitudinem
810 2020 1132 2071 peccatorum.“
1213 2014 1287 2056 Est
1334 2017 1472 2057 adhuc
1513 2027 1552 2058 et
1587 2033 1651 2059 se-

347 2174 388 2231 ¹)
419 2175 561 2216 Editio
579 2174 752 2217 Merlini
773 2187 813 2216 et
843 2174 952 2218 Cod.
971 2173 1076 2215 'Msm
1097 2173 1487 2226 sangermanensis:
1516 2191 1651 2230 „quae

225 2250 305 2288 pro
349 2234 615 2289 eleemosyna
655 2233 828 2273 datur:“
872 2231 1174 2272 Genebrardus
1216 2242 1376 2271 autem:
1408 2247 1545 2286 „quae
1577 2248 1654 2286 per

229 2291 535 2345 eleemosynam
572 2290 734 2328 datur.“
776 2287 914 2328 Codd.
950 2286 1228 2328 Cadomensis
1261 2299 1299 2328 et
1330 2287 1651 2329 Gemeticensis:

227 2361 364 2401 „quae
393 2361 471 2400 per
501 2345 787 2402 eleemosynas
819 2345 982 2389 datur.“
1012 2343 1062 2384 R.

341 2415 389 2469 2>
417 2415 519 2457 Luc.
548 2415 624 2465 XI,
655 2415 723 2456 41.

343 2485 389 2539 ³)
423 2484 510 2525 cfr.
541 2484 694 2525 Mani„
727 2483 797 2533 vl,
829 2483 893 2525 14.
926 2483 991 2524 15.

343 2553 389 2610 ⁴)
422 2555 543 2597 Mss.:
573 2552 877 2603 „remiseritis-5⁶
935 2552 1052 2594 Libri
1092 2552 1191 2594 editi
1231 2551 1289 2607 (e.
1329 2567 1362 2594 c.
1403 2551 1496 2592 edd.
1543 2551 1651 2606 M.):

226 2609 528 2662 „dimiseritis.“
558 2611 608 2651 R.

344 2679 389 2735 ⁵)
419 2679 570 2720 Matth.
603 2682 678 2730 VI,
709 2684 775 2725 12.
895 2678 942 2733 ὃ>
973 2679 1124 2720 Jacob.
1154 2677 1205 2726 V,
1233 2676 1300 2719 20.

344 2749 389 2805 ⁷)
425 2748 534 2792 Cod.
579 2748 970 2802 Sangermanensis:
1014 2748 1227 2798 „animam
1260 2763 1282 2787 a
1321 2750 1498 2790 morte.“
1537 2744 1651 2787 Libri

229 2806 328 2848 editi
357 2806 417 2861 (v,
449 2823 482 2846 c.
517 2806 611 2847 edd.
641 2806 747 2862 M.):
777 2806 989 2857 „animam
1025 2803 1112 2859 ejus
1144 2820 1166 2844 a
1197 2807 1374 2847 morte.“
1404 2804 1456 2849 R.

342 2875 388 2929 e>
418 2875 519 2917 Luc.
551 2875 644 2926 vn,
672 2876 739 2918 47.
863 2874 909 2930 9)
938 2874 957 2914 1
985 2874 1098 2916 Pctr.
1130 2873 1200 2926 lv,
1233 2872 1272 2915 8.
