1752 3136
541 136 588 167 m
616 127 815 167 Exomm
844 120 1046 162 Homnm
1074 118 1187 160 VIII.
1517 118 1575 165 93

159 239 343 292 Angelos
373 236 521 293 igitur,
553 235 704 292 quibus
735 234 936 286 regendas
966 243 1107 284 gentes
1139 230 1349 274 commisit
1379 235 1574 287 excelsus,

157 319 223 358 vel
253 318 355 358 deos
386 312 613 372 appellari,
651 310 777 366 vel¹)
817 310 1015 352 dominos
1047 320 1227 351 constat:
1266 311 1369 351 deos
1400 311 1518 366 quasi
1548 329 1574 353 a

157 393 253 433 Deo
286 393 416 440 datos,
448 402 486 431 et
517 390 726 436 dominos,
756 387 872 444 quasi
903 404 926 427 a
956 386 1150 428 Domino
1184 386 1320 427 sortiti
1348 386 1431 428 sint
1447 399 1573 443 pote-

156 480 315 510 statem.
375 467 503 508 Unde
535 479 574 507 et
602 465 832 514 Dominus,
866 464 1036 505 dicebat
1068 465 1119 504 ad
1152 464 1344 514 angelos,
1379 463 1569 518 quinon

155 555 424 586 servaverunt
452 560 573 584 suum
606 543 911 600 principatum:
943 539 1121 593 „Ego²)
1154 539 1257 580 dixi:
1300 540 1357 580 dii
1388 541 1503 590 estis,
1534 553 1574 582 et

155 621 230 662 filii
261 619 408 661 excelsi
441 612 600 660 omnes}
658 619 747 659 Vos
781 631 918 658 autem
949 629 995 658 ut
1025 617 1220 658 homines
1242 616 1497 667 moriemini,
1530 630 1573 659 et

151 698 258 738 sicut
286 714 394 738 unus
426 698 478 737 de
508 694 773 751 principibus
806 695 1007 736 cadetis:“
1042 695 1252 737 imitantes
1291 694 1448 734 scilicet
1479 695 1573 735 dia-

152 774 315 823 bolum,
347 773 419 829 qui
449 775 646 830 princeps
679 772 868 813 omnium
901 774 1034 813 factus
1060 783 1117 813 est
1143 772 1195 812 ad
1215 771 1394 813 ruinam.
1442 771 1574 812 Unde

153 862 326 900 constat,
358 853 475 906 quod
506 850 758 891 execrabiles
786 850 881 890 illos
911 850 1010 891 fecit
1039 847 1357 905 praevaricatio,
1385 866 1475 889 non
1494 866 1572 890 na—

153 939 260 968 tura.
322 927 422 969 Tibi
453 943 565 978 ergo,
598 943 622 967 o
654 927 840 981 populus
870 944 988 967 meus
1019 926 1158 976 Israel,
1190 924 1271 981 qu'r
1291 941 1388 980 pars
1407 925 1488 966 Dei
1519 942 1574 976 es,

154 1005 225 1058 qui
256 1003 468 1051 funiculas
500 1004 766 1044 haereditatis
799 1002 886 1059 ejus
917 1005 1088 1044 effectus
1121 1020 1182 1051 ες,
1226 1002 1375 1057 110113)
1406 1014 1573 1052 ‚,erunt,

153 1079 310 1135 inquit,
348 1079 417 1120 alii
455 1080 529 1120 Dii
569 1091 738 1135 praeter
773 1085 890 1120 me:“
931 1079 1028 1136 quia
1068 1095 1164 1119 vere
1203 1078 1322 1120 Deus
1362 1096 1471 1120 unus
1511 1091 1573 1121 est

152 1157 283 1205 Deus,
318 1167 357 1196 ct
386 1172 482 1196 vere
509 1156 724 1198 Dominus
753 1173 862 1198 unus
892 1169 951 1197 est
980 1156 1209 1196 Dominus.
1265 1154 1427 1198 Ceteris
1458 1173 1574 1207 vero,

152 1232 225 1289 qui
255 1234 307 1274 ab
338 1232 431 1289 ipso
463 1233 590 1274 creati
621 1245 728 1282 sunt,
760 1234 940 1274 contulit
959 1250 1121 1274 nomen
1146 1232 1259 1274 istud
1287 1250 1378 1274 non
1406 1244 1574 1285 natura,

151 1301 396 1363 sed-gratia.
475 1311 635 1351 Verum
674 1326 729 1351 ne
768 1309 970 1351 existimes
1009 1311 1112 1350 haec
1151 1312 1409 1352 tantum-ad
1448 1312 1572 1353 illum

153 1386 236 1428 dici
264 1388 404 1436 Israel,
436 1386 508 1442 qui
537 1388 773 1428 secundum
806 1404 974 1428 carnem
1005 1399 1130 1428 natus
1168 1398 1237 1429 est.
1307 1387 1449 1428 Multo
1481 1405 1575 1429 ma-

153 1464 211 1515 gis
242 1465 346 1504 haec
377 1466 430 1505 ad
460 1475 500 1503 te
526 1464 737 1513 dicuntur,
768 1463 839 1519 qui
857 1464 985 1504 lsrael
1014 1465 1188 1505 effectus
1211 1480 1251 1504 es
1270 1477 1412 1505 mente
1431 1465 1574 1507 Deum

152 1541 352 1590 videndo,
383 1551 423 1580 et
453 1540 722 1581 circumcisus
753 1557 793 1581 es
825 1543 968 1589 corde,
998 1557 1087 1581 non
1119 1557 1255 1581 carne.
1327 1542 1437 1582 Nam
1472 1553 1510 1582 et
1539 1540 1575 1584 si

153 1617 198 1658 in
231 1634 356 1658 carne
385 1628 526 1670 gentes
557 1633 721 1665 sumus,
762 1616 806 1657 in
834 1617 996 1672 -spiritu
1026 1618 1154 1658 Israel
1185 1634 1350 1669 sumus,
1393 1631 1574 1675 propter

154 1710 263 1744 eum,
296 1695 367 1749 qui
398 1693 521 1734 dixit:
550 1705 672 1749 „pete
689 1692 734 1749 4)
767 1711 788 1734 a
818 1709 900 1742 me,
933 1705 971 1734 et
1001 1695 1115 1735 dabo
1146 1693 1224 1736 tibi
1256 1708 1397 1748 gentes
1423 1697 1573 1738 haerc-

102 1798 107 1805 =
153 1769 325 1812 ditatem
355 1782 495 1819 tuam,
526 1780 567 1810 et
595 1769 903 1825 possessionem
935 1783 1050 1811 tuam
1081 1771 1287 1813 terminos
1315 1779 1502 1815 terrae:“
1532 1785 1573 1815 et

151 1859 330 1904 propter
360 1864 469 1897 eum,
501 1848 574 1902 qui
599 1846 752 1888 iterum
775 1848 898 1889 dixit:
939 1847 1166 1904 ‚‚Pater⁵),
1198 1849 1340 1891 omnia
1371 1857 1465 1892 mea
1498 1861 1573 1893 tua

153 1937 261 1974 sunt,
292 1937 331 1965 et
358 1936 431 1965 tua
462 1940 554 1965 mea
584 1936 702 1974 sunt,
745 1936 784 1965 et
814 1925 1069 1977 glorificatus
1099 1943 1192 1966 sum
1221 1926 1266 1967 in
1296 1927 1408 1968 his:“
1446 1927 1480 1968 si
1509 1939 1573 1968 ta-

151 2018 252 2041 men
280 2001 336 2041 ita
369 2017 485 2052 agas,
515 2013 561 2042 ut
591 2003 738 2054 dignus
770 2002 821 2043 sis
852 2019 949 2058 pars
983 2020 1068 2044 esse
1098 2002 1204 2054 Dei,
1235 2015 1274 2044 et
1302 2003 1346 2044 in
1378 2005 1571 2046 funiculo

151 2077 418 2119 haereditatis
450 2077 536 2136 ejus
566 2079 716 2121 metiri.
775 2078 950 2135 Alloqui
984 2081 1016 2121 si
1040 2081 1212 2132 indIgne
1242 2096 1347 2132 agas,
1379 2083 1571 2136 exemplo

152 2154 233 2196 sint
261 2154 338 2197 tibi
367 2155 448 2205 illi,
496 2157 568 2211 qui
607 2157 661 2196 ad
699 2156 783 2197 hoc
822 2157 958 2198 vocati
988 2159 1179 2206 fuerant,
1225 2170 1272 2198 ut
1312 2169 1446 2199 essent
1474 2174 1572 2213 pars

152 2233 250 2280 Dei,
281 2243 321 2272 et
349 2231 530 2288 peccatis
558 2232 642 2274 suis
672 2233 755 2274 hoc
785 2246 1045 2284 meruerunt,
1073 2247 1121 2275 ut
1137 2235 1477 2290 dispergerentur
1494 2251 1572 2290 per

156 2325 302 2350 omnes
334 2320 484 2360 gentes.
541 2309 596 2350 Et
626 2309 698 2366 qui
727 2310 843 2366 prius
874 2313 1013 2353 educti
1041 2314 1210 2353 fuerant
1239 2313 1292 2352 de
1322 2312 1453 2353 domo
1483 2328 1572 2354 ser-

153 2385 316 2436 vitutis,
346 2403 462 2427 nunc
493 2404 682 2437 rursum,
712 2413 762 2421 —
795 2388 893 2445 quia
937 2389 1096 2446 ‚‚qui5)
1126 2399 1296 2445 peccat,
1331 2405 1472 2431 servus
1512 2401 1571 2432 est

270 2532 315 2587 1)
343 2532 422 2574 Ε(].
452 2533 587 2574 Ruaei
617 2534 730 2576 sola:
763 2547 814 2577 et.

269 2599 315 2656 2)
347 2602 499 2644 Psalm.
528 2603 748 2657 LXXXII,
778 2605 815 2648 6.
847 2606 884 2648 7.
915 2605 1161 2661 (LXXXI.)

265 2671 316 2736 ,3)
346 2672 482 2715 Exod.
518 2670 632 2724 XX,
666 2675 706 2717 3.
737 2697 791 2705 —-
821 2675 932 2718 Edd.
962 2675 1163 2718 Merlini:
1203 2692 1294 2718 non
1326 2689 1450 2719 erunt
1478 2677 1570 2729 tihi,

155 2726 294 2784 inquit
326 2739 402 2770 etc.

270 2796 317 2853 ⁴)
346 2798 501 2840 Psalm.
531 2798 584 2849 Π,
612 2798 652 2842 8.
771 2799 817 2855 ⁵)
845 2801 922 2844 Ev.
951 2803 1109 2846 Joann.
1140 2803 1277 2857 XVII,
1305 2806 1370 2851 10.

269 2867 315 2923 ⁶)
344 2868 418 2911 Ev.
446 2869 605 2912 Joann.
636 2869 750 2922 VIII,
777 2871 844 2915 34.
