1752 3136
278 124 364 170 294
875 124 1100 169 Omenms

283 238 478 280 adversus
506 234 715 291 spiritum,
744 246 786 277 et
812 235 981 293 spiritus
1000 237 1195 278 adversus
1217 251 1402 287 carnem,
1433 247 1474 278 et
1502 238 1700 280 nondum

281 312 405 369 potui
442 311 650 370 subjicere
689 329 861 355 carnem
900 313 1087 370 spiritui,
1141 313 1354 371 subjectus
1396 312 1568 369 quidem
1606 331 1701 356 sum

282 390 395 440 Deo,
424 406 571 431 verum
600 406 691 431 non
720 406 768 431 ex
796 389 976 443 integro,
1007 392 1080 433 sed
1113 407 1158 432 ex
1189 403 1321 448 parte.
1380 389 1426 432 Si
1458 402 1598 431 autem
1623 407 1704 446 po-

282 478 406 507 tuero
436 466 563 508 etiam
602 483 773 509 carnem
813 483 978 519 meam,
1021 479 1062 510 et
1103 468 1249 510 omnia
1293 469 1487 509 membra
1526 482 1620 507 mea
1659 465 1705 506 in

283 544 608 586 consonantiam
636 544 807 601 spiritus
835 546 1025 596 trahere,
1064 557 1167 587 tunc
1197 548 1383 602 perfecte
1412 543 1591 586 videbor
1620 558 1708 585 esse

283 618 510 678 subjectus.
569 621 616 664 Si
645 620 894 670 intellexisti,
925 621 1028 677 quid
1056 621 1107 663 sit
1138 638 1185 663 ex
1215 634 1348 679 parte,
1378 634 1418 663 et
1449 621 1553 678 quid
1581 619 1632 662 sit
1660 635 1708 661 ex

283 697 448 748 integro
481 714 567 739 esse
596 696 847 753 subjectum,
876 698 969 739 redi
997 714 1113 739 nunc
1143 710 1183 739 et
1213 701 1266 740 ad
1296 699 1354 748 id,
1385 700 1504 755 quod
1535 699 1588 739 de
1605 697 1708 739 sub-

282 769 469 828 jectione
496 771 676 813 Domini
704 773 1032 829 proposuimus,
1063 786 1103 816 et
1131 775 1247 825 vide,
1279 775 1400 831 quia,
1431 792 1526 816 cum
1561 790 1710 816 omnes

284 864 441 903 corpus
471 847 601 904 ipsius
633 860 674 890 et
702 852 897 891 membra
928 866 1014 893 esse
1047 850 1252 901 dicamur,
1283 853 1423 893 donec
1451 864 1549 892 sunt
1577 849 1708 906 aliqui

283 923 329 965 in
359 924 509 977 nobis,
541 925 614 983 qui
643 928 841 970 nondum
872 929 1060 982 perfecta
1098 925 1368 984 subjectione
1397 927 1576 984 subjecti
1600 939 1711 977 sunt,

283 1000 377 1058 ipse
406 1001 562 1045 dicitur
589 1020 680 1045 non
712 1020 797 1046 esse
826 1002 1052 1062 subjectus.
1113 1004 1225 1047 Cum
1256 1021 1356 1047 vero
1389 1019 1712 1048 consummave-

283 1078 337 1121 rit
372 1084 480 1136 opus
505 1096 643 1130 suum,
673 1093 714 1122 et
739 1080 977 1124 universam
1005 1094 1242 1138 creaturam
1265 1097 1383 1124 suam
1414 1083 1469 1124 ad
1497 1098 1710 1124 summam

284 1157 558 1213 perfectionis
589 1159 830 1208 adduxerit,
869 1171 971 1200 tunc
1000 1158 1090 1215 ipse
1121 1159 1286 1201 dIcetur
1316 1159 1530 1217 subjectus
1558 1158 1602 1199 in
1633 1158 1710 1208 his,

283 1250 391 1290 quos
421 1233 610 1276 subdidit
637 1234 759 1291 patri,
791 1247 831 1277 et
859 1236 903 1278 in
934 1235 1088 1292 quibus
1118 1253 1238 1292 opus,
1269 1237 1388 1292 quod
1421 1235 1458 1277 ei
1484 1247 1606 1292 pater
1636 1237 1710 1277 de-

285 1313 417 1362 derat,
449 1312 769 1362 consummavit,
797 1324 844 1353 ut
873 1312 925 1354 sit
953 1313 1072 1353 Deus
1104 1312 1248 1353 omnia
1279 1314 1324 1354 in
1354 1312 1566 1354 omnibus.
1625 1313 1710 1354 Ve-

284 1406 380 1430 rum
412 1389 517 1430 haec
547 1405 753 1445 quorsum
782 1387 1006 1446 spectant?
1065 1389 1126 1430 Ut
1165 1389 1446 1440 intelligamus
1474 1389 1541 1440 id,
1591 1390 1711 1446 quod

285 1482 414 1521 supra
441 1467 730 1517 tractavimus,
770 1467 993 1522 quomodo
1023 1482 1115 1507 non
1144 1465 1256 1506 bibit
1285 1466 1453 1516 vinum,
1491 1467 1557 1507 vel
1598 1483 1708 1522 quo-

283 1543 418 1584 modo
448 1541 570 1592 bibit,
600 1556 827 1600 antequam
851 1544 1026 1586 intraret
1043 1543 1087 1585 in
1111 1544 1452 1594 tabernaculum,
1481 1533 1712 1598 antequam

286 1620 506 1662 accederet
536 1621 589 1662 ad
619 1622 761 1663 altare.
819 1620 923 1663 Non
953 1620 1064 1662 bibit
1093 1632 1234 1663 autem
1263 1635 1393 1670 nunc,
1424 1619 1521 1676 quia
1553 1619 1713 1662 adsistit

285 1696 430 1749 altari,
471 1709 512 1739 et
541 1698 657 1750 luget
683 1709 856 1754 peccata
894 1713 1013 1740 mea:
1051 1700 1093 1739 et
1130 1714 1298 1740 rursum
1337 1696 1457 1738 bibet
1495 1697 1710 1754 posthaec,

287 1791 385 1816 cum
413 1774 602 1831 subjecta
633 1775 676 1817 ei
700 1774 860 1816 fuerint
891 1774 1049 1824 omnia,
1079 1785 1120 1816 et
1146 1773 1311 1816 salvatis
1336 1773 1535 1815 omnibus
1556 1790 1605 1816 ac
1636 1776 1712 1815 de-

283 1863 441 1894 structa
469 1863 608 1893 morte
637 1851 811 1908 peccati,
843 1852 954 1894 ultra
985 1849 1070 1908 jam
1100 1850 1382 1893 necessarium
1410 1867 1500 1892 non
1532 1851 1610 1892 erit
1639 1853 1710 1892 of-

283 1931 396 1971 ferre
424 1928 581 1971 hostias
610 1946 691 1987 pro
729 1941 918 1985 peccato.
986 1928 1111 1970 Tunc
1149 1927 1261 1969 enim
1306 1929 1405 1991 erit¹
1428 1927 1629 1980 gaudium
1671 1939 1711 1969 et

285 2007 465 2056 laetitia,
504 2019 544 2049 et
580 2019 684 2048 tunc
723 2006 1077 2062 „exsultabunt¹)
1118 2022 1208 2047 ossa
1247 2005 1463 2046 humiliata
1477 2011 1513 2055 ,“
1552 2016 1592 2046 et
1626 2004 1709 2045 im-

285 2086 473 2143 plebitur
500 2085 621 2134 illud,
653 2085 772 2140 quod
800 2083 1004 2141 scriptum
1044 2094 1123 2125 est:
1161 2081 1435 2138 ,‚ausugiet²)
1475 2082 1625 2132 dolor,
1667 2093 1708 2123 et

283 2162 461 2213 tristitia,
492 2174 531 2204 et
558 2162 774 2216 gemitusf‘
834 2160 920 2202 Sed
952 2172 992 2202 et
1020 2160 1129 2202 illud
1157 2176 1248 2200 non
1280 2158 1545 2209 omittamus,
1587 2159 1707 2214 quod

282 2258 374 2282 non
402 2242 543 2282 solum
573 2241 628 2282 de
658 2218 806 2281 Aaron
837 2237 1005 2288 dicitur,
1034 2249 1082 2278 ut
1109 2253 1201 2278 non
1231 2235 1351 2278 bibat
1369 2235 1529 2287 vinum,
1561 2236 1635 2278 sed
1667 2246 1708 2276 et

285 2320 339 2360 de
369 2318 464 2359 filiis
496 2316 599 2375 ejus,
630 2334 726 2358 cum
756 2315 1053 2370 ingrediuntur
1082 2315 1134 2356 ad
1162 2324 1317 2356 sancta.
1366 2314 1572 2354 Nondum
1593 2311 1706 2353 enim

281 2407 534 2452 receperunt
563 2395 766 2438 laetitiam
794 2409 982 2435 suamne
1009 2391 1208 2449 Apostoli
1232 2389 1419 2446 quidem,
1448 2392 1523 2431 sed
1557 2400 1596 2430 et
1626 2388 1705 2444 ipsi

285 2483 537 2527 exspectant,
565 2483 613 2512 ut
645 2483 683 2513 et
713 2486 788 2523 ego
821 2469 1001 2511 laetitiae
1034 2485 1185 2510 eorum
1214 2466 1427 2523 particeps
1449 2467 1563 2507 fiam,
1621 2467 1707 2506 Ne-

284 2564 366 2603 que
397 2549 509 2589 enim
540 2549 791 2590 decedentes
820 2548 920 2588 hinc
949 2547 1102 2598 sancti,
1144 2544 1349 2587 continuo
1379 2543 1540 2596 integra
1571 2541 1700 2583 meri-

284 2637 427 2666 torum
480 2643 656 2668 suorum
707 2624 898 2682 praemia
947 2634 1290 2679 consequuntur:
1339 2621 1415 2663 sed
1466 2629 1705 2676 exspectant

282 2701 407 2744 etiam
437 2719 536 2752 nos,
577 2702 673 2744 licet
709 2713 947 2753 morantes,
985 2702 1083 2744 licet
1119 2699 1295 2741 desides.
1367 2698 1469 2739 Non
1499 2696 1611 2740 enim
1644 2707 1704 2739 est

402 2874 445 2933 ¹)
475 2875 629 2920 Psalm.
657 2876 726 2927 LI,
754 2876 794 2920 8.
825 2876 921 2933 (L.)
1043 2876 1090 2932 ²)
1118 2873 1243 2918 Jesai.
1276 2874 1460 2925 XXXV,
1490 2873 1556 2915 10.
