1752 3136
224 137 310 182 436
833 136 1057 181 Omossms

227 249 433 307 sapientia
462 249 625 302 lignum
657 249 763 291 vitae
794 262 865 301 cst,
895 251 984 293 sine
1016 251 1151 293 dubio
1185 263 1224 293 ct
1254 252 1369 295 aliud
1401 253 1561 307 lignum
1595 268 1655 297 cst

227 327 504 385 prudentiae,
535 339 574 368 et
603 327 720 370 aliud
750 327 970 379 scientiae,
1012 341 1051 370 et
1092 329 1207 371 aliud
1248 328 1442 386 justitiae.
1503 332 1657 388 'Neque

227 407 342 448 enim
375 416 685 462 consequenter
715 405 880 456 dicitur,
901 405 944 462 Ι)
977 423 1023 448 ex
1047 407 1247 449 omnibus
1270 406 1489 449 virtutibus
1519 411 1657 450 solam

224 482 478 540 sapientiam
508 482 729 534 meruisse,
773 501 882 540 quae
922 484 1085 538 lignum
1124 484 1232 526 vitae
1271 485 1457 535 dicatur,
1502 499 1659 528 ceteras

229 572 372 602 autem
403 560 572 603 virtutes
610 576 883 617 nequaquam
918 562 1066 604 similis
1104 562 1227 604 sortis
1264 562 1494 618 suscepisse
1531 581 1658 604 voca-

227 640 343 680 bula.
386 637 607 695 „Ligna²)
640 655 738 692 ergo
765 639 903 695 campi
934 641 1099 696 dabunt
1115 642 1301 681 fructum
1331 645 1498 683 suum.“
1548 641 1658 691 Hoc,

231 717 391 766 credo,
436 716 490 757 de
526 732 571 757 se
607 716 814 758 sentiebat
856 728 895 758 et
934 718 1083 758 heatus
1124 717 1284 767 David,
1331 735 1428 758 cum
1469 718 1658 761 dicebat:

228 794 397 848 „ego³)
438 805 579 834 autem
618 794 726 835 sicut
764 795 874 836 oliva
913 793 1130 835 fructifera
1169 794 1214 835 in
1255 796 1387 836 domo
1418 796 1539 838 Dei.“
1597 796 1659 836 Ex

230 888 317 926 quo
349 869 571 912 manifeste
602 872 809 923 ostendit,
846 873 1008 925 lignum
1041 871 1177 913 olivae.
1206 870 1364 929 justum
1397 884 1436 914 ct
1467 885 1659 916 sanctum

228 947 451 990 hominem
482 948 577 991 dici.

343 1028 382 1070 5.
413 1027 496 1077 „Et
512 1026 558 1082 ¹²)
589 1028 925 1082 comprehendet
965 1027 1084 1069 vobis
1121 1027 1333 1070 trituratio
1364 1026 1662 1070 vindemiam.“

232 1105 279 1146 Si
307 1106 562 1147 seminatum
594 1116 654 1146 est
683 1103 727 1145 in
759 1104 899 1147 anima
939 1122 1084 1147 semen
1114 1107 1305 1155 bonum,
1345 1119 1384 1148 et
1414 1119 1605 1161 suscepta
1638 1124 1661 1147 a

232 1183 329 1224 Deo
362 1180 507 1239 pluvia
540 1181 682 1231 crevit,
715 1194 754 1222 ct
785 1183 896 1224 venit
927 1185 980 1224 ad
1011 1184 1197 1239 spicam,
1243 1183 1480 1225 necessario
1514 1200 1663 1225 conse-

233 1272 389 1316 quetur
419 1272 459 1301 et
487 1258 649 1302 messis:
683 1271 721 1300 et
751 1258 784 1300 si
820 1259 984 1311 messis,
1017 1273 1302 1316 consequetur
1331 1261 1455 1302 etiam
1486 1260 1663 1302 tritura—

232 1337 306 1387 tio,
337 1338 380 1378 in
414 1355 497 1393 qua
532 1339 746 1378 frumenta
786 1350 1034 1393 purgentur.
1108 1339 1281 1380 Etenim
1323 1339 1511 1388 animae,
1553 1354 1662 1393 quae

232 1415 453 1467 germinat,
484 1431 531 1455 ex
560 1416 691 1455 verbo
727 1414 808 1455 Dei
848 1425 887 1456 ct
929 1415 1099 1458 coelesti
1142 1416 1285 1471 pluvia
1327 1415 1458 1467 rigata
1488 1431 1661 1468 germen

231 1492 435 1548 producit
467 1492 521 1532 ad
552 1508 750 1542 messem,
790 1509 962 1535 necesse
996 1505 1077 1544 est,
1116 1505 1163 1534 ut
1202 1493 1292 1549 ipsa
1323 1493 1489 1543 messis,
1535 1509 1663 1548 quam

231 1571 411 1625 profert,
440 1581 646 1625 purgetur
673 1570 718 1611 in
751 1586 860 1621 area,
890 1571 934 1612 id
966 1582 1040 1621 est,
1069 1583 1116 1612 ut
1144 1587 1303 1621 sensus,
1335 1588 1441 1627 quos
1473 1571 1665 1623 genuerit

234 1648 389 1696 anima,
419 1646 463 1687 in
494 1647 685 1690 medium
716 1650 932 1705 proferat,
980 1661 1020 1690 et
1049 1649 1134 1691 sive
1165 1665 1263 1690 cum
1295 1648 1442 1690 ceteris
1475 1648 1663 1690 dot-tori-

233 1725 327 1774 bus,
360 1723 445 1766 sive
476 1725 602 1767 etiam
635 1744 733 1768 cum
764 1727 876 1783 ipsis,
910 1743 1018 1782 quae
1040 1726 1178 1777 sentit,
1206 1726 1355 1768 divinis
1376 1726 1664 1768 voluminibus

234 1803 449 1844 conserat:
491 1816 538 1845 ut
575 1804 608 1847 si
650 1805 753 1860 quid
783 1804 826 1845 in
859 1803 907 1845 iis
937 1803 1063 1845 inane
1094 1815 1135 1845 et
1162 1804 1451 1859 superfluum,
1495 1803 1528 1844 si
1560 1803 1663 1859 quid

231 1881 379 1936 paleae
408 1881 544 1922 simile
573 1881 714 1932 fuerit,
744 1892 817 1922 aut
846 1880 993 1930 aristis,
1023 1881 1153 1922 flante
1182 1881 1226 1922 in
1251 1897 1295 1922 se
1323 1870 1476 1936 spiritur
1505 1880 1663 1921 discre-

232 1956 360 1999 tionis
391 1958 581 2009 e'xcutiat‚
613 1971 652 2000 et
682 1975 840 2015 purum
871 1960 1150 2009 frumentum,
1181 1975 1266 2014 quo
1298 1960 1391 1999 solo
1425 1969 1551 2014 queat
1581 1976 1661 1998 nu-

234 2034 336 2076 trire
368 2051 618 2085 conservos,
667 2047 708 2078 et
746 2053 989 2078 mensuram
1028 2036 1156 2077 tritici
1189 2037 1231 2078 in
1263 2048 1461 2092 tempore
1492 2035 1664 2092 dispen-

232 2129 324 2154 sare
354 2113 543 2156 retineat.
611 2112 755 2168 „Et⁵)
786 2126 1091 2169 consequetur,
1130 2113 1289 2170 inquit,
1327 2113 1538 2154 trituratio
1572 2114 1663 2155 vin-

236 2188 462 2243 demiam.“
509 2190 621 2253 Quia
652 2191 787 2247 panis,
818 2202 865 2231 ut
895 2190 1116 2247 Scriptura
1140 2192 1254 2243 dicit,
1272 2190 1316 2247 ⁶)
1343 2192 1559 2232 confortat
1590 2206 1665 2230 cor

232 2268 442 2321 hominis,
484 2281 523 2310 et
552 2269 699 2310 vinum
729 2268 949 2318 laetificat,
989 2286 1271 2326 quaecunque
1303 2270 1356 2310 de
1389 2267 1663 2316 continentia,

236 2346 289 2386 de
323 2346 622 2396 observantiis,
671 2358 711 2388 et
750 2347 942 2388 custodia
981 2347 1285 2403 mandatorum
1324 2346 1409 2387 Dei
1450 2346 1662 2394 dicuntur,

233 2423 338 2464 haec
368 2435 546 2481 possunt
584 2423 719 2466 videri
755 2425 1042 2475 frumentum,
1092 2441 1139 2467 ex
1180 2441 1266 2480 quo
1307 2423 1428 2480 panis
1468 2422 1662 2472 efficitur,

354 2619 397 2673 ¹)
428 2619 539 2661 Edd4
570 2620 767 2662 Merlini:
800 2620 965 2671 dicitur,
996 2631 1044 2661 ut
1074 2636 1121 2661 ex
1152 2644 1204 2651 ——
1237 2619 1442 2662 meruisse
1473 2632 1549 2661 etc.

347 2689 394 2744 2)
424 2689 554 2731 Levit.
583 2689 745 2740 XXVI,
774 2692 814 2733 4.
934 2691 979 2746 3)
1011 2691 1165 2735 Psalm.
1195 2690 1284 2740 LII,
1320 2692 1359 2734 8.

350 2757 395 2814 ⁴)
426 2758 553 2801 Levit.
583 2761 743 2811 XXVI,
772 2763 812 2804 5.

350 2829 396 2885 6>
428 2830 556 2871 Levit.
587 2830 746 2880 XXVI,
777 2831 816 2872 5.
851 2832 948 2874 coll.
978 2847 1070 2888 pag.
1103 2829 1190 2887 huj.
1223 2842 1310 2872 not.
1345 2830 1381 2873 4

348 2899 394 2955 ⁶)
427 2899 513 2941 Cfr.
546 2899 703 2945 Psalm.
737 2899 848 2951 CIV,
880 2903 944 2946 15
