1752 3136
466 99 515 131 m
543 88 799 129 Lem-mcum
827 85 1027 127 HommA
1052 84 1163 127 VIII.
1438 87 1524 131 319

108 201 193 251 illa,
225 215 330 256 quae
358 200 590 242 secundum
623 199 710 239 dies
739 196 1000 254 purgationis
1037 212 1136 238 suae
1173 206 1330 251 septem
1372 197 1521 241 diebus

107 290 344 330 segregatur
373 277 424 317 ab
459 275 576 317 omni
606 276 782 315 mundo.
843 273 955 328 Quia
986 273 1030 314 in
1061 272 1516 325 sanguineiunmundo

105 355 205 396 facit
233 365 391 410 septem
429 351 538 401 dies,
576 351 618 391 in
651 350 854 403 sanguine
893 360 1033 390 autem
1071 350 1235 390 mundo
1274 350 1436 403 triginta
1481 365 1519 393 et

106 443 188 473 tres
220 431 318 471 dies.
377 429 460 470 Sed
492 428 575 468 hoc
608 427 651 468 in
688 427 866 468 masculi
905 425 1136 467 nativitate:
1183 428 1336 482 duplos
1378 440 1515 469 autem

107 508 193 548 dies
223 506 319 547 facit
347 505 390 546 in
419 503 630 561 nativitate
659 505 851 545 feminae.
919 503 1072 559 Incipit
1103 520 1201 556 ergo
1233 521 1317 545 esse
1346 505 1389 545 in
1420 524 1515 547 san-

105 584 227 636 guiue
255 583 419 623 mundo
453 583 504 622 ab
537 593 681 623 octava
714 581 802 631 die,
851 592 891 621 et
931 592 989 621 est
1028 580 1071 621 in
1111 581 1313 631 sanguine
1350 585 1514 623 mundo

105 660 251 700 diebus
281 657 447 710 triginta
486 659 642 710 tribus,
684 660 768 700 hoc
815 670 873 699 est
906 659 1038 699 tribus
1077 659 1266 707 decadis,
1305 670 1343 699 et
1381 660 1514 700 tribus

102 736 307 777 monadis.
341 720 344 722 ¹
385 735 441 776 Et
471 752 565 776 cum
600 735 786 791 coeperit
818 751 902 776 esse
932 735 972 776 in
1004 735 1206 787 sanguine
1235 736 1399 776 mundo
1430 736 1517 785 illa,

103 829 210 868 quac
241 813 419 869 peperit,
449 823 550 852 tunc
583 811 848 853 circumcidit
877 812 1104 853 infantem:
1134 824 1305 862 „octava
1326 813 1368 866 Ι)
1400 814 1511 854 enim

103 890 170 931 die
201 889 489 939 circumcides,
520 887 670 943 inquit,
706 905 872 929 carnem
903 889 1114 944 praeputii
1147 889 1275 946 ejus.“
1319 888 1434 930 Haec·
1456 902 1514 930 est

100 969 162 1008 lex
193 967 350 1015 literae,
380 967 453 1009 sed
485 965 651 1021 require
679 976 736 1014 tu,
768 982 895 1020 quam
930 965 1291 1006 circumcisionem
1325 967 1513 1021 Aposto-

46 1067 49 1069 ·
98 1045 161 1085 lus
191 1043 427 1100 praedicet,
472 1058 599 1097 quam
644 1058 723 1082 nos
771 1053 809 1082 et
856 1042 1066 1097 suscipe're
1111 1055 1149 1083 et
1186 1043 1343 1083 habere
1384 1042 1513 1098 jubet.

99 1120 275 1175 ‚‚Nos²)
307 1119 437 1167 enim,
467 1118 625 1173 inquit,
653 1135 797 1158 sumus
832 1118 1110 1169 circumcisio,
1141 1118 1212 1173 qui
1244 1118 1390 1173 spiritu
1416 1120 1512 1158 Deo

95 1196 345 1257 servimusf‘p
391 1196 448 1237 Et
478 1197 596 1251 quod
624 1195 668 1236 in
699 1195 869 1236 Psalmo
903 1196 977 1238 ait:
1006 1196 1264 1250 ‚‚alienati³)
1284 1208 1380 1237 sunt
1410 1213 1510 1251 pec-

98 1285 258 1315 catores
290 1290 312 1314 a
343 1274 461 1314 vulva
478 1278 514 1312 :“
547 1272 780 1320 considera,
813 1272 846 1314 si
880 1289 970 1314 non
1002 1273 1054 1313 de
1083 1272 1166 1314 illis
1187 1274 1269 1313 hoc
1291 1272 1404 1322 dicit,
1439 1273 1510 1328 qui

95 1351 209 1391 illam
242 1349 604 1391 circumcisionem
636 1349 879 1405 suscipiunt,
912 1366 993 1406 qua
1023 1366 1102 1390 nos
1127 1349 1371 1390 circumcidi
1395 1353 1510 1405 Apo-

93 1428 224 1468 stolus
253 1437 384 1467 vetat:
423 1438 461 1467 ct
498 1437 597 1466 tunc
640 1438 716 1473 est,
765 1427 936 1481 quando
978 1426 1185 1466 alienatur
1214 1438 1455 1481 peccatores
1487 1443 1507 1466 a

94 1504 228 1551 vulva,
259 1520 355 1543 cum
387 1519 474 1543 non
505 1503 667 1558 spiritu,
694 1504 765 1544 sed
797 1519 921 1543 carne
952 1503 1324 1544 circumciduntur.
1397 1503 1508 1558 Quia

96 1578 241 1634 quiin
272 1579 361 1630 lege
392 1579 779 1628 circumciduntur,
823 1596 844 1620 a
883 1579 1010 1631 gratia
1053 1579 1309 1622 exciderunt.
1379 1581 1508 1633 Igitur

93 1657 315 1698 immunda
345 1656 436 1696 fieri
466 1655 620 1696 mulier
649 1657 816 1704 dicitur,
865 1673 972 1712 qnae
1004 1669 1211 1713 concepto
1243 1658 1400 1699 semine
1430 1676 1506 1714 pe-

93 1733 203 1788 perit
220 1733 476 1774 masculum:
509 1749 615 1787 quae
632 1745 769 1773 autem
797 1733 994 1774 seminam
1014 1734 1240 1789 pepererit,
1259 1752 1347 1776 non
1366 1739 1505 1776 solum

92 1809 312 1850 immunda
345 1810 441 1861 erit,
474 1810 547 1850 sed
579 1810 804 1865 dupliciter
830 1811 1064 1853 immunda.
1123 1810 1194 1853 Bis
1227 1812 1336 1853 enim
1366 1824 1504 1869 septe-

92 1887 157 1928 nis
188 1887 336 1928 diebus
365 1886 409 1927 in
439 1886 708 1927 immunditia
738 1888 936 1929 scribitur
964 1904 1226 1944 permanere.

204 1967 244 2007 4.
277 1956 376 2006 ὃεᾶ
401 1964 570 2005 interim
611 1981 717 2020 quae
754 1965 920 2020 peperit
958 1968 1217 2014 masculum,
1262 1979 1404 2007 octava
1437 1966 1505 2007 die

93 2053 134 2083 et
166 2041 237 2097 qui
266 2053 389 2082 natus
421 2053 478 2082 est
510 2042 842 2091 circumciditur,
872 2053 908 2083 et
938 2041 1009 2083 illa
1040 2043 1086 2083 fit
1114 2045 1288 2084 munda.
1333 2043 1439 2084 Satis
1458 2042 1502 2098 ⁴²)

95 2134 275 2174 operosa
304 2135 368 2159 res
400 2130 469 2168 est,
499 2119 541 2159 in
574 2120 653 2160 hac
684 2120 881 2160 brevitate
911 2119 1112 2175 temporis
1141 2119 1215 2162 ista
1236 2119 1502 2172 contingere:

89 2207 231 2236 tamen
276 2195 396 2235 utin
437 2207 674 2238 transcursu
715 2196 851 2252 aliqua
887 2195 1086 2246 dicamus,
1127 2197 1356 2252 septimana
1398 2198 1501 2237 hacc

91 2273 321 2328 praesentis
350 2271 458 2313 vitae
486 2284 652 2328 tempus
680 2273 815 2316 videri
843 2284 991 2328 potest.
1038 2273 1085 2313 In
1121 2274 1349 2328 septimana
1380 2290 1500 2313 nam-

92 2364 174 2404 que
216 2350 380 2390 diemm
420 2362 736 2391 consummatus
776 2361 836 2391 est
875 2350 1068 2390 mundus.
1144 2351 1195 2390 In
1235 2367 1320 2405 quo
1362 2351 1500 2390 donec

89 2443 231 2468 sumus
259 2426 303 2467 in
342 2442 466 2467 carne
495 2427 633 2483 positi,
664 2421 722 2468 ad.
747 2426 956 2483 liquidum
985 2426 1083 2483 puri
1120 2443 1204 2468 esse
1234 2443 1323 2468 non
1353 2444 1502 2483 possu-

204 2621 249 2676 ¹)
278 2621 406 2662 Levit.
433 2621 529 2671 XII,
559 2622 596 2665 3.
716 2621 761 2677 ²)
790 2621 976 2679 Philipp.
1009 2622 1082 2674 Ill,
1111 2623 1152 2666 3.

199 2690 247 2745 ³)
279 2691 432 2733 Psalm.
461 2691 612 2740 LVIII,
642 2693 680 2734 3.

201 2759 248 2815 ⁴)
278 2760 394 2801 Libri
425 2759 548 2801 editi:
580 2760 716 2809 „Satis
744 2761 815 2802 illa
847 2779 1025 2817 operosa
1057 2780 1120 2806 res
1160 2767 1258 2806 est.“
1315 2762 1365 2803 In
1396 2761 1496 2804 Mss-

85 2814 248 2873 (itemq.
278 2818 321 2858 in
353 2818 446 2859 edd.
478 2817 564 2873 M.)
596 2817 822 2860 omittitur:
854 2820 992 2871 „i11a.⁴‘
1022 2820 1070 2862 R.
