1752 3136
439 168 487 199 m
514 157 770 198 anirxcum
799 153 1001 194 HommA
1034 155 1103 195 VI.
1404 157 1489 199 273

179 274 217 315 2.
247 271 322 315 Est
354 285 450 323 ergo
482 268 649 310 initium
682 281 845 314 eorum,
878 281 985 321 quae
1017 265 1146 307 hodie
1178 267 1348 308 recitata
1378 281 1490 318 sunt,

67 351 112 391 in
143 350 205 391 his
237 349 390 391 verbis:
423 343 614 396 „haec¹)
650 341 798 391 unctio
837 344 1008 391 Aaron,
1051 355 1089 384 et
1118 343 1263 385 unctio
1295 344 1486 388 filiorum

68 426 156 483 ejus
188 428 240 468 ab
273 423 415 466 hostiis
445 418 648 468 Domini,
690 435 773 474 qua
817 418 886 460 die
917 420 1120 476 applicuit
1149 437 1222 464 eos
1251 421 1489 465 sacrificare

66 503 284 550 Domino,
314 498 418 540 sicut
446 495 662 552 praecepit
691 494 908 537 Dominus
941 497 1042 538 dare
1068 497 1161 548 illis,
1192 515 1275 554 qua
1308 499 1376 541 die
1405 517 1486 542 un-

66 579 122 620 xit
150 575 302 630 i110s2)
333 590 357 615 a
386 572 482 614 filiis
511 572 654 621 Israel,
683 571 917 623 legitimum
950 585 1170 615 aeternum
1194 575 1240 616 in
1263 576 1489 630 progenies

65 671 225 696 eorum.
283 652 399 692 Haec
436 650 502 691 lex
541 660 601 689 est
630 649 1003 700 holocaustorum,
1035 663 1074 692 et
1103 668 1184 708 pro
1215 663 1418 707 peccato,
1449 665 1489 694 et

63 746 142 786 pro
174 728 343 776 delicto,
374 739 414 768 et
444 725 839 776 consummationis,
870 739 909 768 et
933 728 1125 770 sacrificii
1149 729 1354 778 salutaris,
1382 730 1489 771 sicut

61 804 275 848 mandavit
305 804 521 845 Dominus
552 803 666 845 Mosi
695 804 739 845 in
771 815 920 844 monte
953 804 1070 855 Sina,
1103 822 1187 861 qua
1217 805 1286 847 die
1314 823 1489 863 praecc-

59 881 124 938 pit
153 882 247 923 filiis
276 882 402 922 Israel
437 882 801 921 offerre-munera
831 896 905 920 sua
935 897 1080 923 coram
1112 882 1308 925 Domino
1339 884 1383 925 in
1416 886 1490 926 de-

59 970 171 1001 serto
202 958 344 1000 Sina.“
405 957 516 999 Cum
547 956 824 1013 proposuerit
857 957 996 999 dicere
1026 958 1261 1011 legislator:
1294 961 1426 1009 „haec
1444 961 1488 1016 3)

60 1035 207 1077 unctio
247 1038 416 1084 Aaron,
457 1032 510 1075 et‘
535 1033 681 1074 unctio
722 1032 914 1074 filiorum
955 1032 1092 1090 ejus:“
1129 1052 1222 1076 non
1261 1036 1490 1094 subjunxit,

63 1128 172 1168 quae
203 1123 306 1154 esset
333 1110 494 1160 unctio,
523 1126 615 1158 nee,
648 1109 828 1164 qualiter
843 1110 1039 1163 unxisset,
1072 1112 1278 1168 exposuit,
1309 1115 1383 1156 sed
1406 1116 1489 1157 hoc

62 1190 235 1244 quidem
266 1189 311 1230 in
349 1187 622 1244 sequentibus
662 1185 784 1227 facit:
824 1203 940 1228 nunc
976 1204 1078 1230 vero
1115 1201 1396 1247 posteaquam
1428 1194 1493 1234 di-

61 1266 140 1307 xit:
173 1264 365 1320 „haec⁴)
396 1263 542 1306 unctio
574 1264 722 1304 Aaron
755 1273 794 1304 et
824 1263 1015 1306 filiorum
1041 1264 1176 1321 ejus:“
1206 1267 1313 1309 nihil
1337 1272 1390 1311 (le
1409 1287 1490 1311 un-

61 1342 201 1384 ctione
229 1342 458 1399 subjunxit.
517 1341 720 1382 Profecto
753 1351 799 1382 ut
830 1342 1083 1393 ostenderet,
1113 1344 1211 1400 quia
1233 1345 1350 1397 haec,
1382 1364 1493 1403 quae

63 1435 188 1475 supra
221 1418 402 1468 dixerat,
439 1417 484 1458 id
517 1429 598 1469 est,
639 1419 935 1473 pectusculum
973 1419 1280 1476 impositionis,
1323 1436 1362 1465 et
1391 1427 1491 1467 bra-

66 1495 210 1537 chium
251 1494 548 1551 separationis,
579 1494 670 1548 ipsa
711 1495 905 1549 essent⁵)
944 1497 1089 1538 unctio
1122 1499 1268 1540 Aaron
1302 1511 1340 1540 et
1378 1502 1490 1543 filio-

62 1587 159 1611 rum
192 1569 302 1626 ejus,
344 1586 398 1610 ne
437 1583 683 1627 putaremus
721 1569 794 1612 illa
824 1587 906 1626 pro
939 1574 1137 1615 carnibus
1167 1575 1301 1626 dicta,
1340 1580 1414 1619 sed
1444 1591 1491 1620 ut

64 1648 236 1688 doceret
267 1646 391 1687 etiam
420 1646 510 1702 ipsa
540 1650 617 1688 sub
650 1660 915 1690 sacramento
945 1650 1160 1692 unctionis
1186 1651 1352 1695 inserta.
1400 1658 1492 1698 De-

61 1724 192 1780 nique
221 1724 266 1768 in
297 1724 654 1779 consequentibus
685 1724 838 1779 repetit
868 1741 937 1774 ea,
981 1742 1090 1781 quae
1127 1729 1321 1785 superius
1354 1747 1491 1787 expo—

61 1813 213 1851 suerat,
244 1812 282 1842 et
313 1800 433 1842 dicit:
473 1802 577 1841 haee
596 1800 641 1855 ⁶)
682 1802 746 1841 lex
788 1802 1160 1857 holocaustorum,
1207 1818 1246 1847 et
1285 1808 1493 1860 sacrificii,

65 1891 105 1920 et
133 1896 213 1935 pro
244 1890 434 1934 peccato.
495 1876 626 1927 Haec,
657 1877 702 1918 id
733 1890 802 1931 est,
838 1896 945 1935 quae
975 1898 1101 1937 supra
1132 1884 1320 1939 exposita
1350 1898 1421 1934 est,
1453 1898 1493 1927 et

64 1956 230 1997 videtur
259 1971 345 1997 esse
375 1954 793 2011 ἀνακεφαλαίωσις,
839 1957 883 1997 id
916 1969 997 2008 est,
1028 1960 1320 2014 recapitulatio
1351 1979 1491 2003 sacra-

64 2043 334 2081 mentorum,
381 2048 488 2088 quae
527 2031 572 2072 in
603 2032 894 2088 superioribus
936 2036 1058 2077 latius
1088 2038 1256 2078 fuerant
1287 2051 1490 2081 enarrata.

65 2108 171 2150 Post
200 2109 303 2150 haec
332 2125 431 2150 vero
461 2108 697 2166 subjungit:
729 2122 796 2162 „et
814 2110 859 2164 ⁷)
888 2111 1054 2155 locutus
1075 2127 1134 2157 est
1161 2114 1391 2166 Dowinus,
1425 2117 1491 2158 in-

188 2262 232 2317 ¹)
267 2261 354 2304 Cfr.
386 2263 512 2305 Levit.
545 2264 638 2312 VII,
667 2265 863 2309 35—38.

183 2332 229 2388 2)
260 2332 369 2374 Edd.
399 2333 598 2374 Mer-lini:
631 2350 713 2377 eos.

183 2402 230 2456 3)
261 2403 371 2444 Edd.
403 2402 598 2444 Merlini:
639 2404 770 2451 „haec
811 2406 956 2447 unctio
992 2407 1158 2458 Aaron,
1201 2420 1240 2449 et
1278 2410 1381 2451 haec
1414 2428 1494 2453 un·

70 2459 153 2501 ctio
196 2459 387 2500 filiorum
426 2459 555 2514 ejus.“
625 2459 708 2500 Ed.
748 2460 904 2504 Ruaei:
948 2464 1079 2513 „haec
1119 2464 1266 2507 unctio
1305 2467 1493 2508 filiorum

70 2514 198 2571 ejus,“
230 2516 390 2558 omissis
420 2516 604 2572 reliquis.
646 2540 699 2549 —-
740 2517 829 2559 Csr.
857 2519 986 2562 Levit.
1019 2521 1120 2571 Vll,
1156 2522 1224 2565 35.
1265 2523 1361 2564 coll.
1401 2540 1495 2580 pag.

70 2570 154 2629 huj.
185 2584 274 2613 not.
306 2573 344 2613 1.

183 2641 228 2696 ⁴²)
257 2643 370 2686 Edd.
400 2642 460 2684 M.
493 2654 532 2683 et
564 2642 614 2684 Ρι.
646 2643 729 2685 hoc
771 2645 894 2694 loco,
935 2647 1008 2687 cfr.
1050 2662 1141 2703 pag.
1181 2646 1268 2705 huj.
1310 2662 1400 2692 not.
1441 2653 1497 2701 3.,

71 2709 116 2739 ut
142 2714 221 2739 nos
251 2698 296 2738 in
325 2711 451 2740 textu.
485 2721 536 2728 ——
569 2699 698 2741 Levit.
732 2701 824 2751 VII,
852 2703 920 2744 35.

71 2767 234 2866 seta}
260 2768 385 2810 Mss.:
416 2772 621 2820 „essent.“
650 2839 653 2843 .
680 2770 796 2813 Libri
837 2771 936 2814 editi
974 2772 1032 2829 (v.
1064 2790 1098 2814 c.
1131 2774 1226 2816 edd.
1259 2773 1366 2829 M.):
1406 2792 1497 2828 „es-

185 2892 232 2946 e)
263 2891 350 2935 Cfr.
382 2894 514 2937 Levit.
545 2896 638 2946 VII,
658 2897 725 2940 37.
849 2897 893 2954 ⁷)
925 2900 1051 2943 Lex-it.
1082 2900 1197 2952 VIII,
1227 2902 1365 2944 1—9.

75 2967 301 3012 Omessms
336 2971 508 3031 OPERA.
543 2971 662 3014 Tom.
697 2974 769 3016 IX.
1117 2979 1170 3022 18
