1752 3136
235 100 293 143 90
835 95 1054 137 Omossms

236 228 347 269 quae
377 211 421 253 in
451 211 535 251 hoe
564 211 730 251 mundo
761 221 879 259 sunt,
920 210 1072 249 domus
1104 220 1160 249 cst
1187 207 1403 250 servitutis.
1461 206 1517 247 Et
1545 224 1654 264 quo·

236 290 353 332 nIam
384 291 437 331 dc
465 287 661 344 paradiso
692 285 893 328 libertatis
931 302 1011 341 pro
1048 302 1188 341 poena
1232 284 1394 341 peccati
1425 285 1476 325 ad
1507 283 1651 339 hujus—

237 369 359 411 modi
387 377 559 408 ventum
590 365 728 405 fuerat
747 362 1186 412 servitutem,idcirco
1219 362 1379 419 primus
1407 379 1546 404 sermo
1579 364 1653 403 de-

238 444 399 495 calogi,
437 443 482 484 id
517 453 598 490 est,
640 440 777 496 prima
819 442 1118 481 mandatorum
1150 441 1232 481 Dei
1271 457 1349 480 vox
1381 441 1433 481 de
1462 439 1655 483 libertate

235 525 468 578 profertur,
501 520 661 561 dicens:
692 519 808 569 „Ego
828 517 871 573 ι)
910 535 1003 559 sum
1042 517 1258 559 Dominus
1289 518 1406 559 Deus
1436 530 1552 568 tuus,
1583 519 1654 573 qui

238 599 366 642 eduxi
394 611 433 640 tc
465 600 518 639 dc
547 610 656 639 terra
690 596 890 654 Aegypti,
932 597 986 636 de
1023 596 1154 636 domo
1197 595 1443 640 servitutis.“
1530 595 1655 636 Hanc

236 693 387 719 vocem
427 675 470 716 in
510 677 702 732 Aegypto
745 673 906 729 positus
942 674 1090 715 audire
1128 690 1218 714 non
1258 685 1447 728 poteras,
1496 672 1658 714 etiamsi

236 755 315 797 tibi
343 753 599 810 injungatur,
629 762 676 791 ut
697 751 851 806 pascha
872 749 1012 800 facias,
1043 749 1201 791 etiamsi
1228 750 1453 802 accingaris
1473 750 1659 800 lumbos,

236 844 278 874 et
305 831 493 873 sandalia
525 828 705 883 accipias
733 826 778 868 in
808 827 1010 883 pedibus,
1051 829 1211 870 etiamsi
1251 827 1407 879 virgam
1446 839 1586 868 teneas
1616 829 1659 869 in

237 926 384 959 manu,
415 919 456 949 ct
487 922 631 964 azyma
656 922 753 946 cum
780 905 1063 946 amaritudine
1084 906 1295 949 comedas.
1340 904 1395 945 Et
1425 905 1529 960 quid
1559 905 1656 945 dico

238 987 284 1029 in
325 988 517 1044 Aegypto
561 983 720 1040 positus
759 983 864 1023 haec
905 983 1050 1024 audire
1088 999 1178 1023 non
1217 980 1417 1038 poteras?
1479 981 1564 1023 Sed
1606 998 1660 1022 ne

237 1065 340 1106 inde
382 1063 555 1118 quidem
594 1063 810 1118 profectus
848 1060 891 1101 in
933 1059 1072 1116 prima
1109 1060 1247 1101 statim
1296 1059 1519 1101 mansione
1555 1060 1660 1100 haec

240 1141 390 1183 audire
420 1139 618 1196 potuisti,
658 1156 738 1179 nec
767 1138 811 1180 in
842 1139 1050 1187 secunda,
1087 1153 1165 1177 nec
1195 1135 1240 1176 in
1269 1137 1411 1188 tertia,
1451 1153 1530 1177 nec
1562 1154 1660 1177 cum

238 1218 435 1261 transires
466 1218 643 1258 rubrum
674 1233 804 1266 mare,
836 1215 997 1257 etiamsi
1029 1216 1080 1255 ad
1099 1214 1264 1254 Mamm
1294 1214 1468 1261 veneris,
1499 1225 1539 1254 ct
1570 1216 1660 1255 sue-

240 1296 296 1338 rit
324 1295 385 1336 ibi
425 1293 664 1338 amaritudo
703 1294 748 1337 in
787 1294 1055 1335 dulcedinem
1095 1309 1224 1341 versa,
1255 1291 1415 1332 etiamsi
1444 1292 1488 1333 in
1521 1291 1662 1332 Helim

239 1372 403 1414 veneris
432 1373 486 1412 ad
517 1371 748 1413 duodecim
775 1373 914 1413 fontes
944 1386 1175 1425 aquarum,
1216 1380 1257 1410 et
1295 1368 1554 1424 septuaginta
1595 1387 1663 1410 ar·

239 1451 369 1491 bores
399 1450 663 1504 palmarum,
702 1449 863 1490 etiamsi
898 1447 1129 1503 Raphidim
1161 1446 1448 1502 praeterieris,
1480 1458 1664 1488 ceteros-

241 1544 326 1583 que
356 1529 572 1583 profectus
599 1525 857 1568 ascenderis:
901 1527 1099 1567 nondum
1131 1525 1184 1566 ad
1213 1522 1510 1580 hujuscemodi
1539 1527 1666 1570 verba

240 1606 425 1647 idoneus
453 1602 667 1661 judicaris,
697 1607 770 1646 scd
802 1621 900 1645 cum
931 1600 1170 1661 perveneris
1201 1602 1255 1642 a‘d
1276 1614 1465 1644 montem
1488 1602 1666 1657 Sina.²)

241 1683 391 1724 Multis
423 1697 522 1733 ergo
556 1692 653 1722 ante
682 1682 902 1723 laboribus
933 1683 1130 1739 peractis,
1172 1684 1313 1725 multis
1352 1680 1586 1733 aerumnis,
1626 1692 1666 1721 et

242 1760 550 1802 tentationibus
578 1760 806 1813 superatis,
847 1760 910 1800 vix
950 1761 1180 1816 aliquando
1221 1758 1450 1801 mereberis
1490 1775 1664 1815 praece—

241 1849 314 1892 pta
345 1835 558 1891 suscipere
587 1836 806 1886 libertatis,
837 1848 877 1877 et
907 1837 1053 1879 audire
1074 1838 1328 1879 aDomino:
1359 1837 1479 1889 „Ego
1498 1836 1544 1890 3)
1572 1853 1667 1878 sum

243 1915 462 1956 Dominus
491 1914 609 1954 Deus
643 1926 758 1963 tuus,
801 1916 873 1970 qui
913 1914 1036 1956 eduxi
1077 1927 1116 1956 te
1147 1917 1200 1956 de
1229 1927 1339 1956 terra
1369 1913 1571 1971 Aegypti,
1615 1914 1669 1953 de

245 1995 380 2034 domo
412 1991 656 2034 servitutis.“
704 1992 862 2032 Verum
894 1993 963 2033 hic
983 2010 1123 2035 sermo
1155 1995 1353 2034 nondum
1382 2008 1522 2033 sermo
1545 2007 1666 2032 man-

242 2071 332 2111 dati
363 2081 446 2121 cst,
488 2071 561 2110 sed
603 2070 695 2126 quis
733 2069 784 2111 sit
821 2070 893 2125 qui
925 2071 1119 2120 mandat,
1157 2071 1353 2112 ostEndit.
1412 2064 1537 2109 Nunc
1568 2083 1667 2118 ergo

243 2147 476 2197 videamus,
507 2146 609 2202 quid
639 2146 688 2189 sit
717 2147 886 2189 initium
915 2149 1062 2189 decem
1081 2149 1385 2188 mandatorum
1412 2145 1534 2197 legis:
1569 2142 1668 2197 et4)

245 2226 278 2267 si
308 2242 402 2266 non
433 2224 698 2266 occurrimus
729 2227 783 2267 ad
803 2226 846 2281 ⁵)
877 2226 1042 2282 omnia,
1072 2226 1188 2268 initia
1216 2226 1376 2274 saltem,
1406 2235 1536 2280 prout
1564 2222 1668 2262 Do-

246 2303 388 2344 minus
419 2302 595 2353 dederit,
627 2303 896 2358 explicemus.

359 2382 399 2423 2.
429 2379 623 2422 Primum
657 2395 755 2432 ergo
795 2382 1045 2424 mandatum
1088 2394 1169 2424 est:
1210 2378 1389 2433 ‚,non⁶)
1430 2388 1553 2419 erunt
1591 2375 1668 2417 tibi

243 2502 381 2509 .—

367 2570 412 2625 ι)
442 2571 579 2614 Exod.
610 2572 710 2622 XX,
739 2573 779 2618 2.

362 2643 410 2691 2)
442 2643 552 2684 Edd.
584 2643 778 2684 Merliui:
812 2643 937 2701 Syna.
1060 2641 1105 2696 ³)
1136 2641 1270 2681 Exod.
1301 2638 1399 2687 XX,
1430 2640 1469 2680 2.

365 2712 408 2765 ⁴)
441 2713 553 2754 Edd.
589 2713 784 2753 Merlini:
816 2713 941 2754 etiam
972 2713 1005 2753 si
1036 2729 1124 2753 non
1157 2724 1232 2752 etc.

366 2784 410 2838 ὃ)
440 2783 550 2823 Edd.
584 2783 777 2823 Meu-lini:
811 2785 863 2825 ad
895 2784 1051 2825 omnia
1071 2782 1201 2832 initia,
1232 2782 1380 2824 saltem
1412 2789 1475 2819 etc

330 2853 409 2907 '⁶)
442 2853 573 2895 Exod.
607 2853 705 2902 XX,
735 2854 772 2895 3.
