1752 3136
497 102 543 130 m
575 89 831 129 anmcum
860 86 1060 129 Humum
1085 84 1202 127 XIV.
1483 85 1565 128 411

149 206 221 246 sed
252 216 297 244 ut
326 203 464 245 anima
495 213 637 242 nostra
668 200 785 255 prius
815 200 886 239 fiat
915 199 1253 247 locus‘sanctus‚
1302 210 1340 238 et
1379 198 1423 238 in
1462 199 1561 240 loco

147 291 290 320 sancto
322 279 535 334 capiamus
564 288 706 319 sancta
735 275 929 334 mysteria
960 291 1038 330 per
1068 274 1242 327 gratiam
1265 274 1447 330 Spiritus
1468 292 1564 316 sem-

149 357 225 406 cti,
264 374 310 397 ex
340 372 426 412 quo
456 355 739 399 sanctificatur
780 370 907 394 omne
949 355 1065 408 quod
1106 364 1298 395 sanctum
1339 364 1409 394 est.
1480 353 1565 408 Ipsi

147 435 294 488 gloria,
321 446 360 476 et
388 434 615 489 imperium
644 432 688 473 in
718 433 886 474 saecula
915 430 1196 473 saeculorum.
1256 430 1415 472 Amen!

505 828 994 878 HOMILIA
1070 828 1214 878 XIV.

149 952 217 993 De
248 951 336 993 filio
367 952 555 994 mulieris
585 951 847 1001 Israelitidis,
889 963 930 992 et
970 951 1164 1010 Aegyptii
1193 949 1342 1006 patris,
1385 951 1458 1005 qui
1487 967 1565 991 no-

287 1030 452 1072 minans
480 1046 654 1080 nomen,
683 1029 924 1078 maledixit,
955 1041 994 1070 et
1023 1030 1076 1070 de
1105 1027 1311 1071 sententia
1343 1028 1428 1069 Dei

704 1107 789 1147 lata
827 1105 872 1147 in
904 1122 1013 1147 eum.

260 1222 298 1264 1.
328 1220 516 1262 Historia
545 1218 671 1262 nobis
700 1218 871 1260 recitata
902 1230 980 1269 est,
1011 1215 1129 1274 cujus
1159 1218 1348 1273 quamvis
1377 1217 1570 1260 videatur

148 1311 291 1355 aperta
321 1299 530 1347 narratio,
568 1309 712 1338 tamen
750 1297 829 1338 nisi
860 1295 1097 1347 diligentius
1128 1295 1436 1337 continentiam
1468 1295 1570 1353 ejus,

149 1393 259 1432 quae
290 1388 348 1418 est
377 1375 612 1417 secundum
642 1374 822 1425 literam,
856 1388 1192 1427 consequamur,
1234 1373 1416 1414 interior
1443 1374 1570 1416 nobis

149 1471 292 1495 sensus
323 1445 437 1493 haud
475 1452 598 1492 facile
635 1451 806 1506 patebit.
876 1450 952 1490 Est
991 1465 1088 1500 ergo
1131 1450 1379 1506 Scripturae
1413 1468 1571 1501 set-mn,

152 1532 205 1572 de
235 1547 321 1586 quo
354 1529 644 1571 disserendum
677 1539 736 1570 est
773 1528 856 1571 hic.
924 1527 1063 1581 ‚,Et¹)
1103 1527 1220 1577 exiit,
1260 1527 1418 1583 inquit,
1459 1528 1570 1570 filius

149 1608 337 1649 mulieris
364 1605 619 1658 Ismelstiffls,
652 1617 691 1646 et
719 1604 787 1646 hic
819 1616 906 1646 erat
935 1603 1046 1644 filius
1078 1603 1273 1662 Aegyptii
1311 1604 1422 1646 inter
1462 1607 1572 1647 filios

153 1686 305 1726 Israel:
338 1696 376 1725 et
404 1683 672 1736 litigaverunt
701 1683 745 1723 in
779 1680 936 1731 castris,
966 1680 1010 1729 is,
1044 1679 1116 1735 qui
1149 1693 1236 1722 erat
1268 1698 1316 1722 ex
1332 1682 1378 1734 ²)
1407 1682 1572 1724 Israeli-

152 1762 253 1810 tide,
284 1773 323 1801 et
350 1761 483 1800 homo
516 1759 715 1800 Israelita.
759 1759 816 1799 Et
845 1758 1072 1799 nominans
1097 1757 1206 1798 filius
1225 1758 1413 1800 mulieris
1438 1761 1571 1800 Israc-

151 1837 278 1880 litidis
307 1854 465 1878 nomen
502 1837 739 1877 maledixit:
777 1848 815 1876 et
857 1835 1125 1875 adduxerunt
1164 1851 1260 1876 eum
1295 1837 1348 1877 ad
1393 1837 1570 1878 Mosen:

157 1928 197 1957 et
224 1932 386 1956 nomen
416 1915 559 1956 matris
591 1912 677 1971 ejus
708 1912 917 1954 Salomith
948 1912 1032 1953 filia
1056 1911 1207 1964 Dabm',
1239 1929 1287 1954 ex
1313 1913 1427 1955 tribu
1458 1914 1571 1955 Dan.

154 1993 210 2034 Et
238 1992 442 2033 miserunt
471 2009 569 2032 eum
597 1992 642 2032 in
675 2006 909 2040 carcerem,
944 2001 991 2030 ut
1033 1987 1273 2046 judicarent
1308 1991 1361 2030 de
1389 1991 1463 2032 illo
1495 2008 1573 2046 per

155 2080 434 2125 praeceptum
463 2068 655 2110 Domini.
714 2067 770 2107 Et
798 2067 968 2108 locutus
999 2078 1060 2107 est
1090 2067 1305 2107 Dominus
1337 2069 1392 2108 ad
1420 2067 1574 2109 Mosen

159 2147 324 2188 dicens:
357 2144 462 2202 ejice
490 2146 635 2195 illum,
668 2145 740 2199 qui
769 2143 1005 2194 maledixit,
1036 2155 1148 2185 extra
1179 2155 1332 2193 castra,
1363 2156 1402 2184 et
1431 2144 1574 2200 impo—

156 2235 260 2265 nent
291 2239 451 2272 omnes,
483 2222 555 2278 qui
586 2222 824 2272 audierunt,
853 2239 1002 2264 manus
1032 2238 1125 2264 suas
1153 2237 1282 2276 super
1312 2232 1442 2277 caput
1472 2221 1573 2279 ejus,

159 2313 199 2343 et
229 2298 540 2357 lapidabuntss)
573 2316 669 2340 eum
715 2298 854 2342 omnis
893 2305 1143 2358 synagoga.“
1217 2298 1446 2340 Videamus
1474 2315 1574 2352 ergo

279 2474 322 2532 1>
353 2462 479 2515 Levi't.
511 2473 671 2523 ΧΧΝ,
704 2474 898 2519 10-14.

278 2545 324 2600 ²)
355 2544 473 2585 Libri
515 2545 615 2586 editi
654 2545 714 2599 (e.
744 2560 779 2586 c.
811 2545 906 2585 edd.
937 2542 1047 2596 M.):
1095 2558 1170 2592 „ex
1211 2541 1443 2583 Israelitide
1481 2560 1575 2584 mu-

162 2602 315 2651 lie1·e,“
352 2602 423 2643 sed
465 2618 486 2642 a
517 2601 619 2642 Mss.
663 2613 757 2642 eta
785 2616 936 2653 graeco
976 2599 1108 2640 LXX.
1146 2599 1424 2656 interpretum
1465 2611 1576 2643 textu

164 2661 281 2699 abest
309 2658 552 2708 „mulic1·e.“
581 2657 632 2698 R.

278 2727 324 2780 3)
358 2726 465 2768 Cod.
508 2728 781 2780 sangerman.
822 2724 1138 2781 „lapidabuntf‘
1197 2725 1329 2766 LXX.
1371 2724 1579 2782 interpre-

162 2781 711 2882 ῗξέῐίἰξλιέοβολήσουσι.“
742 2783 859 2828 Libri
891 2781 990 2826 editi
1020 2784 1080 2838 (e.
1112 2799 1150 2824 c.
1178 2784 1274 2825 cdd.
1304 2781 1415 2838 M.):
1443 2783 1578 2840 „lapit¹
