1752 3136
265 143 350 188 391
871 143 1092 185 Omni-:¹518

268 272 313 300 ut
343 261 407 300 lex
438 257 610 314 quidem
643 255 809 297 animae
839 255 917 312 ipsi
947 256 1166 306 moriatur,
1197 256 1242 298 id
1273 268 1344 306 est,
1373 269 1420 298 ut
1442 258 1579 299 anima
1604 260 1686 300 dis-

265 339 387 378 cedat
416 354 437 377 a
469 337 571 387 lege,
602 351 680 376 nec
710 346 851 376 tamen
884 334 1138 387 constringat
1175 352 1218 375 se
1263 334 1450 375 castioris
1482 336 1686 377 connubii

266 414 520 469 disciplinis,
567 424 607 453 et
638 430 658 454 a
692 414 780 465 lege
811 413 1049 460 discedens,
1088 411 1330 464 lix-angelici
1362 413 1568 464 dogmatis
1597 431 1687 454 non

263 490 459 546 suscipiat
489 489 659 546 jugum:
699 491 802 530 haec
832 492 995 531 nubere
1027 488 1197 530 Christo
1228 506 1316 529 non
1349 489 1524 544 poterit,
1577 506 1687 545 quae

263 568 463 610 libertatis
496 567 705 609 lasciviam
739 567 978 623 quaesierit,
1020 583 1111 606 non
1151 565 1248 606 fidei
1279 566 1488 618 virginalis
1519 578 1558 606 et
1587 567 1685 607 sim-

260 646 382 701 plicis
413 648 586 686 cultum.
657 644 737 684 Hic
776 660 873 695 ergo
906 645 1103 684 sacerdos
1137 659 1312 694 magnus
1352 660 1529 684 uxorem
1561 643 1686 696 virgi-

258 741 356 765 nem
390 724 566 778 accipiet
597 723 649 762 de
680 737 831 773 genere
859 737 949 762 suo,
1014 721 1161 761 Potest
1204 733 1243 761 et
1283 733 1462 776 propter
1502 721 1586 760 hoc
1618 721 1682 759 di-

261 814 374 842 ctum
406 799 539 841 videri
571 800 623 839 de
654 813 806 850 genere
835 814 926 846 sun,
960 799 1077 853 quod
1111 798 1249 838 anima
1278 797 1432 838 Christi
1455 815 1499 838 ex
1532 813 1682 849 genere

260 891 299 919 et
338 895 384 918 ex
423 876 654 918 substantia
694 873 820 916 fuerit
864 875 1150 915 humanarum
1195 874 1387 915 omnium
1427 874 1678 914 animarum.

258 956 404 996 Potest
435 966 473 995 et
502 954 736 995 secundum
769 953 867 1001 hoc,
909 953 1026 1008 quod
1059 954 1205 993 fratres
1236 963 1360 993 vocat
1391 952 1608 992 credentes
1639 950 1680 990 in

255 1050 312 1083 se,
345 1034 396 1073 de
429 1047 579 1083 genere
608 1047 686 1072 suo
718 1029 800 1071 dici
833 1031 994 1079 anima,
1033 1046 1141 1085 quae
1171 1029 1214 1070 in
1246 1030 1331 1070 fide
1364 1041 1562 1084 tanquam
1597 1045 1677 1068 nu-

255 1109 351 1165 ptiis
381 1108 580 1150 sociatur.
639 1108 752 1149 Illud
783 1119 923 1149 tamen
948 1109 1053 1149 nolo
1084 1125 1157 1149 vos
1187 1109 1325 1156 lateat,
1357 1108 1473 1162 quod
1495 1107 1677 1147 Hebraei

255 1198 409 1238 negant
439 1203 482 1227 se
521 1185 725 1240 scriptum
759 1185 936 1234 habere,
977 1186 1095 1240 quod
1133 1202 1212 1226 nos
1252 1187 1367 1240 apud
1414 1184 1676 1240 septuaginta

251 1266 501 1319 interpretes
530 1262 790 1303 invenimus:
830 1264 911 1312 „de
931 1262 972 1317 ¹)
1003 1278 1155 1314 genere
1186 1267 1305 1305 su0.“
1375 1262 1430 1302 Et
1472 1274 1583 1302 recte
1615 1261 1675 1301 illi

251 1359 341 1382 non
374 1342 532 1380 habent
561 1339 780 1394 scriptum.
849 1341 1002 1380 Ablata
1049 1351 1111 1380 est
1151 1339 1264 1380 enirn
1296 1340 1349 1380 ab
1380 1338 1458 1379 illis
1493 1338 1673 1394 propin-

252 1418 386 1474 quitas
416 1417 514 1465 Dei,
545 1417 683 1456 ablata
715 1427 775 1456 est
805 1416 980 1471 adoptio
1004 1417 1206 1464 filiorum,
1243 1428 1283 1457 et
1303 1416 1499 1456 translata
1531 1427 1590 1457 est
1620 1417 1673 1456 ad

252 1495 470 1536 ecclesiam
504 1493 672 1534 Christi.
743 1493 809 1534 Illi
852 1509 950 1544 ergo
991 1511 1081 1534 non
1111 1494 1271 1534 habent
1307 1493 1534 1549 scriptum,
1573 1493 1671 1548 quia

250 1575 303 1613 (le
334 1587 484 1623 genere
526 1570 683 1611 Christi
721 1571 824 1618 sint,
871 1570 978 1612 siCut
1016 1588 1095 1612 nec
1139 1588 1223 1613 esse
1262 1583 1526 1612 meruerunt.
1586 1572 1672 1612 Nos

249 1662 389 1690 autem
421 1649 494 1706 qui
525 1650 609 1690 hoc
640 1648 844 1703 scriptum
876 1649 1095 1697 habemus,
1127 1661 1164 1690 et
1193 1650 1381 1701 legimus,
1413 1651 1670 1700 gaudeamus

248 1727 420 1783 quidem
453 1729 505 1768 ‹le
536 1727 779 1779 dignatione
809 1727 905 1775 Dei,
935 1727 1008 1767 sed
1041 1737 1161 1767 caute
1192 1738 1231 1767 et
1254 1727 1426 1768 solliciti
1459 1745 1668 1776 curemus,

247 1821 302 1845 ne
332 1821 411 1845 nos
441 1805 523 1846 vita
551 1815 697 1844 nostra
736 1815 774 1844 et
813 1816 926 1844 actus
974 1821 1022 1845 ac
1059 1820 1199 1844 mores
1239 1804 1396 1844 saciant
1435 1804 1665 1860 aliquando

249 1882 494 1933 degeneres,
539 1896 594 1920 ne
634 1892 674 1921 et
708 1881 791 1921 hoc
830 1879 968 1935 ipsum
999 1880 1125 1920 nobis
1165 1882 1217 1921 ad
1259 1882 1662 1923 condemnationem

246 1960 440 2005 ducatur,
468 1959 586 2013 quod
619 1974 712 1998 cum
747 1972 874 2008 genus
906 1957 1034 1999 simus
1067 1957 1241 2007 Christi,
1269 1958 1472 2010 indignis,
1504 1971 1542 1999 et
1573 1961 1666 2000 foe-

243 2035 319 2083 dis,
349 2052 397 2075 ac
429 2034 649 2076 diabolicis
680 2035 840 2075 actibus
866 2037 1105 2076 serviamus.
1153 2035 1241 2089 Qui
1263 2037 1391 2076 habet
1406 2052 1504 2087 ergo
1532 2053 1663 2090 spon--

242 2130 345 2162 sam,
378 2129 559 2168 spor-sus
592 2123 661 2153 est.
726 2112 869 2160 Audis,
900 2113 1121 2167 quomodo
1154 2129 1331 2167 sponsus
1364 2113 1517 2153 dicitur
1538 2112 1661 2153 Chri-

239 2202 338 2238 stus,
367 2206 523 2245 sponsa
559 2206 660 2230 vero
692 2188 778 2246 ejus
808 2189 948 2231 anima
980 2189 1154 2238 dicitur,
1193 2206 1300 2245 quae
1330 2191 1429 2231 fidei
1458 2190 1661 2245 simplici·

241 2280 340 2316 tate,
382 2279 421 2307 et
461 2278 631 2307 actuum
670 2267 852 2322 puritate
888 2266 1136 2322 incorrupta
1186 2269 1397 2322 probatur
1447 2279 1485 2307 et
1526 2268 1656 2319 virgo.

239 2345 354 2386 Dicit
373 2345 485 2385 enim
506 2344 717 2385 Dominus
739 2356 867 2400 etper
881 2344 1107 2386 Jeremiam
1127 2345 1402 2400 prophetam:
1425 2359 1596 2393 „nonne
1611 2343 1658 2395 2)

236 2422 341 2463 sicut
371 2422 613 2463 Dominum
642 2438 725 2472 me,
756 2433 795 2463 et
824 2434 988 2478 patrem
1018 2421 1194 2473 vocasti,
1239 2433 1278 2462 et
1306 2421 1544 2478 principem
1575 2422 1655 2461 vir-

234 2499 414 2550 ginitatis
445 2512 540 2540 tuae
553 2498 600 2540 ?“

354 2658 395 2712 ¹)
426 2659 552 2700 [evit.
584 2659 703 2708 XXl,
736 2660 800 2703 13.

349 2726 396 2782 2)
430 2726 515 2767 Cfr.
543 2728 697 2770 Jerem.
731 2729 804 2778 Ill,
835 2728 873 2769 4.
907 2730 1003 2770 coll.
1038 2729 1177 2770 Codd.
1209 2728 1414 2768 hebraicis
1446 2739 1484 2768 et
1515 2727 1648 2768 LXX.

231 2782 421 2824 virorum
451 2785 653 2825 versione.
673 2810 725 2816 —-
751 2785 998 2827 Scribarum
1029 2786 1190 2826 incuria
1219 2786 1516 2834 „Dominum“
1544 2800 1646 2838 pro-

233 2840 354 2880 diisse
383 2856 463 2895 pro
494 2842 742 2890 ‚,‹lomum,“
770 2841 868 2881 licet
896 2854 1097 2885 neutrum
1129 2843 1386 2897 respoudeat
1412 2840 1543 2883 textui
1573 2840 1646 2880 he·

228 2896 392 2946 braieo,
421 2909 535 2938 recte
564 2895 736 2954 conjicit
764 2897 945 2941 Ruaeus.
