1752 3136
232 98 288 142 44
835 103 1054 148 Ommzms

231 214 332 256 loco
363 214 411 256 fit
440 213 626 266 mentio,
666 226 770 272 puto
808 233 886 273 per
924 218 1009 259 hoc
1038 233 1166 270 genus
1206 217 1375 275 plagae,
1416 216 1652 261 dissidentis

230 307 399 348 semper
429 310 449 334 a
479 309 524 335 se
555 305 595 335 et
624 293 908 336 discordantis
935 296 1111 337 humani
1137 296 1296 347 generis
1325 294 1650 336 inconstantiam

232 371 458 411 confutari.
529 371 712 412 Locusta
751 372 861 412 enim
905 389 1001 413 cum
1041 389 1180 425 regem
1219 390 1309 413 non
1341 372 1515 422 habeat,
1545 371 1652 414 sicut

232 446 452 502 Scriptura
483 447 608 489 dicit:
639 465 750 498 „una
769 448 811 504 ¹)
842 448 929 490 acie
961 449 1204 490 ordinatum
1234 449 1348 491 ducit
1375 448 1654 490 exercitum:“

230 523 428 566 homines
457 541 557 567 vero
590 542 688 567 cum
718 525 1051 579 rationabiles²)
1083 543 1104 567 a
1135 526 1231 567 Deo
1262 526 1361 568 facti
1389 526 1482 575 sint,
1512 543 1652 582 neque

229 612 363 642 semet
399 601 513 657 ipsos
557 603 750 644 ordinate
779 619 922 656 regere
952 614 1207 659 potuerunt,
1248 620 1387 660 neque
1425 603 1507 644 Dei
1548 604 1653 655 regis

227 677 439 734 patienter
475 680 771 722 moderamina
809 681 1036 736 pertulere.
1119 681 1245 721 Nona
1287 676 1409 737 plaga
1453 682 1653 723 tenebrae

228 767 341 807 sunt,
369 757 454 798 sive
486 769 530 798 ut
561 758 712 799 mentis
743 774 892 799 eorum
927 756 1102 799 caecitas
1141 769 1359 810 arguatur,
1397 758 1480 799 sive
1509 770 1556 800 ut
1584 757 1648 799 in-

227 833 419 886 telligant
449 833 615 876 divinae
645 834 967 891 dispensationis
1006 845 1046 875 et
1073 833 1368 890 providentiae
1408 835 1651 877 obscurissi-

228 929 320 954 mas
350 928 436 954 esse
462 913 660 955 rationes.
719 911 896 961 „Posuit
912 911 956 967 3)
989 911 1100 953 enim
1122 911 1241 952 Deus
1270 912 1464 954 tenebras
1493 911 1648 953 latibu—

227 988 320 1030 lum
349 995 514 1038 suum‚“
543 1006 653 1045 quas,
674 989 736 1031 illi
769 991 969 1031 audacter
1009 1001 1048 1031 et
1085 996 1244 1030 temere
1282 989 1538 1045 perscrutari
1578 1006 1651 1030 cu-

227 1065 404 1122 pientes,
440 1078 480 1108 et
508 1067 589 1108 alia
621 1083 668 1108 ex
697 1066 788 1108 aliis
819 1078 1060 1117 asserentes,
1087 1066 1132 1108 in
1163 1082 1317 1107 crassas
1349 1078 1389 1107 et
1417 1066 1652 1122 palpabiles

231 1159 428 1186 errorum
458 1145 654 1186 tenebras
684 1143 874 1185 devoluti
902 1155 1009 1185 sunt.
1076 1144 1145 1186 Ad
1182 1143 1380 1185 ultimum
1411 1144 1649 1200 primitivo-

228 1237 325 1260 rum
357 1220 539 1262 insertur
566 1221 781 1270 interitus,
819 1221 863 1262 in
906 1238 992 1277 quo
1033 1222 1080 1262 fit
1117 1219 1301 1263 fortassis
1332 1221 1493 1276 aliquid
1522 1238 1650 1277 supra

226 1309 417 1339 nostram
449 1298 781 1350 intelligentiam,
811 1300 930 1354 quod
961 1298 1233 1340 commissum
1264 1298 1316 1338 ab
1346 1299 1560 1357 Aegyptiis
1590 1298 1649 1338 vi-

230 1375 380 1415 deatur
408 1376 452 1417 in
485 1375 703 1417 ecclesiam
741 1375 1079 1431 primitivorum,
1117 1392 1224 1431 quae
1265 1373 1475 1430 adscripta
1517 1387 1575 1417 est
1603 1376 1646 1416 in

230 1452 370 1494 coelis.
426 1453 556 1494 Unde
587 1465 627 1494 et
657 1454 957 1495 exterminator
986 1454 1156 1506 angelus
1174 1452 1219 1508 ⁴²)
1259 1453 1313 1493 ad
1352 1450 1650 1509 hujuscemodi

227 1529 509 1572 ministerium
535 1531 729 1581 mittitur,
760 1530 833 1587 qui
862 1542 1010 1587 parcat
1038 1530 1120 1571 illis
1149 1541 1330 1580 tantum,
1361 1528 1433 1586 qui
1450 1542 1652 1586 utrosque

227 1620 371 1663 postes
402 1608 497 1660 agni
524 1594 916 1661 sanguine'inventi
945 1608 1104 1649 fuerint
1133 1608 1290 1648 habere
1317 1606 1513 1658 signatos.
1562 1608 1651 1648 De-

227 1684 371 1725 lentur
398 1684 567 1726 interim
597 1684 880 1740 primogenita
913 1683 1233 1741 Aegyptiorum,
1264 1683 1349 1725 sive
1379 1684 1458 1725 hos
1488 1685 1647 1739 princi—

227 1771 351 1816 patus
383 1772 422 1800 et
449 1772 698 1816 potestates,
739 1773 778 1802 et
813 1762 967 1803 mundi
1003 1759 1127 1816 hujus
1158 1772 1344 1802 rectores
1375 1762 1648 1804 tenebrarum

229 1826 442 1886 dicamus,
473 1854 579 1893 quos
607 1837 652 1878 in
682 1839 865 1879 adventu
904 1855 981 1879 suo
1017 1836 1204 1879 Christus
1245 1836 1462 1894 dicitur⁵)
1504 1841 1650 1880 tradu-

228 1913 358 1963 xisse,
394 1914 479 1955 hoc
517 1926 600 1965 est,
636 1915 823 1970 captivos
855 1913 1041 1964 duxisse,
1081 1925 1120 1954 et
1148 1914 1429 1970 triumphasse
1456 1916 1502 1957 in
1532 1917 1647 1970 ligno

230 1991 385 2032 crucis:
415 1991 561 2047 siv-2⁶)
599 2003 791 2033 auctores
833 2004 873 2033 et
912 1992 1152 2032 inventores
1190 1992 1415 2042 falsarum,
1456 2010 1565 2048 quae
1604 1994 1648 2035 in

227 2070 311 2109 hoc
341 2069 506 2109 mundo
538 2070 722 2118 suerunt,
750 2068 1005 2122 religionum
1037 2067 1238 2116 dicamus,
1269 2086 1370 2124 quas
1398 2069 1553 2112 Christi
1583 2089 1651 2113 ve—

227 2144 325 2187 ritas
355 2162 453 2186 cum
482 2146 565 2187 suis
594 2145 783 2187 exstinxit
816 2159 854 2187 et
885 2146 1037 2189 delevit
1067 2146 1325 2188 auctoribus.
1370 2146 1488 2188 Haec
1516 2165 1650 2204 quan-

227 2235 319 2265 tum
351 2224 405 2265 ad
434 2223 579 2264 locum
611 2223 832 2281 mysticum
861 2235 1032 2279 spectat.

341 2302 381 2344 8.
439 2300 535 2342 Jam
566 2315 665 2340 vero
695 2301 730 2342 si
761 2299 885 2341 etiam
915 2299 1088 2341 moralis
1118 2299 1245 2341 nobis
1265 2300 1398 2352 figura
1428 2304 1648 2344 tractanda

232 2390 303 2428 cst,
344 2379 554 2429 dicemus,
596 2378 714 2432 quod
756 2393 1038 2433 unaquaeque
1082 2377 1223 2419 anima
1259 2378 1305 2419 in
1346 2378 1431 2419 hoc
1470 2381 1651 2431 mundo,

347 2511 392 2566 ¹)
423 2510 545 2553 Prov.
576 2510 725 2560 XXX,
755 2511 822 2553 27.
854 2509 967 2569 (Cfr.
1001 2527 1093 2567 cap.
1123 2510 1314 2566 XXIV.)

346 2582 392 2635 ²)
423 2581 533 2622 Edd.
563 2580 760 2622 Merlini:
790 2581 1018 2622 rationales
1046 2607 1103 2614 —-
1129 2581 1231 2623 facti
1258 2593 1356 2623 sunt
1387 2593 1450 2622 etc

345 2651 393 2707 ³)
421 2651 576 2692 Psalm.
605 2650 762 2699 XVIII,
792 2651 856 2695 11.
888 2651 1073 2708 (XVII.)

347 2720 394 2777 ⁴)
426 2721 514 2761 Cfr.
544 2721 682 2762 Exod.
711 2720 812 2763 XII.
895 2773 899 2778 ἱ
933 2722 978 2776 ⁵)
1011 2721 1097 2763 Cfr.
1130 2721 1290 2765 Coloss.
1319 2722 1374 2772 ll,
1404 2722 1469 2764 15.

349 2790 395 2846 5)
426 2791 537 2832 Edd-
569 2788 764 2830 Merlini:
795 2790 879 2830 sive
896 2790 1135 2832 inventores
1156 2794 1370 2842 falsarum,
1400 2795 1482 2836 sive
1502 2805 1644 2835 aucto--

232 2865 309 2899 res,
339 2864 449 2904 quae
479 2872 530 2881 —-
562 2847 748 2897 fuerunt,
777 2847 1028 2902 religionum
1063 2859 1137 2890 etc.
