1752 3136
288 95 374 142 292
893 92 1116 136 Omsnms

285 209 443 252 dicitur
481 205 694 251 caritatis?
737 205 810 263 qui
850 218 981 248 semet
1021 206 1163 262 ipsum
1208 205 1499 264 exinanivit¹)
1537 219 1715 264 propter

285 287 515 336 caritatem,
546 301 674 341 quam
702 284 886 325 habebat
917 299 1011 334 erga
1032 272 1145 334 nos,
1176 295 1215 325 et
1244 300 1335 325 non
1375 284 1579 340 quaesivit
1607 301 1716 342 quae

284 381 359 407 sua
389 375 499 414 sunt,
530 379 627 404 cum
659 373 764 404 esset
793 360 978 417 aequalis
1010 361 1121 411 Deo,
1152 362 1225 402 sed
1265 361 1469 416 quaesivit
1500 377 1607 417 quae
1636 379 1718 402 no-

284 452 370 483 stra
399 451 519 489 sunt,
559 451 600 480 et
638 451 817 495 propter
856 439 938 479 hoc
988 439 1200 479 evacuavit
1230 439 1301 482 se?
1362 437 1470 478 Cum
1503 453 1600 490 ergo
1630 438 1719 487 ista,

287 532 397 572 quae
426 529 568 558 nostra
597 527 721 566 sunt,
752 515 997 572 quaesierit,
1035 526 1161 557 'nunc
1194 515 1277 572 jam
1310 532 1388 557 nos
1417 514 1716 573 non-quaerit,

286 609 367 635 nee
399 609 508 650 quae
549 605 693 635 nostra
735 604 835 634 suut
865 592 1040 644 cogitat,
1092 608 1171 633 nec
1212 594 1265 633 de
1307 592 1525 634 erroribus
1566 590 1718 632 nostris

286 683 464 721 moeret,
495 687 575 712 nec
606 668 869 725 perditiones
900 680 1061 710 nostras
1094 681 1133 710 et
1164 669 1438 711 contritiones
1468 669 1616 718 deflet,
1646 667 1720 723 qui

284 747 400 789 flevit
428 763 554 802 super
583 746 834 793 Jerusalem,
866 756 908 785 et
940 743 1043 786 dixit
1074 745 1127 784 ad
1160 759 1273 786 eam:
1318 745 1574 802 „quoties²)
1604 744 1723 787 volui

287 838 543 875 congregare
570 821 680 863 filios
707 832 821 870 tuos,
849 820 959 862 sicut
988 820 1144 873 gallina
1177 835 1404 876 congregat
1432 823 1575 877 pullos
1606 838 1718 871 suos,

286 911 327 941 et
355 897 590 962 noluisti?“
650 897 738 953 Qui
769 913 867 950 ergo
903 899 1078 940 vulnera
1118 910 1263 940 nostra
1295 899 1498 954 suscepit,
1547 910 1586 939 et
1616 915 1720 953 pro-

284 987 379 1034 pter
407 993 487 1018 nos
516 975 654 1017 doluit
682 987 898 1033 tamquam
929 975 1167 1016 animarum
1197 988 1456 1025 nostrarum3
1484 985 1523 1016 et
1560 990 1719 1029 corpo-

288 1071 385 1095 rum
415 1052 618 1102 medicus,
649 1054 786 1093 modo
818 1053 1042 1093 vulnerum
1082 1064 1329 1094 nostrorum
1371 1051 1615 1108 putredines
1645 1067 1720 1092 ne-

289 1129 436 1184 gligit?
463 1128 915 1186 „Computruerunt³)
947 1130 1074 1178 enim,
1104 1141 1151 1170 ut
1171 1130 1227 1170 ait
1255 1130 1482 1186 propheta,
1516 1140 1557 1170 et
1573 1145 1722 1169 corru-

287 1219 386 1263 ptae
414 1218 511 1249 sunt
539 1205 753 1247 cicatrices
784 1217 981 1256 nostrae,
1024 1223 1045 1248 a
1076 1206 1182 1248 facie
1213 1207 1479 1263 insipientiae
1507 1194 1737 1247 nostr-‘nef‘-

283 1284 373 1326 Pro
404 1283 465 1326 his
497 1299 595 1336 ergo
629 1283 829 1324 omnibus
861 1283 1019 1324 adsistit
1058 1299 1173 1324 nunc
1214 1284 1349 1325 vultui
1378 1283 1476 1333 Dei,
1506 1283 1713 1338 interpel-

283 1361 375 1403 lans
400 1376 480 1417 pro
510 1359 649 1410 nobis,
679 1358 840 1400 adsistit
868 1359 1001 1407 altari,
1030 1371 1078 1400 ut
1099 1359 1496 1415 repropitiationem
1533 1377 1613 1416 pro
1638 1377 1722 1401 no-

286 1439 352 1481 bis
383 1439 537 1479 offerat
565 1436 686 1479 Deo:
723 1447 769 1477 ·et
796 1435 897 1477 ideo
931 1436 1099 1477 dicebat
1136 1448 1354 1491 tamquam
1387 1453 1632 1478 accessurus
1665 1437 1720 1478 ad

288 1515 403 1556 istud
434 1515 586 1555 altare:
614 1512 739 1568 „quia
755 1511 802 1568 4)
831 1511 916 1568 jam
947 1529 1039 1554 non
1069 1512 1214 1554 bibam
1247 1515 1300 1554 de
1331 1514 1601 1566 generatione
1629 1512 1721 1555 vitis

292 1590 435 1649 hujus,
463 1591 603 1631 donec
632 1589 778 1631 bibam
821 1591 929 1631 illud
969 1590 1195 1632 vobiscum
1232 1597 1434 1633 novum.“
1497 1591 1725 1646 Exspectat

295 1683 409 1720 ergo,
440 1679 487 1709 ut
517 1679 829 1716 convertamur,
858 1666 963 1722 ut⁵)
993 1667 1124 1723 ipsius
1154 1667 1368 1710 imitemur
1388 1670 1647 1725 exemplum,
1674 1678 1724 1708 ut

291 1760 522 1801 sequamur
549 1743 717 1795 vestigia
749 1743 858 1800 ejus,
905 1755 944 1784 et
972 1745 1151 1786 laetetur
1177 1746 1415 1796 nobiseum,
1448 1758 1488 1787 et
1514 1744 1633 1786 bibat
1660 1744 1723 1786 vi-

291 1837 398 1862 num
428 1821 655 1862 nobiscum
685 1819 730 1860 in
762 1836 892 1872 regno
925 1821 1052 1875 patris
1082 1812 1159 1862 sui.
1207 1823 1334 1863 Nunc
1367 1823 1477 1864 enim
1511 1822 1609 1878 quia
1639 1819 1721 1861 mi·-

286 1896 464 1939 sericors
497 1908 578 1947 est,
620 1909 660 1938 et
688 1896 912 1938 miserator
942 1896 1179 1947 Dominus,
1221 1897 1385 1955 majore
1429 1901 1584 1940 affectu
1615 1900 1718 1954 ipse,

290 1990 418 2030 quam
449 1975 680 2029 Apostolus
712 1973 887 2030 suus,⁵)
918 1974 990 2015 fiet
1022 1992 1118 2016 cum
1141 1975 1356 2024 flentibus,
1389 1976 1506 2033 cupit
1536 1977 1719 2029 gaudere

289 2067 387 2092 cum
421 2050 711 2103 gaudentibus.
771 2052 827 2091 Et
857 2053 994 2093 multo
1026 2052 1154 2104 magis
1186 2053 1299 2104 luget
1315 2040 1360 2106 7’)
1390 2054 1479 2109 ipse
1511 2069 1601 2101 eos,
1643 2053 1722 2107 qui‘

288 2139 384 2169 ante
413 2139 716 2184 peccaverunt,
757 2140 797 2169 et
834 2145 926 2170 non
965 2141 1140 2181 egerunt
1180 2129 1500 2186 poenitentiam.
1567 2131 1719 2185 Neque

287 2205 401 2246 enim
430 2207 669 2262 putandum
701 2218 772 2256 est,
805 2207 922 2262 quod
950 2205 1106 2248 Paulus
1128 2207 1301 2263 quidem
1334 2208 1472 2260 lugeat
1501 2224 1580 2263 pro
1612 2223 1714 2262 pec-

288 2282 523 2333 catoribus,
562 2295 601 2324 et
638 2284 737 2325 fleat
773 2301 854 2340 pro
898 2284 1265 2340 delinquentibus:
1315 2285 1528 2326 Dominus
1570 2296 1710 2326 autem

406 2429 448 2483 1)
481 2430 664 2485 Philipp.
696 2431 750 2480 11,
782 2433 819 2474 7.
851 2432 890 2475 8.
925 2432 1020 2472 con.
1052 2433 1090 2474 6.

414 2499 460 2553 2)
493 2499 580 2541 cfr.
612 2501 765 2542 Mani..
797 2502 958 2551 xxm,
989 2503 1054 2544 37.

402 2567 448 2623 3)
483 2568 568 2610 cfr.
601 2569 759 2615 Psalm.
790 2571 1041 2621 xxxvm,
1072 2574 1111 2615 5.

405 2634 450 2691 ⁴)
483 2638 569 2680 cfr.
601 2639 753 2681 Manu.
785 2641 946 2692 XXVI,
985 2643 1053 2685 29.

402 2707 447 2761 ⁵)
476 2707 576 2748 BIss.
610 2721 682 2757 „ut
712 2710 841 2765 ipsius
874 2711 1130 2754 imitemur.“
1177 2711 1291 2752 Libri
1324 2711 1423 2754 editi
1445 2711 1516 2768 -ζν,
1551 2729 1581 2752 c.
1618 2712 1713 2752 edd.

286 2761 394 2819 M.>:
428 2774 496 2812 „et
526 2763 654 2819 ipsius
684 2765 940 2808 imitemurf‘
972 2766 1020 2809 R.

403 2832 448 2889 ὅ)
481 2832 568 2876 Cfr.
600 2834 726 2878 Rom.
759 2837 856 2888 XII,
888 2838 955 2881 15.
1077 2839 1120 2894 ⁷)
1153 2837 1238 2882 Cfr.
1272 2839 1314 2883 II
1343 2838 1444 2882 Cor.
1475 2837 1571 2890 XII,
1601 2838 1668 2901 215.
