1752 3136
523 126 572 157 m
600 115 801 157 Exonum
830 112 1031 156 HoMmA
1061 113 1134 154 111.
1483 112 1541 156 25

124 228 237 270 ditur
256 227 298 284 ¹)
329 228 452 269 etiam
483 228 589 277 hocs
609 228 726 283 quod
759 227 882 267 datur
912 225 1167 282 quibusdam
1195 224 1391 267 discretio
1421 224 1544 281 spiri-

122 317 254 346 tuum.
313 305 426 358 Ergo
456 304 682 360 spiritualis
717 315 775 346 est
805 304 958 354 gratia,
994 320 1074 359 per
1102 319 1230 359 quam
1259 302 1429 358 spiritus
1460 301 1544 343 (hs-

125 383 333 436 cernitur,
361 382 467 425 sicut
496 393 536 422 et
571 381 672 422 alibi
703 381 806 422 dicit
835 380 1087 436 Apostolus:
1118 380 1388 436 ,‚probate²)
1419 378 1543 434 spiri-

124 471 203 511 tus,
233 459 266 501 si
283 459 328 513 ³)
368 475 414 500 ex
443 447 540 500 Deo
583 470 692 500 sunt
695 463 719 482 “
786 458 872 498 Sed
912 458 1019 499 sicut
1047 458 1164 498 Deus
1205 456 1340 512 aperit
1369 473 1414 498 os
1448 472 1544 497 san-

124 548 313 586 ctorum,
340 535 396 577 ita
427 547 558 591 puto,
591 536 709 591 quod
741 546 780 575 et
809 551 928 576 aures
955 545 1204 575 sanctorum
1235 534 1352 575 Deus
1384 532 1546 589 aperiat

121 613 176 653 ad
206 612 418 654 audienda
448 615 575 654 verba
606 611 757 654 divina.
818 611 888 653 Sic
919 610 1032 653 enim
1064 610 1166 652 dicit
1185 610 1330 652 Esaias
1353 610 1543 666 prophe-

122 701 184 730 ta:
216 689 458 739 „Dominus
473 688 518 744 ⁴)
551 689 776 745 aperuit5)
807 688 913 730 mihi
944 704 1104 749 aurem,
1134 699 1179 729 ut
1207 688 1337 729 sciam
1367 687 1541 742 quando

122 778 318 821 oporteat
356 766 441 808 dici
478 768 703 808 verbum.“
769 766 839 808 Sic
858 752 865 774 '³
882 777 922 806 et
962 766 1111 807 oculos
1150 764 1288 821 aperit
1316 763 1545 812 Dominus,

119 844 227 884 sicut
255 844 421 899 aperuit
452 845 600 886 oculos
632 844 765 896 Agar:
806 855 872 894 „et
887 843 932 898 6)
971 842 1074 884 vidit
1110 853 1287 899 puteum
1319 857 1454 896 aquae
1483 840 1544 881 vi-

124 925 239 962 vae.“
298 922 383 963 Sed
416 933 455 963 et
475 920 694 962 Helisaeus
715 921 924 977 propheta
946 919 1066 961 dicit:
1098 918 1254 975 ,‚aperi,
1271 917 1317 973 7)
1341 917 1545 967 Domine,

123 998 272 1039 oculos
298 998 432 1054 pueri,
460 1010 508 1040 ut
536 999 686 1048 videat,
718 998 816 1054 quia
847 999 989 1054 plures
1018 997 1244 1039 nobiscum
1273 1007 1383 1045 sunt,
1415 1011 1545 1051 quam

122 1091 220 1115 cum
250 1075 508 1127 adversariis.
554 1076 609 1117 Et
625 1077 801 1132 aperuit,
829 1075 980 1131 inquit,
1001 1073 1217 1115 Dominus
1240 1074 1388 1114 oculos
1410 1073 1546 1129 pueri,

121 1164 160 1193 et
190 1169 300 1202 ecce,
329 1164 442 1195 totus
471 1170 594 1195 mons
624 1155 775 1209 plenus
806 1165 891 1194 erat
919 1152 1142 1208 equitibus,
1176 1162 1214 1192 et
1234 1150 1439 1199 curribus,
1471 1167 1547 1191 au-

118 1228 310 1285 xiliisque
341 1231 633 1274 coelestibus.“
687 1228 1026 1285 ‚,Circumdat⁸>
1070 1229 1183 1270 enim
1230 1229 1399 1281 angelus
1447 1228 1548 1269 Do-

121 1305 227 1347 mini
256 1307 300 1348 in
335 1306 512 1349 circuitu
542 1308 782 1349 timentium
815 1323 925 1355 eum,
964 1318 1012 1348 ut
1042 1306 1191 1362 eripiat
1224 1311 1334 1347 eos.“
1394 1305 1545 1360 Aperit

122 1400 234 1435 ergo,
264 1396 312 1426 ut
341 1385 533 1435 diximus,
563 1386 680 1427 Deus
713 1397 752 1426 et
783 1401 851 1435 os,
884 1395 922 1424 et
953 1400 1088 1433 aures,
1118 1394 1158 1424 et
1187 1383 1360 1435 oculos,
1404 1395 1451 1425 ut
1481 1384 1547 1424 vel

118 1461 370 1515 loquamur,
409 1464 475 1503 vel
505 1479 749 1511 cernamus,
786 1462 852 1502 vel
889 1461 1135 1511 audiamus,
1174 1477 1283 1516 quae
1321 1461 1405 1502 Dei
1434 1473 1546 1504 sunt.

121 1537 208 1578 Sed
253 1549 293 1578 et
327 1537 437 1579 illud
477 1555 569 1580 non
609 1540 746 1596 otiose
783 1538 970 1593 accipio,
1012 1538 1130 1593 quod
1172 1538 1275 1579 dicit
1310 1540 1546 1595 propheta:

119 1614 403 1671 „eruditio,9)
430 1615 589 1672 inquit,
632 1615 814 1657 Domini
852 1615 1017 1670 aperuit
1050 1615 1159 1656 mihi
1199 1621 1387 1657 aurem.“
1447 1616 1547 1658 Hoc

122 1692 229 1733 mihi
257 1691 424 1733 videtur
452 1694 504 1733 ad
534 1709 641 1743 nos,
671 1693 715 1734 id
745 1704 822 1742 est,
856 1693 1142 1733 communiter
1171 1694 1224 1734 ad
1256 1710 1429 1734 omnem
1459 1692 1546 1735 Dei

121 1769 340 1811 ecclesiam
370 1770 594 1826 pertinere.
662 1770 709 1812 Si
750 1769 863 1811 enim
892 1770 939 1811 in
968 1770 1149 1811 Domini
1180 1769 1422 1812 eruditione
1452 1786 1545 1812 ver-

120 1863 286 1899 semur,
324 1847 460 1902 aperit
504 1860 542 1889 et
580 1848 707 1890 nobis
730 1863 890 1888 *aurem
921 1846 1105 1888 Domini
1145 1847 1340 1889 eruditio.
1417 1847 1544 1889 Auris

122 1941 244 1974 vero,
287 1942 398 1980 quae
426 1941 504 1981 per
535 1925 819 1966 eruditionem
851 1925 1032 1979 Domini
1063 1925 1271 1981 aperitur,
1312 1940 1402 1965 non
1433 1941 1544 1965 sem-

123 2019 201 2059 per
229 2014 373 2058 aperta
415 2014 496 2053 est,
538 2004 612 2043 sed
649 2003 881 2058 aliquando
924 2014 1091 2058 aperta,
1131 1998 1363 2058 aliquando
1405 2003 1546 2044 clausa

122 2091 191 2120 est.
260 2079 375 2121 Audi
413 2079 696 2131 legislatorem
746 2081 980 2121 dicentem:
1020 2075 1194 2136 ‚‚ne¹'⁰)
1243 2078 1542 2135 receperis¹¹)

121 2155 313 2197 auditum
336 2162 530 2198 vanum.“
571 2158 617 2199 Si
639 2158 813 2214 quando
838 2174 936 2210 ergo
957 2174 1063 2198 vana
1083 2157 1297 2209 dicuntur,
1322 2156 1541 2212 siquando

241 2303 286 2358 ¹)
319 2303 453 2346 Cfr.1
488 2301 588 2344 Cor.
619 2303 716 2353 XII,
745 2306 810 2346 10.
928 2303 975 2358 ²)
1006 2304 1026 2343 I
1055 2304 1212 2345 Joann.
1261 2303 1332 2353 IV,
1359 2306 1381 2345 1.

239 2373 285 2429 3)
316 2373 430 2416 Alias
461 2374 520 2429 (v.
553 2390 586 2414 c.
617 2374 661 2414 in
685 2375 787 2416 edd.
818 2373 925 2427 Μ.);
956 2374 1057 2430 „qui
1088 2391 1136 2416 ex
1165 2375 1261 2415 Deo
1291 2380 1428 2417 sunt.“
1459 2375 1508 2417 R.

236 2443 282 2498 ⁴)
311 2444 435 2486 Jesai.
467 2444 513 2495 L,
544 2445 583 2486 4.
615 2445 712 2485 coll.
742 2444 780 2486 5.

238 2513 284 2568 ⁵)
314 2514 422 2556 Edd.
455 2514 649 2555 Merlini:
681 2513 784 2555 mihi
810 2515 985 2570 aperuit.

236 2584 282 2644 ⁶)
317 2583 469 2626 Genes.
501 2584 622 2637 XXI,
655 2585 718 2628 19.

240 2654 284 2709 ⁷)
315 2654 355 2694 II
384 2655 510 2709 Regg.
541 2655 612 2704 VI,
643 2657 708 2698 17.
740 2656 836 2697 coll.
867 2655 932 2708 16.
964 2655 1048 2712 (IV
1078 2655 1230 2711 Regg.)

240 2722 287 2779 8)
318 2723 472 2767 Psalm.
502 2724 707 2774 XXXIV,
737 2725 773 2768 7.
893 2725 939 2780 ⁹)
968 2725 1093 2768 Jesai.
1121 2726 1168 2776 L,
1197 2727 1239 2768 5.

215 2793 285 2849 ¹⁰)
315 2794 451 2836 Exod.
481 2793 647 2847 XXIII,
679 2796 714 2837 1.

214 2864 284 2919 ¹¹)
314 2865 426 2909 Alias
454 2866 514 2921 (e.
550 2882 583 2911 c.
615 2865 658 2908 iu
691 2866 786 2909 edd.
817 2866 926 2922 M.):
957 2866 1250 2924 „respexeris.“
1279 2868 1330 2909 R.
