1752 3136
212 96 297 140 366
813 93 1039 136 Onmssms

214 210 454 251 mortalem.
513 208 568 250 Et
597 208 694 250 ideo
725 208 933 264 propheta
966 205 1085 247 dicit:
1129 205 1360 261 „anima¹)
1401 221 1507 262 quae
1536 222 1637 262 pec-

214 300 293 336 cat,
321 287 409 342 ipsa
439 286 695 327 morietur:“
726 283 917 339 quamvis
948 296 1132 325 mortem
1164 281 1253 339 ejus
1284 299 1374 324 non
1405 285 1459 324 ad
1488 284 1635 325 interi-

214 377 303 405 tum
334 362 592 405 substantiae
622 361 873 411 sentiamus,
917 363 990 404 sed
1022 362 1105 402 hoc
1135 361 1299 417 ipsum,
1336 362 1454 416 quod
1499 360 1637 403 aliena

216 453 256 482 ct
287 441 461 482 extorris
490 441 541 482 sit
571 458 593 482 a
625 440 735 489 Deo,
766 440 839 496 qui
868 456 965 480 vera
996 439 1078 480 vita
1111 451 1182 487 est,
1210 455 1327 480 mors
1359 439 1397 480 ei
1429 454 1515 480 esse
1545 455 1636 480 cre-

215 519 355 559 denda
392 530 463 559 est.
522 517 651 558 Nulla
683 534 780 569 ergo
811 516 1082 572 participatio
1113 515 1222 570 sit2)
1261 513 1506 572 justitiae3)
1539 532 1637 557 cum

214 595 454 650 iniquitate,
499 596 616 636 nulla
658 596 835 635 societas
865 595 951 635 luci
991 595 1045 634 ad
1075 596 1291 644 tenebras,
1327 595 1454 637 ,nulla
1484 610 1639 635 conso-

214 672 358 713 nantia
391 671 561 713 Christo
605 688 701 711 cum
732 670 882 711 Belial.
951 671 996 711 Si
1038 670 1238 722 elegimus
1277 673 1427 722 vitam,
1470 686 1638 727 semper

214 752 410 799 vivemus,
441 765 556 788 mors
586 748 711 788 nobis
741 764 833 788 non
867 747 1176 797 dominabitur,
1208 760 1248 788 et
1276 749 1562 803 complebitur
1591 747 1636 787 in

214 827 341 868 nobis
386 842 526 867 sermo
567 823 768 873 Domini,
821 823 894 880 qui
933 824 1054 865 dixit:
1105 823 1266 880 ,‚qui4)
1307 825 1440 866 credit
1476 824 1521 865 in
1557 841 1639 874 me,

216 903 376 945 etiamsi
405 903 628 950 moriatur,
658 902 806 943 vivet.“
859 901 1076 954 Eligamus
1116 918 1214 955 ergo
1253 901 1404 952 vitam,
1441 902 1640 953 eligamus

216 983 369 1031 lucem,
399 992 447 1020 ut
476 980 519 1021 in
552 980 620 1020 die
649 980 827 1020 honeste
858 980 1137 1030 ambulemus,
1168 992 1216 1021 ut
1247 992 1286 1021 et
1315 995 1394 1021 nos
1419 991 1640 1035 sequentes

213 1059 360 1099 Jesum
392 1058 502 1098 intra
531 1057 723 1098 velamen
762 1057 1029 1097 tabernaculi
1066 1056 1302 1107 interioris,
1341 1056 1427 1114 jam
1466 1074 1558 1099 non
1587 1057 1642 1099 si-

214 1153 309 1176 mus
339 1147 385 1175 ut
415 1135 610 1175 homines
641 1135 855 1184 mortales,
884 1136 960 1175 sed
989 1146 1036 1175 ut
1067 1136 1204 1185 angeli
1234 1135 1511 1186 immortales,
1543 1152 1639 1176 curn

212 1214 490 1255 novissimum
529 1211 752 1253 inimicum
793 1212 1043 1253 destruxerit
1081 1223 1266 1254 mortem
1305 1212 1395 1268 ipse
1424 1212 1644 1254 Dominus

214 1289 424 1345 nomm-⁵)
454 1290 576 1331 Jesus
608 1288 824 1338 Christus,
864 1289 937 1345 qui
970 1301 1028 1330 est
1057 1288 1144 1339 via,
1187 1302 1225 1330 et
1255 1289 1427 1340 veritas,
1465 1302 1506 1330 et
1535 1289 1640 1331 vita:

217 1368 284 1410 cui
316 1368 451 1420 gloria
483 1377 526 1407 et
554 1366 784 1422 imperium
813 1364 859 1406 in
889 1366 1058 1408 saecula
1086 1367 1384 1408 saeculorum!
1446 1368 1599 1409 Amen.

607 1749 1103 1813 HOMILIA
1183 1750 1254 1798 X.

218 1878 287 1917 De
317 1874 499 1934 jejunio,
544 1876 663 1931 quod
701 1873 746 1914 in
785 1873 855 1914 die
894 1871 1211 1929 propitiationis
1245 1873 1313 1922 fit,
1355 1884 1395 1914 et
1428 1875 1480 1915 de
1510 1874 1646 1927 hirco,

613 1953 686 2008 qui
715 1952 760 1992 in
792 1967 983 1992 eremum
1015 1950 1256 1994 dimittitur.

332 2068 369 2108 1.
400 2066 490 2106 Nos
523 2066 719 2121 quidem,
766 2065 837 2120 qui
870 2067 923 2106 de
953 2064 1124 2106 ecclesia
1154 2082 1319 2114 sumus,
1363 2064 1514 2106 merito
1546 2066 1647 2107 Mo-

222 2160 293 2184 sen
325 2142 575 2197 recipimus,
618 2154 657 2184 et
686 2142 839 2198 scripta
871 2140 958 2199 ejus
988 2142 1187 2194 legimus,
1232 2141 1454 2184 sentientes
1495 2145 1548 2185 de
1579 2160 1645 2193 eo,

223 2222 341 2276 quod
372 2222 583 2276 propheta
616 2232 656 2260 et
686 2220 783 2260 Deo
813 2219 893 2262 sibi
914 2221 1138 2270 revelante,
1163 2219 1207 2261 in
1231 2219 1447 2279 symbolis,
1480 2232 1518 2261 et
1538 2221 1646 2273 figu-

222 2298 296 2348 ris,
342 2316 391 2340 ac
426 2298 576 2339 formis
624 2297 859 2350 allegoricis
904 2298 1202 2353 conscripserit
1243 2299 1388 2340 futura
1428 2299 1645 2354 mysteria,

223 2393 332 2429 quae
363 2377 634 2431 intempore
662 2393 739 2418 suo
773 2377 976 2417 docemus
1005 2375 1193 2431 impleta.
1266 2374 1354 2429 Qui
1393 2392 1494 2417 vero
1535 2375 1645 2432 ejus·

223 2453 343 2494 modi
381 2453 426 2492 in
467 2468 517 2493 eo
556 2469 646 2493 non
686 2452 837 2508 recipit
865 2469 1061 2504 sensum,
1111 2452 1197 2494 sive
1233 2453 1501 2494 Judaeorum
1541 2454 1648 2510 quis,

343 2633 388 2688 ¹)
417 2635 568 2676 Ezech.
599 2634 758 2684 XVIII,
790 2636 828 2677 4.
949 2634 994 2690 ²)
1025 2636 1105 2677 Ed.
1137 2634 1291 2677 Ruaei:
1321 2635 1378 2676 sit.

341 2703 388 2757 3)
423 2702 518 2743 Cfr.
545 2702 584 2742 II
617 2702 714 2746 Cor.
746 2705 816 2754 VI,
848 2705 914 2746 14.
945 2706 1011 2747 15.

346 2771 387 2825 4)
416 2772 490 2813 Εν.
523 2772 682 2813 Joann.
713 2773 790 2823 XI,
819 2776 886 2816 25.

348 2842 391 2896 ⁵)
423 2842 551 2887 Deest
581 2849 777 2896 ‚,noster“
809 2842 853 2886 in
885 2846 947 2887 cd.
979 2845 1125 2889 Ruaei.
