1752 3136
227 88 286 132 32
838 82 1061 127 OmGEle

230 201 317 250 bat,
348 197 446 256 quia
475 198 669 255 „expedit
685 197 730 253 ¹)
750 196 883 247 vohis,
914 210 960 238 ut
982 197 1194 238 moriatur
1214 213 1323 240 unus
1346 214 1426 253 pro
1451 200 1658 255 popuio,“

230 279 304 320 sed
337 276 441 333 quid
472 276 631 318 diceret
659 275 884 317 nesciebat.
930 276 1053 325 Nam,
1072 287 1119 316 ut
1141 277 1370 332 Apostolus
1392 275 1505 325 dicit,
1533 275 1659 317 Chri-

229 355 281 399 sti
295 355 342 411 ²)
373 355 541 405 „bonus
579 354 691 394 odor
718 370 886 404 sumus;
917 355 988 394 scd
1020 352 1130 402 aliis,
1159 353 1320 409 inquit,
1352 354 1463 393 odor
1494 353 1547 393 de
1576 353 1660 394 vita

229 432 274 474 in
305 432 444 481 vitam,
476 429 567 472 aliis
598 441 741 475 autem
774 431 886 471 odor
916 429 969 471 de
998 443 1138 471 morte
1167 430 1211 471 in
1242 436 1467 472 mortem.“
1524 430 1587 472 Ita
1619 442 1661 472 et

225 508 506 566 propheticus
547 524 689 549 sermo
726 508 863 548 suavis
905 508 1016 548 odor
1067 519 1126 549 cst
1178 508 1467 559 credentibus3
1521 507 1659 548 dubiis

227 604 330 630 vero
368 599 406 628 et
434 584 678 634 incredulis,
711 596 750 625 et
780 583 857 634 his,
889 584 961 640 qui
991 601 1034 625 se
1052 584 1265 641 populum
1284 586 1544 626 confitentur
1574 601 1661 626 esse

226 663 478 713 Pharaonis,
509 664 621 705 odor
650 662 911 703 exsecrabilis
944 661 1135 704 efficitur.
1207 661 1293 702 Sed
1326 673 1363 702 et
1393 659 1483 717 ipse
1513 662 1659 703 Moses

228 742 330 784 dicit
361 743 414 783 ad
443 739 706 787 Dominum,
750 737 847 794 quia
887 738 1021 792 „ex³)
1064 755 1149 793 quo
1189 739 1394 794 loquutus
1431 755 1524 780 sum
1561 755 1659 779 cum

225 821 478 867 Pharaone,
519 815 665 857 afflixit
700 815 914 870 populum
963 820 1128 856 tuum.“
1208 815 1381 856 Certum
1434 828 1493 856 est
1533 816 1659 869 enim,

227 895 325 954 quia
355 907 583 950 antequam
612 909 752 935 sermo
783 891 868 933 Dei
899 893 1107 941 audiatur,
1137 882 1657 949 antequam'praedicatio

226 973 368 1016 divina
399 980 609 1020 nascatur,
639 984 730 1010 non
763 980 823 1009 est
851 968 1088 1019 tribulatio,
1115 987 1205 1011 non
1237 981 1298 1011 est
1323 969 1526 1011 tentatio:
1559 971 1658 1026 quia

222 1050 303 1094 nisi
333 1048 534 1091 buccinet
561 1047 679 1096 tuba,
708 1062 800 1087 non
832 1045 1113 1087 committitur
1142 1047 1327 1099 bellum3
1365 1047 1442 1088 ubi
1471 1064 1572 1089 vero
1603 1047 1659 1089 si-

225 1145 355 1182 gnum
385 1124 490 1167 belli
518 1126 620 1166 tuba
649 1123 978 1179 praedicationis
1010 1125 1262 1176 ostenderit,
1292 1125 1374 1176 ibi,
1403 1124 1562 1181 inquit,
1592 1141 1658 1167 se-

225 1206 370 1262 quitur
399 1202 587 1252 afflictio,
615 1201 675 1243 ibi
711 1200 850 1242 omnis
880 1202 1209 1244 tribulationum
1248 1219 1391 1258 pugna
1429 1202 1656 1256 consurgit.

221 1283 287 1325 Ex
319 1296 404 1338 quo
438 1296 536 1333 ergo
567 1279 689 1335 loqui
718 1278 861 1333 coepit
877 1278 1019 1321 Moses
1051 1291 1090 1320 et
1119 1283 1266 1321 Aaron
1287 1281 1340 1320 ad
1367 1279 1654 1330 Pharaonem,

195 1345 422 1417 'affligitur
449 1358 639 1414 populus
670 1356 765 1398 Dei.
838 1356 900 1396 Ex
934 1373 1020 1412 quo
1064 1356 1108 1398 in
1139 1356 1324 1398 animam
1364 1369 1479 1398 tuam
1512 1373 1654 1397 sermo

220 1437 306 1478 Dei
338 1436 523 1493 perlatus
562 1445 643 1484 est,
680 1432 917 1475 necessario
958 1446 1172 1475 certamen
1216 1434 1324 1476 intra
1361 1448 1403 1477 te
1431 1432 1654 1475 virtutibus

218 1516 442 1556 adversum
474 1511 570 1552 vitia
596 1509 838 1562 suscitatur;
866 1509 984 1565 prius
1014 1526 1114 1551 vero
1148 1527 1275 1566 quam
1309 1510 1470 1552 veniret
1497 1527 1655 1561 sermo,

222 1589 297 1647 qui
327 1599 543 1639 argueret„
580 1586 678 1628 vitia
716 1586 828 1628 intra
867 1599 909 1628 te
946 1587 991 1627 in
1036 1604 1141 1643 pace
1187 1590 1422 1630 durabant:
1461 1589 1538 1630 sed
1575 1587 1653 1630 ubi

220 1684 362 1712 sermo
402 1665 488 1706 Dei
527 1667 666 1706 facere
707 1663 850 1720 coepit
886 1663 1220 1722 uniuscujusque
1260 1664 1508 1715 discrimen,
1549 1676 1653 1706 tunc

219 1742 487 1802 perturbatio
519 1758 671 1794 magna
702 1741 930 1793 consurgit,
962 1753 1002 1782 et
1031 1741 1120 1783 sine
1149 1743 1324 1783 foedere
1346 1742 1533 1783 nascitur
1555 1743 1649 1783 bel-

228 1824 330 1864 lum.
409 1819 520 1861 Cum
556 1817 759 1876 injustitia
800 1817 912 1859 enim
955 1819 1128 1873 quando
1160 1831 1298 1875 potest
1328 1819 1555 1861 convenire
1583 1819 1651 1876 ju-

215 1900 338 1948 stitia,
354 1897 621 1954 impudicitia
644 1913 740 1937 cum
759 1894 1000 1945 sobrietate,
1032 1913 1128 1937 cum
1152 1897 1322 1938 veritate
1344 1897 1651 1940 mendacium?

215 1978 275 2020 Et
310 1976 410 2018 ideo
448 1992 542 2016 non
590 1989 853 2028 magnopere
891 1974 1215 2027 perturbemur,
1260 1974 1293 2015 si
1332 1975 1498 2016 videtur
1536 1977 1650 2017 odor

214 2066 363 2098 noster
405 2050 668 2094 exsecrabilis
711 2068 797 2093 esse
837 2049 1063 2092 Pharaoni.
1145 2051 1436 2094 Exsecrationi
1462 2069 1649 2110 namque

216 2144 256 2175 et
286 2130 391 2173 vitiis
423 2128 591 2171 ducitur
619 2128 760 2171 virtus.
830 2128 950 2183 Quin
980 2128 1143 2184 potius,
1184 2140 1232 2169 ut
1258 2128 1304 2169 in
1333 2131 1648 2185 posterioribus

214 2209 335 2258 dicit,
376 2207 474 2265 quja
513 2205 623 2247 stetit
667 2205 808 2247 Moses
847 2218 943 2247 ante
981 2205 1277 2254 Pharaonem,
1324 2218 1479 2249 stemus
1520 2208 1647 2250 etiam

213 2304 293 2329 nos
334 2297 481 2327 contra
523 2282 817 2334 Pharaonem,
870 2294 910 2324 et
946 2300 1037 2324 non
1077 2282 1321 2334 flectamur,
1377 2287 1450 2327 sed
1489 2296 1646 2327 stemus

213 2362 443 2415 „succincti
459 2361 504 2416 ⁴)
537 2360 708 2402 lumh'os
738 2371 907 2402 nostros
937 2359 982 2400 in
1013 2360 1196 2410 veritate,
1228 2371 1268 2401 et
1299 2361 1472 2402 calceati
1510 2364 1642 2418 pedes

212 2441 255 2482 in
285 2441 612 2496 praeparatione
643 2437 844 2489 evangelii
873 2436 1030 2494 paciS.“
1090 2437 1162 2478 Sic
1193 2437 1307 2478 enim
1336 2454 1415 2480 nos
1446 2439 1644 2480 hortatur

212 2517 449 2574 Apostolus
489 2515 655 2557 dicens:
695 2514 887 2571 ‚‚state⁵)
929 2530 1052 2567 erge,
1093 2526 1133 2556 et
1172 2514 1307 2556 nolite
1346 2513 1498 2557 iterum
1541 2514 1640 2573 jugo

329 2698 373 2753 ¹)
403 2697 478 2736 Ev.
510 2695 669 2738 Joann.
702 2697 777 2747 XI,
809 2699 876 2741 50.
998 2698 1043 2755 ²)
1075 2698 1116 2738 II
1145 2700 1247 2743 Cor.
1275 2696 1328 2747 ῙῘ,
1359 2696 1424 2742 15.
1455 2697 1521 2741 16.

326 2767 372 2821 ³)
407 2766 495 2807 Csr.
518 2767 654 2810 Exod.
685 2768 737 2817 V,
773 2769 841 2812 23.
961 2767 1007 2824 ⁴)
1039 2767 1127 2810 Cfr.
1157 2767 1312 2824 Ephes.
1343 2767 1415 2818 Vl,
1446 2766 1514 2812 14.
1540 2767 1607 2810 15.

326 2836 371 2893 ⁵)
405 2836 492 2878 Csr.
525 2836 620 2878 Gal.
653 2837 704 2888 V,
736 2836 774 2878 1.
