1752 3136
681 109 709 140 U

218 152 303 194 378
791 141 794 143 ⁵
828 151 1049 193 Omomus

220 277 284 306 cte
315 263 644 321 justificationes,
675 274 713 304 ct
743 263 899 320 judicia
931 265 1212 320 appellantur,
1242 263 1395 318 quibus
1426 267 1543 319 quod
1574 264 1638 321 ju-

218 355 327 385 stum
360 355 419 383 est
449 342 637 397 recipere
666 341 879 398 judicatur
909 342 992 391 ille,
1024 341 1095 397 qui
1127 352 1284 396 peccat.
1357 342 1442 382 Sed
1476 341 1641 383 intuere

220 420 418 476 ordineJn
458 419 624 461 divinae
667 419 920 474 sapientiae:
958 438 1049 460 non
1091 420 1296 461 continuo
1338 435 1498 475 poenas
1544 436 1640 459 cum

217 498 366 554 primis
396 497 539 538 statuit
567 497 814 553 praeceptis.
859 499 962 539 Vult
979 498 1104 546 enim,
1136 508 1290 537 utnon
1317 508 1432 536 metu
1463 513 1642 551 poenae,

217 579 291 618 sed
324 593 468 617 amore
500 575 677 632 pietatis,
708 575 835 630 patris
852 588 1075 631 praecepta
1102 575 1336 617 custodias:
1371 574 1442 614 sed
1474 573 1505 614 si
1539 590 1642 614 con-

217 654 418 702 temseris,
447 671 538 694 non
568 665 653 693 tam
683 653 848 693 homiui
878 651 985 708 jam,
1016 670 1142 708 quam
1177 651 1432 693 contemtori
1462 652 1640 702 manda-

217 745 285 772 tur
334 748 487 787 poena.
555 730 716 771 'Primo
762 745 859 782 ergo
907 729 1165 781 benignitate
1210 729 1458 786 provocaris
1495 741 1547 791 ,ιιι
1592 731 1642 769 si-

216 793 319 850 lius}
351 824 454 859 „ego
478 807 520 859 ι)
551 807 663 848 enim
695 807 798 847 dixi:
843 807 901 847 dii
932 807 1048 857 estis,
1087 819 1127 848 et
1165 807 1240 847 filii
1273 808 1422 848 excelsi
1453 811 1642 847 omnes.“

220 886 353 941 Quod
383 885 415 927 si
445 884 555 926 silius
587 901 672 925 esse
705 885 908 925 obediens
939 902 1027 925 non
1060 885 1139 933 vis,
1177 895 1417 925 contemtor
1445 883 1641 938 plecteris

218 977 263 1005 ut
293 981 445 1007 servus.
505 962 609 1004 Post
640 964 742 1013 haec
775 961 895 1002 dicit:
936 961 1064 1018 ‚,et²)
1103 961 1136 1004 si
1168 963 1260 1018 quis
1292 961 1513 1002 dormierit
1545 977 1641 1000 cum

216 1060 330 1082 nuru
361 1058 456 1091 sua,
485 1053 627 1082 morte
668 1041 910 1082 moriantur
937 1042 1089 1091 ambo,
1132 1040 1391 1097 impietatem
1439 1041 1643 1087 fecerunt,

217 1120 278 1161 rei
309 1124 458 1162 sunt.“·
505 1119 561 1159 Et
592 1116 675 1159 has'
698 1119 819 1169 leges,
849 1119 913 1158 vel
946 1119 1047 1159 haec
1079 1130 1318 1174 praecepta,
1351 1119 1508 1172 absque
1537 1132 1644 1172 poe-

216 1198 281 1239 nis
311 1197 504 1253 superius
536 1197 731 1237 dederat:
764 1195 922 1236 dixerat
953 1196 1086 1236 enim:
1122 1195 1520 1252 ‚,turpitudinem³)
1561 1213 1641 1236 nu-

217 1293 287 1317 rus
320 1288 416 1316 tuae
445 1283 535 1315 non
567 1275 794 1325 revelabis,
840 1274 1045 1328 quoniam
1084 1291 1192 1314 uxor
1232 1273 1305 1315 filii
1339 1272 1400 1313 tui
1431 1284 1507 1321 cst,
1551 1290 1641 1314 non

217 1353 421 1394 revelabis
464 1351 773 1407 turpitudinem
808 1350 941 1408 ejus‚“
982 1362 1020 1391 et
1061 1350 1202 1392 omnia
1235 1368 1344 1406 quae
1372 1352 1641 1406 subsequun-

218 1444 298 1472 tur.
358 1430 412 1470 Et
441 1431 557 1470 hunc
587 1431 733 1470 locum
770 1428 895 1469 simili
936 1429 1070 1468 modo
1111 1428 1170 1469 ibi
1209 1430 1368 1484 absque
1410 1427 1642 1484 suppliciis,

171 1515 174 1521 '
219 1509 288 1549 hie
315 1525 415 1549 vero
450 1524 546 1547 cum
588 1506 759 1548 diversis
797 1505 1107 1561 suppliciorum
1149 1506 1373 1557 generibus
1415 1506 1643 1561 adscripsit.

220 1587 322 1641 Quo
353 1586 395 1626 in
427 1586 528 1627 l'oco
560 1586 768 1626 recordor
796 1584 1003 1626 sermonis
1035 1583 1159 1635 illius,
1190 1601 1314 1639 quem
1345 1585 1494 1624 beatus
1524 1585 1646 1638 Apo-

216 1665 352 1706 stolus
383 1664 542 1704 Paulus
574 1664 626 1703 ad
660 1662 1106 1703 Hebraeos-scribens
1149 1661 1221 1702 ait:
1253 1660 1511 1718 -‚,irritan1‘²)
1554 1661 1646 1717 quis

218 1741 374 1783 faciens
404 1743 540 1793 legem
571 1739 718 1789 Mosis‚
748 1739 838 1781 sine
867 1740 952 1781 ulla
981 1739 1252 1780 miseratione
1269 1740 1438 1780 duobus
1471 1751 1542 1780 aut
1570 1740 1646 1780 tri-

218 1822 298 1861 bus
328 1820 501 1861 testibus
532 1816 736 1858 moritur:
781 1828 942 1872 quanto
982 1815 1215 1873 majoribus
1251 1816 1465 1872 suppliciis
1497 1817 1646 1869 diguus

217 1897 452 1954 putabitur,
485 1896 556 1950 qui
586 1894 721 1935 filium
754 1893 838 1934 Dei
868 1894 1204 1944 conculcaverit,
1238 1905 1277 1933 et
1305 1895 1553 1945 sanguinem
1585 1907 1648 1935 te-

220 1975 416 2016 stamenti
447 1974 662 2028 pollutum
692 1970 875 2021 duxerit,
918 1971 961 2012 in
994 1988 1079 2026 quo
1111 1971 1394 2012 sanctificatus
1426 1984 1507 2021 est,
1547 1973 1647 2026 et⁵)

218 2051 385 2108 spiritui
429 2049 583 2103 gratiae
622 2049 926 2091 contumeliam
971 2048 1171 2090 fecerit?“
1229 2040 1375 2105 SedG)
1416 2067 1546 2106 quam
1588 2052 1645 2091 ob

222 2147 389 2171 causam
441 2127 704 2169 mentionem
752 2129 924 2169 fecerim
974 2128 1206 2183 scripturae
1252 2127 1400 2185 hujus,
1445 2129 1645 2170 ausculta.

222 2202 471 2249 Secundum
500 2206 636 2257 legem
667 2206 832 2246 adulter
871 2217 910 2245 et
950 2207 1138 2246 adultera
1170 2218 1309 2246 morte
1339 2204 1654 2257 moriebantur,

221 2302 300 2326 nec
332 2296 532 2340 poterant
563 2283 717 2333 dicere,
746 2283 1053 2338 poenitentiam
1083 2283 1281 2339 petimus,
1314 2295 1351 2324 et
1375 2283 1537 2324 veniam
1571 2285 1645 2324 de-

220 2379 461 2419 precamur.
537 2362 638 2401 Non
691 2373 781 2402 erat
820 2360 1004 2403 lacrimis
1046 2361 1192 2410 locus,
1235 2377 1313 2401 nec
1355 2360 1645 2403 emendationi

223 2440 310 2480 ulla
342 2439 658 2480 concedebatur
686 2439 875 2486 facultas,
905 2423 978 2479 sed
1011 2426 1262 2478 omnimode
1292 2437 1446 2492 punire
1475 2454 1643 2479 necesse

224 2529 337 2573 crat,.
357 2518 428 2573 qui
457 2514 699 2557 incurrisset
728 2516 772 2556 in
801 2515 948 2566 legem.
1024 2515 1120 2556 Hoc
1162 2526 1302 2556 autem
1331 2517 1577 2556 servabatur
1607 2527 1645 2555 et

344 2691 388 2747 ¹)
417 2692 571 2735 Psalm.
603 2691 825 2741 LXXXII,
854 2692 892 2734 6.
1015 2691 1061 2745 2)
1091 2691 1219 2732 Levit.
1250 2691 1350 2739 XX,
1380 2691 1446 2733 1⁶2.

341 2765 387 2816 ³)
419 2762 547 2803 Levit.
576 2761 738 2813 XVIII,
771 2762 836 2803 15.
956 2760 1001 2816 4)
1032 2760 1164 2802 Hebr.
1194 2761 1251 2809 X,
1280 2760 1347 2803 28.
1379 2761 1445 2803 29.

344 2834 390 2888 ⁵)
419 2833 531 2874 Edd.
562 2831 761 2872 B‘Ierlini:
792 2843 829 2871 et
853 2832 1047 2887 spiritum
1078 2833 1245 2884 gratiae.
1344 2846 1350 2850 ·

344 2903 390 2959 ⁶)
419 2903 531 2945 Edd.
563 2903 759 2946 Merlini:
792 2903 883 2946 Sed
911 2902 968 2945 ob
1001 2918 1131 2957 quam
1164 2918 1343 2944 causam*
