<?xml version="1.0" encoding="UTF-8"?>
<!DOCTYPE html PUBLIC "-//W3C//DTD XHTML 1.0 Transitional//EN"
    "http://www.w3.org/TR/xhtml1/DTD/xhtml1-transitional.dtd">
<html xmlns="http://www.w3.org/1999/xhtml" xml:lang="en" lang="en">
 <head>
  <title>
</title>
<meta http-equiv="Content-Type" content="text/html;charset=utf-8" />
  <meta name='ocr-system' content='tesseract 3.04.00' />
  <meta name='ocr-capabilities' content='ocr_page ocr_carea ocr_par ocr_line ocrx_word'/>
</head>
<body>
  <div class='ocr_page' id='page_1' title='image "./operaomniaquaegr09orig_0454.png"; bbox 0 0 1752 3136; ppageno 0'>
   <div class='ocr_carea' id='block_1_1' title="bbox 234 112 1066 161">
    <p class='ocr_par' dir='ltr' id='par_1_1' title="bbox 234 112 1066 161">
     <span class='ocr_line' id='line_1_1' title="bbox 234 112 1066 161; baseline -0.006 0"><span class='ocrx_word' id='word_1_1' title='bbox 234 119 317 161; x_wconf 69' lang='grc'><strong>412</strong></span> <span class='ocrx_word' id='word_1_2' title='bbox 624 113 637 126; x_wconf 57' lang='lat'>⁸</span> <span class='ocrx_word' id='word_1_3' title='bbox 842 112 1066 156; x_wconf 78' lang='lat' dir='ltr'>OBJGENIS</span> 
     </span>
    </p>
   </div>
   <div class='ocr_carea' id='block_1_2' title="bbox 232 225 1667 2074">
    <p class='ocr_par' dir='ltr' id='par_1_2' title="bbox 232 225 1665 1688">
     <span class='ocr_line' id='line_1_2' title="bbox 236 225 1659 288; baseline -0.001 -13"><span class='ocrx_word' id='word_1_4' title='bbox 236 248 318 275; x_wconf 74' lang='lat' dir='ltr'><strong>tvm</strong></span> <span class='ocrx_word' id='word_1_5' title='bbox 352 249 393 273; x_wconf 85' lang='lat' dir='ltr'><strong>se</strong></span> <span class='ocrx_word' id='word_1_6' title='bbox 425 230 647 271; x_wconf 83' lang='lat' dir='ltr'><strong>adversum</strong></span> <span class='ocrx_word' id='word_1_7' title='bbox 669 225 885 267; x_wconf 76' lang='lat' dir='ltr'><strong>scientiam</strong></span> <span class='ocrx_word' id='word_1_8' title='bbox 907 226 1102 269; x_wconf 68' lang='lat' dir='ltr'><strong>Christif‘</strong></span> <span class='ocrx_word' id='word_1_9' title='bbox 1148 227 1235 283; x_wconf 85' lang='lat' dir='ltr'><strong>Qui</strong></span> <span class='ocrx_word' id='word_1_10' title='bbox 1258 244 1356 282; x_wconf 79' lang='lat' dir='ltr'><strong>ergo</strong></span> <span class='ocrx_word' id='word_1_11' title='bbox 1378 230 1515 273; x_wconf 81' lang='lat' dir='ltr'>divina</span> <span class='ocrx_word' id='word_1_12' title='bbox 1536 249 1659 288; x_wconf 73' lang='lat' dir='ltr'><strong>prae-</strong></span> 
     </span>
     <span class='ocr_line' id='line_1_3' title="bbox 236 304 1661 367; baseline 0.002 -19"><span class='ocrx_word' id='word_1_13' title='bbox 236 324 354 367; x_wconf 68' lang='lat' dir='ltr'><strong>cepta</strong></span> <span class='ocrx_word' id='word_1_14' title='bbox 389 304 625 353; x_wconf 76' lang='lat' dir='ltr'><strong>servaverit,</strong></span> <span class='ocrx_word' id='word_1_15' title='bbox 655 306 854 346; x_wconf 76' lang='lat' dir='ltr'>mandata</span> <span class='ocrx_word' id='word_1_16' title='bbox 874 305 915 361; x_wconf 90' lang='lat'><strong>¹)</strong></span> <span class='ocrx_word' id='word_1_17' title='bbox 946 304 1034 362; x_wconf 81' lang='lat' dir='ltr'><strong>ejus</strong></span> <span class='ocrx_word' id='word_1_18' title='bbox 1068 307 1329 357; x_wconf 79' lang='lat' dir='ltr'><strong>custodierit,</strong></span> <span class='ocrx_word' id='word_1_19' title='bbox 1361 320 1401 349; x_wconf 84' lang='lat' dir='ltr'><strong>et</strong></span> <span class='ocrx_word' id='word_1_20' title='bbox 1420 309 1565 350; x_wconf 85' lang='lat' dir='ltr'><strong>fecerit</strong></span> <span class='ocrx_word' id='word_1_21' title='bbox 1596 322 1661 352; x_wconf 75' lang='lat' dir='ltr'><strong>eat</strong></span> 
     </span>
     <span class='ocr_line' id='line_1_4' title="bbox 235 384 1662 443; baseline -0.001 -12"><span class='ocrx_word' id='word_1_22' title='bbox 235 393 344 431; x_wconf 73' lang='lat' dir='ltr'>hanc</span> <span class='ocrx_word' id='word_1_23' title='bbox 376 401 577 443; x_wconf 79' lang='lat' dir='ltr'><strong>pugnam,</strong></span> <span class='ocrx_word' id='word_1_24' title='bbox 609 395 647 424; x_wconf 84' lang='lat' dir='ltr'><strong>et</strong></span> <span class='ocrx_word' id='word_1_25' title='bbox 677 384 777 424; x_wconf 75' lang='lat' dir='ltr'><strong>haec</strong></span> <span class='ocrx_word' id='word_1_26' title='bbox 811 384 922 425; x_wconf 81' lang='lat' dir='ltr'><strong>bella</strong></span> <span class='ocrx_word' id='word_1_27' title='bbox 955 401 1045 424; x_wconf 86' lang='lat' dir='ltr'><strong>non</strong></span> <span class='ocrx_word' id='word_1_28' title='bbox 1077 386 1247 440; x_wconf 76' lang='lat' dir='ltr'><strong>patitur,</strong></span> <span class='ocrx_word' id='word_1_29' title='bbox 1276 387 1350 428; x_wconf 85' lang='lat' dir='ltr'><strong>sed</strong></span> <span class='ocrx_word' id='word_1_30' title='bbox 1381 387 1499 429; x_wconf 89' lang='lat' dir='ltr'><strong>Deus</strong></span> <span class='ocrx_word' id='word_1_31' title='bbox 1529 390 1662 439; x_wconf 82' lang='lat' dir='ltr'><strong>auser,</strong></span> 
     </span>
     <span class='ocr_line' id='line_1_5' title="bbox 235 460 1662 523; baseline 0.001 -16"><span class='ocrx_word' id='word_1_32' title='bbox 235 485 279 508; x_wconf 73' lang='lat' dir='ltr'><strong>ca</strong></span> <span class='ocrx_word' id='word_1_33' title='bbox 314 467 367 506; x_wconf 83' lang='lat' dir='ltr'><strong>de</strong></span> <span class='ocrx_word' id='word_1_34' title='bbox 398 476 507 505; x_wconf 80' lang='lat' dir='ltr'><strong>terra</strong></span> <span class='ocrx_word' id='word_1_35' title='bbox 541 460 641 518; x_wconf 75' lang='lat' dir='ltr'><strong>ejus,</strong></span> <span class='ocrx_word' id='word_1_36' title='bbox 674 472 712 501; x_wconf 86' lang='lat' dir='ltr'><strong>et</strong></span> <span class='ocrx_word' id='word_1_37' title='bbox 743 477 832 501; x_wconf 83' lang='lat' dir='ltr'><strong>non</strong></span> <span class='ocrx_word' id='word_1_38' title='bbox 861 460 959 502; x_wconf 86' lang='lat' dir='ltr'><strong>sinit</strong></span> <span class='ocrx_word' id='word_1_39' title='bbox 991 479 1038 503; x_wconf 83' lang='lat' dir='ltr'><strong>ea</strong></span> <span class='ocrx_word' id='word_1_40' title='bbox 1068 464 1245 506; x_wconf 83' lang='lat' dir='ltr'><strong>transire</strong></span> <span class='ocrx_word' id='word_1_41' title='bbox 1274 480 1352 520; x_wconf 87' lang='lat' dir='ltr'><strong>per</strong></span> <span class='ocrx_word' id='word_1_42' title='bbox 1383 465 1565 507; x_wconf 81' lang='lat' dir='ltr'>animam</span> <span class='ocrx_word' id='word_1_43' title='bbox 1597 465 1662 523; x_wconf 84' lang='lat' dir='ltr'><strong>ju-</strong></span> 
     </span>
     <span class='ocr_line' id='line_1_6' title="bbox 233 538 1660 606; baseline -0.001 -20"><span class='ocrx_word' id='word_1_44' title='bbox 233 545 295 586; x_wconf 74' lang='lat' dir='ltr'><strong>sti.</strong></span> <span class='ocrx_word' id='word_1_45' title='bbox 354 540 497 595; x_wconf 78' lang='lat' dir='ltr'><strong>‚,Et²)</strong></span> <span class='ocrx_word' id='word_1_46' title='bbox 527 538 841 595; x_wconf 77' lang='lat' dir='ltr'><strong>persequemini</strong></span> <span class='ocrx_word' id='word_1_47' title='bbox 871 538 1070 581; x_wconf 85' lang='lat' dir='ltr'><strong>inimicos</strong></span> <span class='ocrx_word' id='word_1_48' title='bbox 1101 548 1299 584; x_wconf 81' lang='lat' dir='ltr'><strong>vestros.“</strong></span> <span class='ocrx_word' id='word_1_49' title='bbox 1367 544 1488 606; x_wconf 81' lang='lat' dir='ltr'><strong>Quos</strong></span> <span class='ocrx_word' id='word_1_50' title='bbox 1518 542 1660 585; x_wconf 84' lang='lat' dir='ltr'><strong>inimi-</strong></span> 
     </span>
     <span class='ocr_line' id='line_1_7' title="bbox 236 615 1663 677; baseline 0.001 -14"><span class='ocrx_word' id='word_1_51' title='bbox 236 640 319 671; x_wconf 82' lang='lat' dir='ltr'><strong>cos,</strong></span> <span class='ocrx_word' id='word_1_52' title='bbox 348 619 427 661; x_wconf 86' lang='lat' dir='ltr'><strong>nisi</strong></span> <span class='ocrx_word' id='word_1_53' title='bbox 458 618 595 674; x_wconf 84' lang='lat' dir='ltr'><strong>ipsum</strong></span> <span class='ocrx_word' id='word_1_54' title='bbox 630 615 852 656; x_wconf 74' lang='lat' dir='ltr'><strong>diabolum</strong></span> <span class='ocrx_word' id='word_1_55' title='bbox 885 626 926 656; x_wconf 84' lang='lat' dir='ltr'><strong>et</strong></span> <span class='ocrx_word' id='word_1_56' title='bbox 955 619 1127 669; x_wconf 80' lang='lat' dir='ltr'>angelos</span> <span class='ocrx_word' id='word_1_57' title='bbox 1159 617 1268 675; x_wconf 82' lang='lat' dir='ltr'><strong>ejus,</strong></span> <span class='ocrx_word' id='word_1_58' title='bbox 1299 633 1338 662; x_wconf 89' lang='lat' dir='ltr'><strong>ct</strong></span> <span class='ocrx_word' id='word_1_59' title='bbox 1370 621 1542 677; x_wconf 82' lang='lat' dir='ltr'><strong>spiritus</strong></span> <span class='ocrx_word' id='word_1_60' title='bbox 1573 640 1663 665; x_wconf 88' lang='lat' dir='ltr'><strong>ma-</strong></span> 
     </span>
     <span class='ocr_line' id='line_1_8' title="bbox 233 691 1662 752; baseline 0.002 -13"><span class='ocrx_word' id='word_1_61' title='bbox 233 701 383 752; x_wconf 75' lang='lat' dir='ltr'><strong>lignos,</strong></span> <span class='ocrx_word' id='word_1_62' title='bbox 417 708 456 737; x_wconf 86' lang='lat' dir='ltr'><strong>et</strong></span> <span class='ocrx_word' id='word_1_63' title='bbox 492 693 719 735; x_wconf 72' lang='lat' dir='ltr'><strong>daemonia</strong></span> <span class='ocrx_word' id='word_1_64' title='bbox 750 691 1007 735; x_wconf 80' lang='lat' dir='ltr'><strong>immunda?</strong></span> <span class='ocrx_word' id='word_1_65' title='bbox 1049 693 1359 751; x_wconf 80' lang='lat' dir='ltr'><strong>persequemur</strong></span> <span class='ocrx_word' id='word_1_66' title='bbox 1391 715 1437 740; x_wconf 82' lang='lat' dir='ltr'><strong>ea</strong></span> <span class='ocrx_word' id='word_1_67' title='bbox 1468 716 1558 740; x_wconf 89' lang='lat' dir='ltr'><strong>non</strong></span> <span class='ocrx_word' id='word_1_68' title='bbox 1590 717 1662 742; x_wconf 83' lang='lat' dir='ltr'><strong>so-</strong></span> 
     </span>
     <span class='ocr_line' id='line_1_9' title="bbox 234 770 1659 831; baseline 0 -13"><span class='ocrx_word' id='word_1_69' title='bbox 234 781 336 826; x_wconf 80' lang='lat' dir='ltr'><strong>lnm,</strong></span> <span class='ocrx_word' id='word_1_70' title='bbox 368 787 414 815; x_wconf 79' lang='lat' dir='ltr'><strong>ut</strong></span> <span class='ocrx_word' id='word_1_71' title='bbox 443 790 464 813; x_wconf 86' lang='lat' dir='ltr'>a</span> <span class='ocrx_word' id='word_1_72' title='bbox 496 771 620 812; x_wconf 86' lang='lat' dir='ltr'><strong>nobis</strong></span> <span class='ocrx_word' id='word_1_73' title='bbox 656 770 754 825; x_wconf 83' lang='lat' dir='ltr'><strong>ipsis</strong></span> <span class='ocrx_word' id='word_1_74' title='bbox 785 771 1034 822; x_wconf 83' lang='lat' dir='ltr'>effugemus,</span> <span class='ocrx_word' id='word_1_75' title='bbox 1063 774 1137 814; x_wconf 87' lang='lat' dir='ltr'><strong>sed</strong></span> <span class='ocrx_word' id='word_1_76' title='bbox 1169 785 1209 814; x_wconf 89' lang='lat' dir='ltr'><strong>et</strong></span> <span class='ocrx_word' id='word_1_77' title='bbox 1239 775 1292 815; x_wconf 86' lang='lat' dir='ltr'><strong>ab</strong></span> <span class='ocrx_word' id='word_1_78' title='bbox 1325 774 1426 826; x_wconf 81' lang='lat' dir='ltr'><strong>aliis,</strong></span> <span class='ocrx_word' id='word_1_79' title='bbox 1457 793 1564 831; x_wconf 90' lang='lat' dir='ltr'><strong>quos</strong></span> <span class='ocrx_word' id='word_1_80' title='bbox 1593 777 1659 818; x_wconf 84' lang='lat' dir='ltr'><strong>in-</strong></span> 
     </span>
     <span class='ocr_line' id='line_1_10' title="bbox 234 848 1663 909; baseline 0 -14"><span class='ocrx_word' id='word_1_81' title='bbox 234 865 424 902; x_wconf 80' lang='lat' dir='ltr'>cursant,</span> <span class='ocrx_word' id='word_1_82' title='bbox 465 850 498 891; x_wconf 88' lang='lat' dir='ltr'><strong>si</strong></span> <span class='ocrx_word' id='word_1_83' title='bbox 529 848 670 890; x_wconf 80' lang='lat' dir='ltr'><strong>divina</strong></span> <span class='ocrx_word' id='word_1_84' title='bbox 700 859 926 904; x_wconf 80' lang='lat' dir='ltr'><strong>praecepta</strong></span> <span class='ocrx_word' id='word_1_85' title='bbox 958 865 1183 892; x_wconf 77' lang='lat' dir='ltr'><strong>servemus.</strong></span> <span class='ocrx_word' id='word_1_86' title='bbox 1243 850 1663 909; x_wconf 83' lang='lat' dir='ltr'><strong>,‚Persequemini‚³)</strong></span> 
     </span>
     <span class='ocr_line' id='line_1_11' title="bbox 234 918 1663 987; baseline -0.001 -14"><span class='ocrx_word' id='word_1_87' title='bbox 234 931 392 987; x_wconf 84' lang='lat' dir='ltr'><strong>inquit,</strong></span> <span class='ocrx_word' id='word_1_88' title='bbox 436 926 632 969; x_wconf 80' lang='lat' dir='ltr'><strong>inimicos</strong></span> <span class='ocrx_word' id='word_1_89' title='bbox 672 937 852 976; x_wconf 79' lang='lat' dir='ltr'><strong>vestros,</strong></span> <span class='ocrx_word' id='word_1_90' title='bbox 903 939 942 967; x_wconf 91' lang='lat' dir='ltr'><strong>et</strong></span> <span class='ocrx_word' id='word_1_91' title='bbox 984 928 1136 969; x_wconf 87' lang='lat' dir='ltr'><strong>cadent</strong></span> <span class='ocrx_word' id='word_1_92' title='bbox 1170 927 1214 969; x_wconf 86' lang='lat' dir='ltr'><strong>in</strong></span> <span class='ocrx_word' id='word_1_93' title='bbox 1253 918 1486 985; x_wconf 84' lang='lat' dir='ltr'><strong>conspectu</strong></span> <span class='ocrx_word' id='word_1_94' title='bbox 1510 943 1663 984; x_wconf 38' lang='lat' dir='ltr'><strong>§vestro</strong></span> 
     </span>
     <span class='ocr_line' id='line_1_12' title="bbox 232 1003 1665 1061; baseline -0.001 -10"><span class='ocrx_word' id='word_1_95' title='bbox 232 1013 414 1051; x_wconf 82' lang='lat' dir='ltr'><strong>morte.“</strong></span> <span class='ocrx_word' id='word_1_96' title='bbox 473 1005 519 1047; x_wconf 90' lang='lat' dir='ltr'><strong>Si</strong></span> <span class='ocrx_word' id='word_1_97' title='bbox 551 1015 744 1045; x_wconf 78' lang='lat' dir='ltr'><strong>conterat</strong></span> <span class='ocrx_word' id='word_1_98' title='bbox 766 1003 967 1046; x_wconf 77' lang='lat' dir='ltr'><strong>satanam</strong></span> <span class='ocrx_word' id='word_1_99' title='bbox 1000 1006 1078 1046; x_wconf 89' lang='lat' dir='ltr'><strong>sub</strong></span> <span class='ocrx_word' id='word_1_100' title='bbox 1107 1006 1291 1061; x_wconf 89' lang='lat' dir='ltr'><strong>pedibus</strong></span> <span class='ocrx_word' id='word_1_101' title='bbox 1319 1008 1475 1050; x_wconf 87' lang='lat' dir='ltr'><strong>nostris</strong></span> <span class='ocrx_word' id='word_1_102' title='bbox 1507 1008 1665 1050; x_wconf 83' lang='lat' dir='ltr'><strong>veloci-</strong></span> 
     </span>
     <span class='ocr_line' id='line_1_13' title="bbox 234 1080 1662 1139; baseline 0.002 -14"><span class='ocrx_word' id='word_1_103' title='bbox 234 1101 296 1130; x_wconf 72' lang='lat' dir='ltr'><strong>ter</strong></span> <span class='ocrx_word' id='word_1_104' title='bbox 326 1087 459 1134; x_wconf 86' lang='lat' dir='ltr'><strong>Deus,</strong></span> <span class='ocrx_word' id='word_1_105' title='bbox 491 1083 645 1124; x_wconf 79' lang='lat' dir='ltr'><strong>cadent</strong></span> <span class='ocrx_word' id='word_1_106' title='bbox 674 1080 838 1122; x_wconf 85' lang='lat' dir='ltr'><strong>inimici</strong></span> <span class='ocrx_word' id='word_1_107' title='bbox 867 1081 912 1122; x_wconf 86' lang='lat' dir='ltr'><strong>in</strong></span> <span class='ocrx_word' id='word_1_108' title='bbox 943 1096 1176 1139; x_wconf 84' lang='lat' dir='ltr'><strong>conspectu</strong></span> <span class='ocrx_word' id='word_1_109' title='bbox 1207 1096 1356 1126; x_wconf 86' lang='lat' dir='ltr'>nostro</span> <span class='ocrx_word' id='word_1_110' title='bbox 1374 1098 1527 1128; x_wconf 87' lang='lat' dir='ltr'><strong>morte.</strong></span> <span class='ocrx_word' id='word_1_111' title='bbox 1575 1085 1662 1128; x_wconf 90' lang='lat' dir='ltr'><strong>Cu-</strong></span> 
     </span>
     <span class='ocr_line' id='line_1_14' title="bbox 233 1158 1663 1223; baseline 0.001 -18"><span class='ocrx_word' id='word_1_112' title='bbox 233 1166 298 1223; x_wconf 86' lang='lat' dir='ltr'><strong>jus</strong></span> <span class='ocrx_word' id='word_1_113' title='bbox 327 1160 496 1205; x_wconf 76' lang='lat' dir='ltr'><strong>morte?</strong></span> <span class='ocrx_word' id='word_1_114' title='bbox 553 1160 645 1211; x_wconf 83' lang='lat' dir='ltr'><strong>Ego</strong></span> <span class='ocrx_word' id='word_1_115' title='bbox 679 1158 875 1208; x_wconf 77' lang='lat' dir='ltr'><strong>arbitror,</strong></span> <span class='ocrx_word' id='word_1_116' title='bbox 907 1161 1027 1214; x_wconf 88' lang='lat' dir='ltr'><strong>quod</strong></span> <span class='ocrx_word' id='word_1_117' title='bbox 1058 1172 1225 1202; x_wconf 82' lang='lat' dir='ltr'><strong>nostra:</strong></span> <span class='ocrx_word' id='word_1_118' title='bbox 1256 1163 1289 1203; x_wconf 89' lang='lat' dir='ltr'><strong>si</strong></span> <span class='ocrx_word' id='word_1_119' title='bbox 1313 1162 1427 1204; x_wconf 84' lang='lat' dir='ltr'><strong>enim</strong></span> <span class='ocrx_word' id='word_1_120' title='bbox 1442 1180 1522 1205; x_wconf 89' lang='lat' dir='ltr'><strong>nos</strong></span> <span class='ocrx_word' id='word_1_121' title='bbox 1543 1181 1663 1205; x_wconf 87' lang='lat' dir='ltr'>rnor-</span> 
     </span>
     <span class='ocr_line' id='line_1_15' title="bbox 233 1239 1662 1293; baseline -0.008 -9"><span class='ocrx_word' id='word_1_122' title='bbox 233 1243 442 1286; x_wconf 79' lang='lat' dir='ltr'><strong>tificemus</strong></span> <span class='ocrx_word' id='word_1_123' title='bbox 471 1239 664 1279; x_wconf 78' lang='lat' dir='ltr'><strong>membra</strong></span> <span class='ocrx_word' id='word_1_124' title='bbox 695 1247 860 1284; x_wconf 80' lang='lat' dir='ltr'><strong>nostra,</strong></span> <span class='ocrx_word' id='word_1_125' title='bbox 893 1252 1002 1291; x_wconf 85' lang='lat' dir='ltr'><strong>quae</strong></span> <span class='ocrx_word' id='word_1_126' title='bbox 1031 1249 1129 1278; x_wconf 87' lang='lat' dir='ltr'><strong>sunt</strong></span> <span class='ocrx_word' id='word_1_127' title='bbox 1160 1254 1287 1293; x_wconf 84' lang='lat' dir='ltr'><strong>super</strong></span> <span class='ocrx_word' id='word_1_128' title='bbox 1316 1250 1495 1290; x_wconf 83' lang='lat' dir='ltr'><strong>terram,</strong></span> <span class='ocrx_word' id='word_1_129' title='bbox 1527 1241 1662 1283; x_wconf 79' lang='lat' dir='ltr'>sorni-</span> 
     </span>
     <span class='ocr_line' id='line_1_16' title="bbox 235 1312 1664 1367; baseline -0.002 -5"><span class='ocrx_word' id='word_1_130' title='bbox 235 1320 462 1367; x_wconf 68' lang='lat' dir='ltr'><strong>cntionem,</strong></span> <span class='ocrx_word' id='word_1_131' title='bbox 492 1314 824 1362; x_wconf 82' lang='lat' dir='ltr'>immunditiam,</span> <span class='ocrx_word' id='word_1_132' title='bbox 853 1312 888 1354; x_wconf 84' lang='lat' dir='ltr'><strong>si</strong></span> <span class='ocrx_word' id='word_1_133' title='bbox 918 1313 1029 1354; x_wconf 82' lang='lat' dir='ltr'>hanc</span> <span class='ocrx_word' id='word_1_134' title='bbox 1059 1326 1244 1355; x_wconf 85' lang='lat' dir='ltr'>mortem</span> <span class='ocrx_word' id='word_1_135' title='bbox 1274 1315 1506 1357; x_wconf 79' lang='lat' dir='ltr'><strong>inferamus</strong></span> <span class='ocrx_word' id='word_1_136' title='bbox 1528 1334 1664 1359; x_wconf 88' lang='lat' dir='ltr'><strong>mem-</strong></span> 
     </span>
     <span class='ocr_line' id='line_1_17' title="bbox 234 1389 1663 1448; baseline -0.002 -9"><span class='ocrx_word' id='word_1_137' title='bbox 234 1398 322 1439; x_wconf 83' lang='lat' dir='ltr'><strong>bris</strong></span> <span class='ocrx_word' id='word_1_138' title='bbox 351 1393 528 1443; x_wconf 85' lang='lat' dir='ltr'><strong>nostris,</strong></span> <span class='ocrx_word' id='word_1_139' title='bbox 569 1393 629 1433; x_wconf 83' lang='lat' dir='ltr'><strong>illi</strong></span> <span class='ocrx_word' id='word_1_140' title='bbox 671 1392 823 1433; x_wconf 84' lang='lat' dir='ltr'><strong>cadent</strong></span> <span class='ocrx_word' id='word_1_141' title='bbox 862 1390 907 1432; x_wconf 87' lang='lat' dir='ltr'><strong>in</strong></span> <span class='ocrx_word' id='word_1_142' title='bbox 936 1403 1172 1446; x_wconf 85' lang='lat' dir='ltr'><strong>conspectu</strong></span> <span class='ocrx_word' id='word_1_143' title='bbox 1201 1403 1362 1432; x_wconf 81' lang='lat' dir='ltr'><strong>nostro.</strong></span> <span class='ocrx_word' id='word_1_144' title='bbox 1422 1389 1663 1448; x_wconf 87' lang='lat' dir='ltr'>Quomodo</span> 
     </span>
     <span class='ocr_line' id='line_1_18' title="bbox 237 1467 1664 1527; baseline -0.001 -11"><span class='ocrx_word' id='word_1_145' title='bbox 237 1476 390 1516; x_wconf 82' lang='lat' dir='ltr'><strong>eadent</strong></span> <span class='ocrx_word' id='word_1_146' title='bbox 421 1473 465 1514; x_wconf 85' lang='lat' dir='ltr'><strong>in</strong></span> <span class='ocrx_word' id='word_1_147' title='bbox 499 1482 729 1527; x_wconf 82' lang='lat' dir='ltr'><strong>conspectu</strong></span> <span class='ocrx_word' id='word_1_148' title='bbox 761 1468 945 1512; x_wconf 81' lang='lat' dir='ltr'>nostro?</span> <span class='ocrx_word' id='word_1_149' title='bbox 1005 1468 1051 1511; x_wconf 82' lang='lat' dir='ltr'><strong>Si</strong></span> <span class='ocrx_word' id='word_1_150' title='bbox 1084 1481 1129 1511; x_wconf 80' lang='lat' dir='ltr'><strong>tu</strong></span> <span class='ocrx_word' id='word_1_151' title='bbox 1160 1467 1293 1525; x_wconf 70' lang='lat' dir='ltr'><strong>iustus</strong></span> <span class='ocrx_word' id='word_1_152' title='bbox 1321 1469 1387 1520; x_wconf 87' lang='lat' dir='ltr'><strong>sis,</strong></span> <span class='ocrx_word' id='word_1_153' title='bbox 1421 1471 1572 1513; x_wconf 86' lang='lat' dir='ltr'><strong>cecidit</strong></span> <span class='ocrx_word' id='word_1_154' title='bbox 1597 1474 1664 1514; x_wconf 83' lang='lat' dir='ltr'><strong>in-</strong></span> 
     </span>
     <span class='ocr_line' id='line_1_19' title="bbox 234 1546 1665 1609; baseline 0 -16"><span class='ocrx_word' id='word_1_155' title='bbox 234 1552 393 1609; x_wconf 77' lang='lat' dir='ltr'><strong>justitia</strong></span> <span class='ocrx_word' id='word_1_156' title='bbox 422 1551 467 1591; x_wconf 86' lang='lat' dir='ltr'><strong>in</strong></span> <span class='ocrx_word' id='word_1_157' title='bbox 497 1559 727 1604; x_wconf 85' lang='lat' dir='ltr'><strong>conspectu</strong></span> <span class='ocrx_word' id='word_1_158' title='bbox 761 1560 852 1590; x_wconf 79' lang='lat' dir='ltr'><strong>tuo.</strong></span> <span class='ocrx_word' id='word_1_159' title='bbox 903 1547 950 1589; x_wconf 83' lang='lat' dir='ltr'><strong>Si</strong></span> <span class='ocrx_word' id='word_1_160' title='bbox 983 1546 1194 1602; x_wconf 72' lang='lat' dir='ltr'><strong>castus,⁴)</strong></span> <span class='ocrx_word' id='word_1_161' title='bbox 1228 1547 1380 1589; x_wconf 84' lang='lat' dir='ltr'><strong>cecidit</strong></span> <span class='ocrx_word' id='word_1_162' title='bbox 1408 1548 1558 1591; x_wconf 87' lang='lat' dir='ltr'><strong>libido.</strong></span> <span class='ocrx_word' id='word_1_163' title='bbox 1617 1551 1665 1594; x_wconf 84' lang='lat' dir='ltr'><strong>Si</strong></span> 
     </span>
     <span class='ocr_line' id='line_1_20' title="bbox 235 1625 1250 1688; baseline -0.004 -16"><span class='ocrx_word' id='word_1_164' title='bbox 235 1629 345 1688; x_wconf 85' lang='lat' dir='ltr'><strong>pius,</strong></span> <span class='ocrx_word' id='word_1_165' title='bbox 379 1629 505 1670; x_wconf 80' lang='lat' dir='ltr'><strong>etiam</strong></span> <span class='ocrx_word' id='word_1_166' title='bbox 535 1625 624 1682; x_wconf 82' lang='lat' dir='ltr'><strong>ipsa</strong></span> <span class='ocrx_word' id='word_1_167' title='bbox 656 1625 848 1682; x_wconf 82' lang='lat' dir='ltr'>impietas</span> <span class='ocrx_word' id='word_1_168' title='bbox 879 1626 1041 1667; x_wconf 85' lang='lat' dir='ltr'><strong>corruit</strong></span> <span class='ocrx_word' id='word_1_169' title='bbox 1072 1637 1170 1667; x_wconf 82' lang='lat' dir='ltr'><strong>ante</strong></span> <span class='ocrx_word' id='word_1_170' title='bbox 1199 1637 1250 1668; x_wconf 85' lang='lat' dir='ltr'><strong>te.</strong></span> 
     </span>
    </p>

    <p class='ocr_par' dir='ltr' id='par_1_3' title="bbox 236 1703 1667 2074">
     <span class='ocr_line' id='line_1_21' title="bbox 349 1703 1666 1760; baseline 0 -12"><span class='ocrx_word' id='word_1_171' title='bbox 349 1708 388 1750; x_wconf 82' lang='grc'><strong>7.</strong></span> <span class='ocrx_word' id='word_1_172' title='bbox 417 1705 561 1760; x_wconf 81' lang='lat' dir='ltr'>„Et⁵)</span> <span class='ocrx_word' id='word_1_173' title='bbox 591 1714 900 1760; x_wconf 85' lang='lat' dir='ltr'><strong>persequentur</strong></span> <span class='ocrx_word' id='word_1_174' title='bbox 938 1720 987 1746; x_wconf 86' lang='lat' dir='ltr'><strong>ex</strong></span> <span class='ocrx_word' id='word_1_175' title='bbox 1017 1704 1135 1746; x_wconf 80' lang='lat' dir='ltr'><strong>vobis</strong></span> <span class='ocrx_word' id='word_1_176' title='bbox 1168 1703 1357 1760; x_wconf 90' lang='lat' dir='ltr'><strong>quinque</strong></span> <span class='ocrx_word' id='word_1_177' title='bbox 1389 1716 1580 1757; x_wconf 88' lang='lat' dir='ltr'><strong>centum,</strong></span> <span class='ocrx_word' id='word_1_178' title='bbox 1625 1718 1666 1748; x_wconf 85' lang='lat' dir='ltr'><strong>et</strong></span> 
     </span>
     <span class='ocr_line' id='line_1_22' title="bbox 237 1780 1666 1838; baseline -0.002 -10"><span class='ocrx_word' id='word_1_179' title='bbox 237 1797 409 1828; x_wconf 86' lang='lat' dir='ltr'><strong>centum</strong></span> <span class='ocrx_word' id='word_1_180' title='bbox 441 1800 488 1825; x_wconf 90' lang='lat' dir='ltr'><strong>ex</strong></span> <span class='ocrx_word' id='word_1_181' title='bbox 518 1782 639 1824; x_wconf 86' lang='lat' dir='ltr'><strong>vobis</strong></span> <span class='ocrx_word' id='word_1_182' title='bbox 678 1793 988 1838; x_wconf 82' lang='lat' dir='ltr'><strong>persequentur</strong></span> <span class='ocrx_word' id='word_1_183' title='bbox 1024 1781 1158 1822; x_wconf 89' lang='lat' dir='ltr'><strong>multa</strong></span> <span class='ocrx_word' id='word_1_184' title='bbox 1197 1780 1373 1822; x_wconf 78' lang='lat' dir='ltr'><strong>millia.“</strong></span> <span class='ocrx_word' id='word_1_185' title='bbox 1440 1781 1529 1836; x_wconf 84' lang='lat' dir='ltr'><strong>Qui</strong></span> <span class='ocrx_word' id='word_1_186' title='bbox 1567 1796 1666 1825; x_wconf 85' lang='lat' dir='ltr'><strong>sunt</strong></span> 
     </span>
     <span class='ocr_line' id='line_1_23' title="bbox 236 1856 1666 1919; baseline -0.003 -14"><span class='ocrx_word' id='word_1_187' title='bbox 236 1863 302 1906; x_wconf 87' lang='lat' dir='ltr'><strong>isti</strong></span> <span class='ocrx_word' id='word_1_188' title='bbox 334 1862 544 1919; x_wconf 82' lang='lat' dir='ltr'><strong>quinque,</strong></span> <span class='ocrx_word' id='word_1_189' title='bbox 578 1858 651 1916; x_wconf 88' lang='lat' dir='ltr'><strong>qui</strong></span> <span class='ocrx_word' id='word_1_190' title='bbox 681 1869 860 1915; x_wconf 86' lang='lat' dir='ltr'><strong>possunt</strong></span> <span class='ocrx_word' id='word_1_191' title='bbox 899 1859 1097 1915; x_wconf 80' lang='lat' dir='ltr'><strong>persequi</strong></span> <span class='ocrx_word' id='word_1_192' title='bbox 1138 1856 1340 1901; x_wconf 84' lang='lat' dir='ltr'><strong>centum?</strong></span> <span class='ocrx_word' id='word_1_193' title='bbox 1400 1858 1666 1916; x_wconf 78' lang='lat' dir='ltr'><strong>Quinque⁶)</strong></span> 
     </span>
     <span class='ocr_line' id='line_1_24' title="bbox 236 1935 1665 1993; baseline -0.002 -11"><span class='ocrx_word' id='word_1_194' title='bbox 236 1955 466 1988; x_wconf 89' lang='lat' dir='ltr'><strong>numerus,</strong></span> <span class='ocrx_word' id='word_1_195' title='bbox 495 1950 536 1982; x_wconf 77' lang='lat' dir='ltr'><strong>et</strong></span> <span class='ocrx_word' id='word_1_196' title='bbox 564 1937 608 1978; x_wconf 89' lang='lat' dir='ltr'><strong>in</strong></span> <span class='ocrx_word' id='word_1_197' title='bbox 640 1936 928 1978; x_wconf 83' lang='lat' dir='ltr'><strong>laudabilibus</strong></span> <span class='ocrx_word' id='word_1_198' title='bbox 956 1935 1154 1992; x_wconf 83' lang='lat' dir='ltr'><strong>ponitur,</strong></span> <span class='ocrx_word' id='word_1_199' title='bbox 1202 1947 1243 1977; x_wconf 88' lang='lat' dir='ltr'><strong>et</strong></span> <span class='ocrx_word' id='word_1_200' title='bbox 1282 1936 1329 1977; x_wconf 86' lang='lat' dir='ltr'><strong>in</strong></span> <span class='ocrx_word' id='word_1_201' title='bbox 1366 1937 1665 1993; x_wconf 81' lang='lat' dir='ltr'><strong>culpabilibus.</strong></span> 
     </span>
     <span class='ocr_line' id='line_1_25' title="bbox 239 2013 1667 2074; baseline -0.001 -15"><span class='ocrx_word' id='word_1_202' title='bbox 239 2016 505 2074; x_wconf 81' lang='lat' dir='ltr'><strong>Quinque⁷)</strong></span> <span class='ocrx_word' id='word_1_203' title='bbox 545 2027 643 2057; x_wconf 87' lang='lat' dir='ltr'><strong>sunt</strong></span> <span class='ocrx_word' id='word_1_204' title='bbox 679 2015 891 2071; x_wconf 83' lang='lat' dir='ltr'><strong>sapientes</strong></span> <span class='ocrx_word' id='word_1_205' title='bbox 926 2013 1130 2067; x_wconf 76' lang='lat' dir='ltr'><strong>virgines,</strong></span> <span class='ocrx_word' id='word_1_206' title='bbox 1172 2026 1212 2055; x_wconf 87' lang='lat' dir='ltr'><strong>et</strong></span> <span class='ocrx_word' id='word_1_207' title='bbox 1242 2013 1433 2070; x_wconf 89' lang='lat' dir='ltr'><strong>quinque</strong></span> <span class='ocrx_word' id='word_1_208' title='bbox 1461 2014 1667 2073; x_wconf 85' lang='lat' dir='ltr'><strong>insipien—</strong></span> 
     </span>
    </p>
   </div>
   <div class='ocr_carea' id='block_1_3' title="bbox 238 2091 1664 2150">
    <p class='ocr_par' dir='ltr' id='par_1_4' title="bbox 238 2091 1664 2150">
     <span class='ocr_line' id='line_1_26' title="bbox 238 2091 1664 2150; baseline -0.001 -12"><span class='ocrx_word' id='word_1_209' title='bbox 238 2108 308 2138; x_wconf 86' lang='lat' dir='ltr'><strong>tes.</strong></span> <span class='ocrx_word' id='word_1_210' title='bbox 369 2095 440 2138; x_wconf 87' lang='lat' dir='ltr'><strong>Sic</strong></span> <span class='ocrx_word' id='word_1_211' title='bbox 471 2110 570 2148; x_wconf 80' lang='lat' dir='ltr'><strong>ergo</strong></span> <span class='ocrx_word' id='word_1_212' title='bbox 603 2104 643 2135; x_wconf 91' lang='lat' dir='ltr'><strong>et</strong></span> <span class='ocrx_word' id='word_1_213' title='bbox 673 2091 940 2135; x_wconf 80' lang='lat' dir='ltr'><strong>centenarius</strong></span> <span class='ocrx_word' id='word_1_214' title='bbox 983 2107 1187 2135; x_wconf 88' lang='lat' dir='ltr'><strong>numerus</strong></span> <span class='ocrx_word' id='word_1_215' title='bbox 1225 2093 1280 2135; x_wconf 85' lang='lat' dir='ltr'><strong>ad</strong></span> <span class='ocrx_word' id='word_1_216' title='bbox 1310 2103 1536 2150; x_wconf 82' lang='lat' dir='ltr'><strong>utramque</strong></span> <span class='ocrx_word' id='word_1_217' title='bbox 1566 2110 1664 2150; x_wconf 79' lang='lat' dir='ltr'>par—</span> 
     </span>
    </p>
   </div>
   <div class='ocr_carea' id='block_1_4' title="bbox 355 2304 1528 2641">
    <p class='ocr_par' dir='ltr' id='par_1_5' title="bbox 359 2304 1052 2362">
     <span class='ocr_line' id='line_1_27' title="bbox 359 2304 1052 2362; baseline -0.003 -14"><span class='ocrx_word' id='word_1_218' title='bbox 359 2305 402 2362; x_wconf 83' lang='lat'><strong>¹)</strong></span> <span class='ocrx_word' id='word_1_219' title='bbox 433 2305 513 2348; x_wconf 87' lang='lat' dir='ltr'><strong>Ed.</strong></span> <span class='ocrx_word' id='word_1_220' title='bbox 545 2304 596 2346; x_wconf 82' lang='lat' dir='ltr'><strong>R.</strong></span> <span class='ocrx_word' id='word_1_221' title='bbox 627 2305 738 2346; x_wconf 83' lang='lat' dir='ltr'><strong>sola:</strong></span> <span class='ocrx_word' id='word_1_222' title='bbox 771 2316 811 2345; x_wconf 83' lang='lat' dir='ltr'><strong>et</strong></span> <span class='ocrx_word' id='word_1_223' title='bbox 839 2304 1052 2346; x_wconf 78' lang='lat' dir='ltr'><strong>mandata.</strong></span> 
     </span>
    </p>

    <p class='ocr_par' dir='ltr' id='par_1_6' title="bbox 357 2374 824 2432">
     <span class='ocr_line' id='line_1_28' title="bbox 357 2374 824 2432; baseline -0.002 -15"><span class='ocrx_word' id='word_1_224' title='bbox 357 2376 404 2432; x_wconf 83' lang='grc'><strong>2)</strong></span> <span class='ocrx_word' id='word_1_225' title='bbox 434 2374 562 2417; x_wconf 83' lang='lat' dir='ltr'><strong>Levit.</strong></span> <span class='ocrx_word' id='word_1_226' title='bbox 592 2375 755 2426; x_wconf 83' lang='lat' dir='ltr'>XXVI,</span> <span class='ocrx_word' id='word_1_227' title='bbox 785 2376 824 2418; x_wconf 84' lang='lat'><strong>7.</strong></span> 
     </span>
    </p>

    <p class='ocr_par' dir='ltr' id='par_1_7' title="bbox 355 2442 1528 2573">
     <span class='ocr_line' id='line_1_29' title="bbox 355 2442 1528 2503; baseline -0.001 -15"><span class='ocrx_word' id='word_1_228' title='bbox 355 2448 402 2503; x_wconf 79' lang='lat'><strong>³)</strong></span> <span class='ocrx_word' id='word_1_229' title='bbox 432 2447 561 2488; x_wconf 85' lang='lat' dir='ltr'><strong>Levit.</strong></span> <span class='ocrx_word' id='word_1_230' title='bbox 589 2444 752 2496; x_wconf 84' lang='lat' dir='ltr'>XXVI,</span> <span class='ocrx_word' id='word_1_231' title='bbox 782 2447 820 2489; x_wconf 89' lang='lat'><strong>7.</strong></span> <span class='ocrx_word' id='word_1_232' title='bbox 853 2470 904 2478; x_wconf 90' lang='lat'><strong>·—</strong></span> <span class='ocrx_word' id='word_1_233' title='bbox 935 2444 1046 2487; x_wconf 83' lang='lat' dir='ltr'><strong>Edd.</strong></span> <span class='ocrx_word' id='word_1_234' title='bbox 1079 2442 1272 2487; x_wconf 81' lang='lat' dir='ltr'><strong>Mer-lini:</strong></span> <span class='ocrx_word' id='word_1_235' title='bbox 1304 2443 1350 2486; x_wconf 85' lang='lat' dir='ltr'><strong>in</strong></span> <span class='ocrx_word' id='word_1_236' title='bbox 1378 2455 1528 2487; x_wconf 84' lang='lat' dir='ltr'><strong>morte.</strong></span> 
     </span>
     <span class='ocr_line' id='line_1_30' title="bbox 358 2515 1037 2573; baseline 0 -14"><span class='ocrx_word' id='word_1_237' title='bbox 358 2516 405 2573; x_wconf 65' lang='grc'><strong>4)</strong></span> <span class='ocrx_word' id='word_1_238' title='bbox 434 2518 546 2559; x_wconf 79' lang='lat' dir='ltr'><strong>Edd.</strong></span> <span class='ocrx_word' id='word_1_239' title='bbox 577 2515 773 2558; x_wconf 86' lang='lat' dir='ltr'><strong>Merlini:</strong></span> <span class='ocrx_word' id='word_1_240' title='bbox 806 2528 941 2558; x_wconf 84' lang='lat' dir='ltr'><strong>castus</strong></span> <span class='ocrx_word' id='word_1_241' title='bbox 970 2515 1037 2560; x_wconf 81' lang='lat' dir='ltr'><strong>sis.</strong></span> 
     </span>
    </p>

    <p class='ocr_par' dir='ltr' id='par_1_8' title="bbox 360 2586 829 2641">
     <span class='ocr_line' id='line_1_31' title="bbox 360 2586 829 2641; baseline -0.002 -13"><span class='ocrx_word' id='word_1_242' title='bbox 360 2589 406 2641; x_wconf 81' lang='grc'><strong>5)</strong></span> <span class='ocrx_word' id='word_1_243' title='bbox 437 2588 563 2630; x_wconf 83' lang='lat' dir='ltr'><strong>Levit.</strong></span> <span class='ocrx_word' id='word_1_244' title='bbox 593 2587 755 2637; x_wconf 82' lang='lat' dir='ltr'>XXVI,</span> <span class='ocrx_word' id='word_1_245' title='bbox 789 2586 829 2630; x_wconf 86' lang='lat'><strong>8.</strong></span> 
     </span>
    </p>
   </div>
   <div class='ocr_carea' id='block_1_5' title="bbox 242 2653 1664 2829">
    <p class='ocr_par' dir='ltr' id='par_1_9' title="bbox 242 2653 1664 2829">
     <span class='ocr_line' id='line_1_32' title="bbox 356 2653 1663 2715; baseline -0.005 -14"><span class='ocrx_word' id='word_1_246' title='bbox 356 2659 403 2715; x_wconf 73' lang='grc'><strong>6)</strong></span> <span class='ocrx_word' id='word_1_247' title='bbox 435 2660 551 2701; x_wconf 83' lang='lat' dir='ltr'>Libri</span> <span class='ocrx_word' id='word_1_248' title='bbox 582 2658 682 2701; x_wconf 82' lang='lat' dir='ltr'><strong>editi</strong></span> <span class='ocrx_word' id='word_1_249' title='bbox 722 2655 782 2713; x_wconf 79' lang='lat' dir='ltr'><strong>(v,</strong></span> <span class='ocrx_word' id='word_1_250' title='bbox 814 2673 848 2698; x_wconf 92' lang='lat' dir='ltr'><strong>c.</strong></span> <span class='ocrx_word' id='word_1_251' title='bbox 880 2657 976 2699; x_wconf 85' lang='lat' dir='ltr'><strong>edd.</strong></span> <span class='ocrx_word' id='word_1_252' title='bbox 1007 2656 1095 2712; x_wconf 83' lang='grc' dir='ltr'><strong>Μ.)</strong></span> <span class='ocrx_word' id='word_1_253' title='bbox 1133 2656 1203 2698; x_wconf 88' lang='lat' dir='ltr'><strong>hic</strong></span> <span class='ocrx_word' id='word_1_254' title='bbox 1239 2653 1285 2696; x_wconf 68' lang='lat' dir='ltr'><strong>&#39;et</strong></span> <span class='ocrx_word' id='word_1_255' title='bbox 1312 2655 1437 2706; x_wconf 80' lang='lat' dir='ltr'><strong>infra,</strong></span> <span class='ocrx_word' id='word_1_256' title='bbox 1469 2656 1541 2696; x_wconf 88' lang='lat' dir='ltr'><strong>csr.</strong></span> <span class='ocrx_word' id='word_1_257' title='bbox 1572 2670 1663 2709; x_wconf 75' lang='lat' dir='ltr'><strong>pag.</strong></span> 
     </span>
     <span class='ocr_line' id='line_1_33' title="bbox 242 2712 1664 2769; baseline -0.008 -8"><span class='ocrx_word' id='word_1_258' title='bbox 242 2718 338 2760; x_wconf 82' lang='lat'><strong>433.</strong></span> <span class='ocrx_word' id='word_1_259' title='bbox 377 2728 467 2758; x_wconf 87' lang='lat' dir='ltr'><strong>not.</strong></span> <span class='ocrx_word' id='word_1_260' title='bbox 511 2717 550 2758; x_wconf 87' lang='lat'><strong>1.</strong></span> <span class='ocrx_word' id='word_1_261' title='bbox 588 2714 904 2769; x_wconf 85' lang='lat' dir='ltr'><strong>„Quinquenus</strong></span> <span class='ocrx_word' id='word_1_262' title='bbox 945 2718 1200 2765; x_wconf 86' lang='lat' dir='ltr'><strong>numerus‚“</strong></span> <span class='ocrx_word' id='word_1_263' title='bbox 1237 2713 1311 2755; x_wconf 85' lang='lat' dir='ltr'><strong>sed</strong></span> <span class='ocrx_word' id='word_1_264' title='bbox 1350 2712 1449 2756; x_wconf 84' lang='lat' dir='ltr'><strong>Mss.</strong></span> <span class='ocrx_word' id='word_1_265' title='bbox 1495 2726 1664 2753; x_wconf 84' lang='lat' dir='ltr'><strong>omnes:</strong></span> 
     </span>
     <span class='ocr_line' id='line_1_34' title="bbox 243 2771 831 2829; baseline -0.007 -14"><span class='ocrx_word' id='word_1_266' title='bbox 243 2773 477 2829; x_wconf 79' lang='lat' dir='ltr'><strong>„Quinque</strong></span> <span class='ocrx_word' id='word_1_267' title='bbox 506 2776 749 2813; x_wconf 87' lang='lat' dir='ltr'><strong>numerus.“</strong></span> <span class='ocrx_word' id='word_1_268' title='bbox 777 2771 831 2812; x_wconf 83' lang='lat' dir='ltr'><strong>R.</strong></span> 
     </span>
    </p>
   </div>
   <div class='ocr_carea' id='block_1_6' title="bbox 361 2840 948 2898">
    <p class='ocr_par' dir='ltr' id='par_1_10' title="bbox 361 2840 948 2898">
     <span class='ocr_line' id='line_1_35' title="bbox 361 2840 948 2898; baseline 0 -15"><span class='ocrx_word' id='word_1_269' title='bbox 361 2841 406 2898; x_wconf 85' lang='lat'><strong>⁷)</strong></span> <span class='ocrx_word' id='word_1_270' title='bbox 440 2841 526 2884; x_wconf 82' lang='lat' dir='ltr'><strong>Cfr.</strong></span> <span class='ocrx_word' id='word_1_271' title='bbox 557 2841 710 2885; x_wconf 83' lang='lat' dir='ltr'><strong>Matth.</strong></span> <span class='ocrx_word' id='word_1_272' title='bbox 740 2840 881 2890; x_wconf 87' lang='lat' dir='ltr'>XXV,</span> <span class='ocrx_word' id='word_1_273' title='bbox 911 2841 948 2883; x_wconf 82' lang='grc'><strong>2.</strong></span> 
     </span>
    </p>
   </div>
  </div>
 </body>
</html>
