1752 3136
222 75 307 120 334
826 74 1046 117 OmGEms

222 190 266 232 in
299 187 482 245 peccatis
512 198 704 229 exortum
738 198 810 238 est,
839 213 891 220 —
922 189 1004 229 hoc
1036 187 1146 229 enim
1178 204 1293 229 nunc
1314 186 1389 243 pili
1418 187 1642 231 nominan-

225 280 294 308 tur
325 292 390 317 ——‚
422 265 621 323 jubeatur
650 263 843 322 abjicere.
910 265 1118 307 Peccator
1147 265 1259 306 enim
1295 282 1436 316 omne,
1467 269 1585 323 quod
1609 268 1646 309 ei

221 347 305 388 sive
333 346 377 387 in
409 342 587 385 consilio
618 356 762 386 natum
796 355 876 394 est,
914 343 999 385 sive
1036 343 1080 385 in
1111 344 1264 394 verbo,
1304 342 1387 384 sive
1426 343 1470 384 in
1502 360 1646 400 opere,

223 424 403 478 expedit,
433 422 467 463 si
494 437 592 463 vere
620 420 838 478 purificari
866 421 967 471 vult,
999 432 1045 462 ut
1072 421 1239 470 eradat,
1271 433 1310 462 et
1339 419 1528 477 abjicIat,
1566 436 1647 462 nec

222 499 407 541 residere
449 498 610 555 aliquid
645 499 840 555 patiatur.
911 498 1090 540 Sanctus
1131 510 1271 539 autem
1314 514 1479 540 servare
1520 499 1648 539 debet

223 594 396 620 omnem
429 576 648 632 capillum,
691 588 731 616 et
759 575 793 617 si
822 575 1024 631 possibile
1054 588 1133 628 est,
1171 592 1250 617 nec
1282 576 1542 619 adscendere
1572 576 1647 617 de-

221 657 294 696 bet
323 656 482 695 serrum
524 669 653 708 super
692 663 818 707 caput
861 650 970 708 ejus,
1014 668 1069 692 ne
1110 653 1356 694 abscindere
1395 652 1557 708 aliquid
1595 654 1648 695 de

223 730 548 784 cogitationibus
587 729 671 771 suis
711 728 991 785 sapientibus,
1036 738 1109 769 aut
1141 729 1283 779 dictis,
1335 742 1406 772 aut
1447 731 1647 787 operibus

222 810 366 866 possit.
425 808 531 847 Inde
561 804 748 861 denique
779 816 860 857 est,
901 806 1019 861 quod
1059 817 1098 846 et
1129 806 1319 847 samueli
1349 807 1510 849 ferrum
1541 807 1645 850 ‹lici-

222 885 349 941 tur¹)
381 902 468 926 non
501 882 768 925 adscendisse
795 898 924 939 super
954 894 1102 938 caput:
1139 884 1214 925 sed
1253 894 1295 924 et
1333 885 1532 928 omnibus
1561 886 1650 928 Na-

222 963 450 1015 zaraeis‚²)
483 960 555 1018 qui
583 972 682 1003 sunt
711 959 830 1018 justi,
872 959 968 1016 quia
1000 958 1153 1017 justus,
1193 959 1300 1002 sicut
1336 961 1543 1017 scriptum
1577 973 1649 1012 est,

224 1039 426 1096 omnia3)
465 1053 774 1095 „quaecunque
812 1037 980 1088 fecerit,
1024 1039 1417 1094 prosperabuntur,
1463 1051 1503 1080 et
1543 1039 1650 1081 folia

224 1117 312 1176 ejus
342 1134 430 1158 non
464 1115 700 1158 decident.“
759 1114 871 1156 Hinc
897 1125 937 1156 et
967 1113 1278 1170 discipulorum
1310 1114 1491 1157 Domini
1522 1116 1651 1158 etiam

222 1194 367 1251 capilli
399 1193 544 1250 capitis
576 1190 836 1247 dicuntur4)
882 1207 968 1234 esse
997 1191 1231 1232 numerati:
1263 1192 1345 1233 hoc
1377 1204 1459 1243 est,
1498 1209 1648 1235 onmes

222 1285 351 1323 actus,
383 1287 531 1313 omnes
561 1285 789 1318 sermones,
823 1284 969 1311 omnes
999 1267 1272 1321 cogitationes
1298 1286 1450 1311 corum
1480 1286 1650 1311 servan-

221 1364 289 1394 tur
320 1342 436 1406 apud
466 1349 626 1396 Deum,
656 1345 753 1402 quia
781 1345 930 1403 justae,
963 1347 1060 1401 quia
1089 1358 1257 1388 sanctae
1289 1358 1402 1388 sunt,
1443 1347 1649 1389 Peccato-

223 1444 317 1468 rum
350 1441 448 1465 vero
483 1440 611 1465 omne
642 1440 766 1479 opus,
797 1422 936 1464 omnis
966 1438 1130 1472 serm0,
1170 1422 1311 1464 omnis
1341 1423 1541 1476 cogitatio
1573 1425 1650 1465 de-

222 1505 294 1544 bet
325 1501 529 1544 abscindi.
588 1501 646 1542 Et
675 1501 758 1541 hoc
792 1511 870 1550 est,
911 1501 1031 1555 quod
1064 1498 1300 1556 dicitur:⁵)
1338 1511 1385 1541 ut
1415 1499 1552 1542 omnis
1581 1498 1649 1556 pi-

222 1581 286 1622 lus
318 1577 512 1635 corporis
544 1577 632 1636 ejus
663 1579 861 1627 radatur,
901 1589 939 1618 et
968 1588 1069 1618 tunc
1112 1577 1190 1619 erit
1228 1577 1428 1620 mundus.
1493 1578 1580 1620 Sed
1611 1589 1652 1620 et

222 1660 306 1698 hoc
337 1658 527 1706 observa,
559 1657 677 1712 quod
707 1671 798 1695 non
828 1653 986 1695 sufficit
1014 1653 1050 1694 ei
1078 1664 1178 1709 post
1197 1653 1556 1710 purificationem,
1585 1655 1651 1696 vel

223 1736 465 1777 vestimenta
495 1734 662 1783 lavisse,
700 1733 765 1773 vel
798 1747 971 1773 ornnem
1001 1730 1137 1786 pilum
1169 1730 1327 1781 rasisse,
1356 1731 1437 1774 nisi
1468 1743 1509 1773 et
1537 1733 1650 1774 lotus

221 1812 348 1853 fu‘erit
375 1810 418 1852 in
451 1827 571 1866 aqua.
618 1809 808 1865 Oportet
824 1824 1010 1863 namque
1042 1823 1138 1849 cum
1166 1806 1349 1864 abjicere
1380 1825 1527 1852 omnes
1556 1825 1651 1851 sor-

223 1893 308 1938 des,
340 1905 510 1930 omnem
541 1878 870 1935 immunditiam,
900 1901 990 1926 non
1020 1886 1161 1926 solum
1193 1886 1246 1926 de
1278 1884 1543 1936 vestimentis,
1575 1886 1650 1927 sed

224 1980 263 2009 et
293 1968 346 2007 de
376 1965 554 2022 proprio
588 1979 794 2020 corpore,
830 1973 879 2003 ut
919 1963 1035 2003 nulla
1065 1961 1110 2003 in
1142 1979 1192 2004 eo
1225 1964 1390 2004 macula
1423 1962 1649 2004 exstinctae

223 2048 368 2100 leprae
398 2043 589 2084 resideat.
645 2040 793 2081 Tertio
826 2054 924 2091 ergo
955 2056 1069 2081 nunc
1102 2039 1361 2096 purificatus,
1388 2039 1444 2081 ita
1476 2041 1650 2081 demum

225 2123 373 2175 dignus
406 2120 588 2160 efficitur
615 2118 780 2170 ingredi
811 2127 943 2158 castra
975 2116 1176 2158 Domini:
1215 2134 1306 2158 non
1336 2102 1480 2158 tamen
1512 2117 1651 2158 conti-

223 2216 311 2240 nuo
343 2196 600 2253 permittitur
629 2193 667 2236 ei
697 2194 875 2236 introire
906 2195 1084 2235 domum
1114 2212 1254 2245 suam,
1293 2195 1365 2237 sed
1399 2193 1572 2244 dicitur,
1602 2205 1650 2235 ut

225 2287 337 2316 extra
372 2275 549 2315 domum
578 2287 696 2314 suam
729 2282 897 2313 maneat
925 2283 1085 2327 septem
1125 2272 1300 2322 diebus,
1351 2282 1392 2313 et
1435 2271 1557 2312 radat
1599 2290 1650 2314 0-

222 2369 367 2394 mnem
397 2351 533 2408 pilum
564 2349 710 2406 capitis
754 2361 794 2390 et
831 2349 1012 2398 barbae,
1059 2360 1099 2390 et
1135 2347 1486 2406 superciliorum:
1527 2349 1647 2403 quasi

176 2455 181 2464 ι
222 2447 311 2470 non
342 2427 574 2477 suffecerit,
614 2428 733 2483 quod
773 2425 889 2482 prius
929 2441 1102 2467 omnem
1138 2426 1275 2482 pilum
1306 2436 1483 2475 raserat,
1525 2442 1643 2467 nunc

225 2506 410 2558 additur,
442 2517 487 2546 ut
518 2521 691 2547 omnem
721 2503 857 2560 pilum
890 2502 1035 2559 capitis
1067 2514 1107 2544 et
1130 2503 1302 2554 barbae,
1333 2513 1374 2544 et
1400 2501 1649 2558 supercilio„

340 2687 385 2742 ¹)
418 2685 504 2729 cfr.
536 2685 553 2725 I
586 2685 699 2727 Sam.
731 2685 763 2736 I,
795 2687 830 2727 1.
862 2686 912 2739 (1
945 2684 1096 2739 Regg.)

337 2756 384 2812 2>
419 2757 508 2801 Csr,
536 2756 667 2797 Num.
693 2755 763 2806 Vl,
793 2755 831 2797 5.
953 2754 998 2809 ἒ)
1030 2755 1183 2796 Psalm.
1215 2754 1247 2805 J,
1276 2756 1315 2798 3.

340 2828 388 2881 4)
418 2827 570 2869 Matth.
602 2825 657 2876 X,
687 2824 754 2868 30.
879 2824 924 2879 ⁵)
957 2824 1083 2867 Levit.
1115 2824 1231 2877 XIV,
1260 2823 1298 2867 8.
1330 2825 1369 2868 9.
