1752 3136
168 112 252 155 240
768 111 988 155 Omoems

169 235 265 266 ctat.
320 222 472 265 Nescio
505 235 668 275 autem,
706 224 740 266 si
769 242 993 280 possumus
1033 226 1156 268 etiam
1189 226 1243 267 ad
1272 224 1466 282 spiritum
1499 226 1587 285 ejus

169 302 427 343 adscendere
464 302 508 342 in
539 301 622 351 his,
663 318 772 357 quae
809 304 934 345 nobis
975 305 1027 344 de
1075 303 1289 345 sacrificiis
1314 304 1439 345 'lecta
1478 315 1588 345 sunt.

166 379 386 420 Debemus
419 377 531 419 enim
563 395 672 428 eum,
704 396 831 434 quem
861 380 1042 422 diximus
1068 381 1111 421 in
1151 380 1321 422 occulto
1360 381 1589 431 Judaeum,

167 456 271 497 sicut
289 454 561 504 ostendimus,
592 456 688 511 quia
708 473 798 498 non
815 474 954 507 carne,
984 459 1058 500 sed
1085 459 1215 499 corde
1247 457 1588 499 circumciditur:

166 533 222 574 ita
256 535 488 582 ostendere,
521 532 617 588 quia
650 546 687 574 et
717 535 922 575 sacrificat
951 552 1039 576 non
1072 535 1115 576 in
1148 552 1295 585 carne,
1326 537 1401 577 sed
1432 535 1586 576 corde:

166 623 205 651 et
235 610 330 666 quia
363 611 456 651 edet
487 612 539 651 de
568 611 782 652 sacrificiis
809 628 897 652 non
932 628 1113 662 carnem,
1132 612 1176 667 ¹)
1205 614 1278 654 sed
1310 612 1516 668 spiritum.

276 689 314 730 2.
347 688 433 728 Sed
462 687 675 728 videamus
702 684 810 742 jam,
856 704 964 743 quae
992 701 1090 729 sunt
1119 689 1214 741 illa,
1253 706 1361 746 quae
1394 692 1587 732 reserun-

163 777 232 806 tur
257 765 299 805 in
331 764 432 815 lege.
489 763 632 817 ‚‚Et²)
663 763 831 805 locutus
862 776 933 813 est,
962 765 1121 819 inquit,
1154 765 1371 809 Dominus
1401 770 1455 810 ad
1485 768 1586 809 Mo-

163 859 252 890 sen,
283 843 445 881 dicens:
476 840 654 895 loquere
685 841 739 882 ad
758 842 918 889 Aaron,
950 851 989 881 et
1018 840 1128 900 filiqs
1160 839 1259 898 ejus,
1280 844 1445 885 dicens:
1482 846 1586 886 haec

165 919 231 958 lex
261 915 476 973 peccati:“
507 928 548 957 ct
578 928 727 967 cetera,
760 917 929 974 quae3)
959 916 1002 958 in
1032 919 1245 974 praesenti
1273 919 1445 961 recitata
1476 931 1584 962 sunt.

161 995 219 1036 Et
249 1006 345 1037 ante
377 993 462 1050 jam
495 995 644 1037 dixisse
683 1011 761 1037 nos
798 995 999 1048 memini,
1052 996 1150 1052 quia
1188 996 1251 1036 lex
1288 1013 1380 1037 non
1419 1012 1588 1052 semper

161 1073 313 1114 iisdem
345 1073 488 1113 datur:
519 1074 594 1114 sed
625 1072 704 1114 alita
736 1071 909 1128 quidem
941 1075 1065 1115 datur
1096 1073 1191 1116 filiis
1222 1073 1361 1123 Israel,
1393 1074 1474 1115 alia
1507 1091 1582 1115 au-

159 1161 244 1190 tem
275 1149 372 1190 filiis
401 1150 569 1200 Aaron,
612 1148 691 1190 alia
723 1149 873 1201 etiam,
914 1150 1019 1191 sicut
1058 1149 1315 1206 jampridem
1346 1151 1586 1193 observavi-

158 1244 268 1276 mus,
296 1225 472 1282 Mosi4)
504 1238 543 1268 et
572 1228 731 1269 Aaron.
798 1227 874 1268 Est
913 1238 952 1268 et
983 1227 1063 1268 alia
1093 1229 1177 1278 lex,
1223 1245 1331 1284 quae
1361 1229 1442 1269 soli
1470 1227 1586 1269 Mosi

160 1305 295 1353 datur,
324 1303 380 1344 ita
411 1316 457 1344 ut
486 1320 565 1344 nec
591 1306 738 1344 Aaron
768 1304 868 1356 legis
897 1303 1025 1359 ipsius
1065 1305 1275 1361 particeps
1314 1307 1397 1347 fiat.
1467 1307 1584 1368 Qua-

157 1398 255 1422 rum
285 1398 363 1436 per
391 1380 555 1433 singula
585 1380 872 1422 distinctiones
905 1391 944 1420 et
969 1379 1235 1432 diversitates,
1267 1382 1358 1437 quis
1375 1382 1431 1423 ita
1449 1381 1585 1423 scien-

157 1459 239 1499 tiae
269 1460 386 1499 dono
418 1456 679 1499 illuminatus
713 1474 733 1498 a
765 1457 862 1498 Deo
896 1468 976 1508 est,
1021 1468 1067 1497 ut
1105 1457 1238 1512 possit
1269 1458 1430 1510 integre
1461 1475 1585 1514 aper-

156 1547 282 1590 teque
313 1533 546 1576 disserere?
579 1533 823 1575 Invenimus
855 1533 966 1575 enim
997 1533 1042 1574 in
1074 1534 1432 1590 consequentibus
1460 1551 1585 1591 prae-

159 1623 331 1667 ceptum
361 1610 545 1652 Domini
575 1612 630 1652 ad
659 1611 801 1653 solum
831 1611 987 1653 Mosen
1018 1611 1130 1662 dari,
1174 1623 1213 1652 et
1242 1609 1400 1668 juberi,
1430 1623 1478 1652 ut
1505 1627 1582 1668 pe-

159 1688 399 1730 ctusculum
433 1687 570 1729 arietis
600 1687 876 1744 perfectionis
905 1687 1021 1729 Mosi
1053 1688 1188 1739 detur,
1219 1689 1326 1730 sicut
1354 1688 1585 1744 praecepit,

155 1765 317 1821 inquit,
355 1764 572 1806 Dominus
610 1764 738 1806 Mosi.
807 1765 857 1804 In
900 1781 982 1819 qua
1012 1763 1214 1819 portione
1250 1781 1390 1820 neque
1420 1767 1581 1815 Aaron,

155 1858 296 1898 neque
330 1840 408 1881 filii
438 1840 526 1897 ejus
557 1840 783 1897 participes
811 1842 931 1883 fiunt.
999 1840 1054 1881 Et
1093 1840 1305 1882 invenitur
1333 1841 1423 1890 lex,
1474 1856 1583 1895 quae

155 1918 338 1975 pertinet
367 1918 421 1958 ad
451 1918 624 1958 arietem
655 1916 952 1972 perfeetionis,
984 1934 1073 1958 non
1104 1933 1227 1973 posse
1259 1917 1480 1972 pervenire
1509 1935 1580 1958 us-

158 2011 241 2051 que
271 1996 323 2036 ad
358 1996 520 2045 Aaron,
550 2011 690 2051 neque
721 1996 775 2035 ad
805 1994 916 2036 filios
948 1993 1056 2052 ejus,
1087 1995 1225 2035 multo
1257 1996 1385 2047 magis
1415 2010 1495 2035 nec
1526 1995 1580 2035 ad

155 2071 343 2128 reliquos
373 2071 544 2126 fili0s5)
575 2071 724 2120 Israel,
771 2072 845 2113 sed
889 2073 943 2112 ad
980 2073 1120 2113 solum
1161 2071 1338 2122 Mosen,
1389 2071 1463 2127 qui
1493 2083 1581 2112 erat

156 2148 315 2190 amicus
345 2149 440 2189 Dei.
499 2149 660 2190 Verum
692 2147 797 2203 quid
828 2164 935 2203 opus
966 2160 1049 2198 est„
1068 2165 1175 2204 quae
1197 2149 1479 2205 postmodum
1510 2164 1580 2189 re-

157 2225 325 2267 citanda
353 2236 462 2275 sunt,
491 2222 770 2281 praevenire?
825 2224 953 2266 Nunc
991 2226 1161 2267 interim
1202 2227 1266 2267 lex
1304 2224 1475 2266 recitata
1506 2235 1578 2274 est,

275 2400 316 2455 ¹)
351 2401 458 2443 Cod.
491 2401 794 2450 Sangerman.:
822 2416 1032 2450 „carnem,
1062 2402 1137 2441 sed
1167 2400 1401 2455 spiritum.“
1457 2397 1577 2440 Libri

157 2456 257 2497 editi
286 2460 344 2511 (v.
374 2475 406 2498 c.
439 2458 533 2499 edd.
570 2457 676 2510 MJ:
708 2473 876 2507 „carne,
907 2458 979 2497 sed
1008 2457 1197 2513 spiritu.“
1229 2457 1280 2497 R.

268 2526 313 2580 2)
345 2527 471 2568 Levit.
503 2528 576 2578 VI,
610 2529 675 2570 24.
708 2528 773 2569 25.
804 2543 919 2582 seqq.

272 2594 317 2650 3)
351 2595 458 2639 Cod.
491 2597 791 2648 Sangerman.:
821 2613 958 2651 „quae
986 2596 1031 2637 in
1062 2594 1310 2652 praesenti.“
1339 2593 1456 2635 Libri
1474 2592 1576 2635 editi

156 2651 214 2703 (v.
248 2667 282 2692 c.
316 2653 411 2693 edd.
443 2653 552 2707 M.):
586 2669 723 2709 „quae
752 2653 884 2708 paulo
916 2659 1048 2696 ante.“
1078 2652 1130 2693 R.

269 2719 314 2776 4)
344 2720 423 2762 Ed.
454 2722 588 2764 Ruaei
617 2723 730 2764 sola:
762 2721 876 2762 Mosi
907 2735 946 2764 et
975 2724 1122 2763 Aaron
1155 2730 1234 2761 est:
1266 2731 1303 2760 et
1319 2718 1399 2760 alia
1414 2720 1478 2760 lex
1498 2730 1572 2759 etc.

178 2790 462 2891 sliop‘lizibri
494 2791 593 2835 editi
623 2792 684 2848 (v,
718 2809 752 2836 c.
784 2793 879 2835 edd.
915 2789 1024 2847 Μ.>;
1055 2788 1307 2845 „filiorum,“
1348 2789 1423 2833 sed
1452 2786 1573 2830 Mss.:

151 2877 174 2898 Η
194 2865 205 2888 ¹
291 2880 300 2890 α
399 2880 408 2890 0
