1752 3136
212 134 268 177 54
826 133 1048 175 Omessms

218 258 330 297 esto,
366 260 446 286 nec
477 243 644 286 dubites
677 245 728 286 de
760 243 1008 302 hujusmodi
1051 245 1157 293 fide,
1197 243 1354 293 sciens,
1400 242 1499 298 quia
1529 243 1649 285 Deus

218 324 296 367 tibi
320 322 504 366 ostendit
519 322 629 363 hanc
654 322 754 363 fidei
786 323 907 363 viam.
959 323 1053 379 Ipse
1079 321 1187 362 enirn
1211 321 1332 362 dixit:
1364 321 1586 370 „tollentes
1608 323 1651 374 ¹)

220 404 272 444 de
305 402 458 444 Othon
488 411 646 447 castra,
689 399 897 440 collocate
939 416 987 442 ea
1024 399 1133 440 inter
1162 398 1429 453 Epaulwm,
1471 410 1509 438 et
1542 397 1651 438 inter

218 479 472 532 hlngdalum
502 488 651 518 contra
681 475 993 531 Beelscphon.“
1062 474 1247 527 Fugiens
1281 491 1378 527 crgo
1413 478 1650 533 Aegyptum

219 555 335 599 venis
366 557 420 597 ad
449 555 554 595 haec.
584 554 702 602 loca,
733 552 847 594 venis
880 555 933 594 ad
964 553 1037 594 has
1070 569 1249 608 operum
1285 553 1578 594 adscensiones
1612 564 1652 593 et

221 633 337 683 fidei,
364 633 479 674 venis
513 631 566 672 ad
597 630 839 670 aedificium
871 629 1017 679 turris,
1055 629 1169 670 venis
1203 628 1327 670 etiam
1361 632 1412 671 ad
1447 647 1585 679 mare,
1617 641 1656 671 et

226 721 458 753 occurrunt
486 708 563 749 tibi
595 706 756 747 fluctus.
817 707 918 747 Non
953 707 1064 747 enim
1095 706 1172 746 iter
1202 706 1311 747 vitae
1341 706 1430 748 sine
1460 706 1658 747 tentatio-

224 804 330 829 num
360 786 560 827 ssuctibus
593 783 739 836 agitur.
791 783 911 824 Sicut
931 795 969 824 et
991 784 1223 838 Apostolus
1255 783 1375 824 dicit:
1408 781 1659 837 „omnes‚²)

227 867 300 920 qui
330 865 482 904 volunt
511 861 583 918 pie
614 859 751 900 vivere
781 859 825 900 in
844 858 1032 909 Christo,
1061 860 1378 914 persecutiones
1407 861 1661 914 patientur.“

229 940 317 982 Sed
347 940 437 981 Job
468 936 750 980 nih{lominus
772 937 1037 994 pronuntiat,
1068 936 1165 992 quia
1197 937 1460 991 „tcntatio³)
1493 949 1550 979 est
1579 936 1661 978 vita

227 1028 372 1058 nostra
401 1032 530 1072 super
558 1019 757 1055 terram.“
817 1014 915 1055 Hoc
948 1027 1007 1055 est
1038 1031 1136 1067 ergo
1170 1014 1328 1056 venisse
1359 1015 1412 1054 ad
1443 1031 1573 1058 mare.

340 1095 380 1136 4.
414 1093 500 1135 Sed
529 1092 562 1134 si
592 1091 761 1140 RIosen,
791 1092 834 1133 id
868 1103 937 1141 est,
967 1093 1101 1143 legem
1139 1091 1222 1132 Dei
1241 1108 1418 1147 sequens
1450 1109 1543 1145 agas
1578 1093 1661 1134 hoc

229 1166 320 1218 iter,
353 1167 580 1226 Aegyptius
611 1179 652 1210 te
693 1168 866 1224 quidem
897 1170 1189 1224 persequitur,
1231 1180 1270 1209 et
1299 1169 1553 1220 insectatur,
1589 1172 1665 1213 sed

231 1243 328 1284 vide
359 1243 463 1298 quid
491 1243 585 1285 fiat:
614 1245 866 1300 ‚,levavit,¹²)
896 1245 1045 1302 inquit,
1079 1247 1249 1297 angelus
1270 1245 1463 1295 Domini,
1497 1248 1567 1302 qui
1589 1265 1664 1288 an-

231 1320 454 1360 tecedebat
485 1331 616 1364 castra
648 1322 790 1373 Israel,
820 1335 859 1364 et
888 1324 992 1365 abiit
1021 1334 1120 1378 post
1148 1321 1255 1364 illos.
1311 1323 1501 1364 Elevavit
1523 1336 1561 1364 et
1592 1342 1666 1366 co-

235 1397 384 1438 lumna
414 1397 540 1438 nubis
570 1412 594 1437 a
624 1398 732 1440 facie
764 1415 936 1450 eorum,
978 1412 1015 1441 et
1046 1399 1156 1441 stetit
1188 1412 1286 1455 post
1317 1400 1431 1449 illos,
1464 1413 1503 1442 et
1531 1401 1665 1444 intra-

234 1474 292 1515 vit
321 1474 430 1514 inter
461 1484 594 1515 castra
625 1476 934 1534 Aegyptiorum
975 1489 1014 1517 et
1043 1477 1369 1518 Israelitarum.“
1435 1476 1552 1519 Haec
1592 1495 1666 1520 co-

233 1552 381 1592 lumna
410 1551 537 1593 nubis
566 1553 734 1609 populo
767 1553 942 1608 quidem
972 1553 1058 1595 Dei
1101 1554 1286 1596 efficitur
1323 1571 1492 1604 murus,
1530 1556 1669 1615 Aegy-

239 1628 336 1684 ptiis
366 1644 466 1669 vero
501 1628 801 1670 obscuritatem
833 1630 1019 1686 imponit
1060 1642 1099 1671 et
1127 1632 1334 1674 tenebras.
1414 1633 1514 1673 Non
1555 1635 1667 1674 enim

236 1707 489 1747 transfertur
519 1706 720 1747 columna
750 1706 854 1758 ignis
886 1708 939 1748 ad
968 1709 1210 1765 Aegyptios,
1240 1720 1285 1749 ut
1316 1709 1486 1751 videant
1515 1712 1670 1760 lucem,

237 1785 311 1824 sed
342 1783 386 1824 in
415 1781 600 1823 tenebris
640 1795 919 1838 permanent,
962 1784 1059 1840 quia
1099 1785 1427 1841 ,‚dilexerunt⁵)
1472 1787 1668 1828 tenebras

238 1859 370 1911 magis
400 1875 528 1914 quam
558 1859 738 1900 lucem.“
814 1859 870 1900 Et
899 1872 944 1901 tu
977 1877 1099 1913 crgo,
1139 1861 1174 1903 si
1204 1863 1257 1902 ab
1298 1862 1511 1920 Aegyptiis
1550 1879 1669 1904 rece-

242 1938 329 1988 das,
362 1948 401 1977 et
435 1937 487 1976 de
517 1947 724 1991 potestate
756 1937 1018 1979 daemonum
1049 1937 1204 1990 fugias,
1244 1940 1339 1980 vide
1371 1951 1529 1995 quanta
1562 1940 1670 1981 divi-

238 2014 353 2055 nitus
381 2012 459 2054 tibi
492 2026 804 2069 praeparantur
844 2014 1016 2065 auxilia,
1059 2016 1153 2057 vide
1192 2015 1358 2071 quantis
1400 2015 1669 2072 adjutoribus

239 2090 380 2134 uteris.
440 2089 628 2131 Tantum
670 2101 749 2141 est,
791 2103 836 2132 ut
865 2107 1115 2147 permaneas
1145 2093 1266 2134 fortis
1306 2094 1351 2134 in
1390 2094 1487 2143 fide,
1520 2110 1600 2135 nec
1631 2106 1671 2135 te

241 2167 550 2225 Aegyptiorum
583 2166 802 2223 equitatus,
833 2180 873 2208 et
902 2169 1201 2223 quadrigarum
1221 2154 1411 2211 formido
1429 2181 1672 2225 perterreat,

239 2262 321 2287 nec
350 2246 554 2286 reclames
584 2256 732 2286 contra
763 2246 899 2297 legem
928 2245 1013 2288 Dei
1044 2259 1082 2288 et
1111 2247 1288 2297 Mosen,
1329 2257 1370 2287 et
1400 2247 1535 2298 dicas,
1566 2249 1674 2289 sicut

244 2322 420 2379 quidam
452 2338 498 2363 ex
530 2322 612 2363 illis
643 2322 860 2364 dixerunt:
903 2335 1135 2380 „tanquam
1153 2325 1195 2379 6)
1236 2341 1326 2365 non
1365 2336 1499 2365 essent
1527 2326 1672 2380 sepul-

243 2416 314 2441 cra
344 2399 391 2440 in
421 2401 637 2458 Aegypto,
680 2397 739 2440 ita
771 2401 949 2442 eduxisti
978 2418 1081 2452 nos,
1112 2413 1159 2442 ut
1186 2401 1232 2443 in
1263 2403 1427 2444 deserto
1460 2402 1546 2442 hoc
1576 2419 1672 2443 mo-

239 2473 413 2518 riamur.
471 2476 626 2517 Melius
658 2479 795 2519 fuerat
823 2494 902 2520 nos
931 2479 1086 2521 servire
1126 2478 1361 2537 Aegyptiis,
1402 2495 1529 2534 quam
1559 2479 1673 2521 mori

358 2657 403 2711 ¹)
437 2657 524 2699 Cfr.
555 2657 691 2700 Exod.
721 2660 838 2710 XIV,
867 2662 906 2704 2.
939 2660 1036 2701 coll.
1067 2660 1200 2704 LXX.
1241 2660 1432 2703 virorum
1464 2661 1668 2704 versione.

354 2726 401 2781 ²)
431 2727 472 2767 Π
503 2727 614 2768 Tim.
645 2729 718 2776 III,
748 2731 814 2772 12.
935 2730 981 2787 3)
1013 2731 1116 2773 Job.
1150 2732 1242 2782 VII,
1276 2735 1314 2775 1.

358 2795 404 2851 4)
436 2796 572 2840 Exod.
603 2798 721 2851 XIV,
753 2800 821 2842 19.
850 2802 916 2843 20.
1040 2801 1085 2858 ⁵)
1117 2802 1190 2844 Ev.
1223 2803 1378 2845 Joann.
1412 2802 1489 2853 III,
1521 2802 1586 2844 19.

356 2865 403 2920 ⁶)
435 2865 526 2909 Cfr.
556 2867 692 2911 Exod.
725 2869 841 2922 XIV,
875 2871 941 2914 11.
976 2873 1040 2915 12.
