1752 3136
481 153 528 183 m
557 140 758 182 Exonum
788 138 988 181 ΗοΜηιΑ
1018 137 1091 179 III.
1442 139 1496 182 31

81 254 234 298 dotalis
262 270 402 296 sermo
433 253 616 294 animam
645 251 826 294 solicitet
855 251 910 292 ad
947 249 1160 291 servitium
1189 249 1297 300 Dei,
1333 250 1501 293 invitet-

81 349 164 388 que
194 349 286 373 eam
318 331 427 372 exire
454 332 508 371 de
536 331 721 380 saeculo,
749 329 994 370 renuntiare
1016 328 1230 378 omnibus,
1260 343 1370 382 quae
1398 343 1502 383 pos-

79 409 199 460 sidet,
229 425 403 465 operam
432 409 532 449 dare
563 407 729 448 divinae
757 407 850 457 legi,
885 418 924 447 et
939 406 1058 461 sequi
1074 407 1250 446 verbum
1265 404 1365 456 Dei,
1395 421 1502 445 con·

80 486 202 527 tinuo
234 485 376 526 audies
407 483 491 525 dici
523 486 575 526 ab
609 484 685 533 his,
715 484 786 540 qni
809 483 1026 538 Pharaoni
1055 484 1275 525 unanimes
1307 493 1346 523 et
1376 481 1502 525 amici

80 575 196 605 sunt:
226 562 389 611 Videte,
421 563 645 617 quomodo
675 562 935 604 seducuntur
957 561 1163 610 homines,
1195 573 1233 601 et
1253 571 1504 617 pervertun-

79 653 160 690 tur,
191 640 333 695 quales
358 640 656 689 adolescentes,
685 655 739 680 ne
763 640 974 688 laborent,
1003 654 1058 680 ne
1083 637 1276 687 militent,
1305 653 1359 678 ne
1380 646 1507 687 agant

81 717 252 773 aliquid,
283 718 401 772 quod
419 716 467 758 iis
496 716 644 772 prosit,
673 716 828 757 relictis
856 716 981 756 rebus
1000 714 1243 758 necessariis
1265 726 1304 756 et
1328 713 1503 754 utilibus

77 794 258 850 ineptias
294 805 505 835 sectantur
544 804 583 834 et
623 793 772 834 olium.
840 791 960 847 Quid
999 804 1058 834 est
1094 791 1249 833 servire
1277 789 1504 834 Domino?

78 872 295 912 Laborare
325 871 491 921 nolunt,
521 882 558 912 et
589 869 733 914 inertis
749 871 826 912 otii
847 869 1092 912 occasiones
1112 870 1345 924 requirunt.
1383 868 1503 910 Haec

83 961 202 991 erant
230 960 332 989 tunc
361 950 489 989 verba
520 948 776 998 Pharaonis,
815 949 920 989 haec
959 958 1000 989 et
1036 965 1154 989 nunc
1188 947 1312 989 amici
1342 945 1431 1003 ejus
1462 957 1502 986 et

80 1026 307 1068 familiares
337 1026 586 1081 loquuntur.
655 1026 755 1066 Non
789 1027 930 1066 solum
969 1025 1105 1067 verbis
1144 1041 1208 1066 res
1239 1025 1395 1076 agitur,
1438 1039 1504 1065 se-

84 1115 273 1160 quuntur
302 1092 343 1144 et
370 1104 567 1152 verbera,
612 1102 811 1155 flagellari
852 1101 973 1158 jubet
1001 1103 1160 1144 scribas
1190 1103 1505 1151 Hebraeorum,

80 1183 221 1238 paleas
250 1196 338 1221 non
372 1180 485 1230 dari,
519 1197 625 1236 opus
656 1180 786 1233 exigi:
828 1181 933 1222 haec
963 1182 1229 1236 pertulerunt
1259 1191 1420 1237 patres,
1450 1178 1506 1218 ad

81 1275 268 1315 quorum
301 1260 477 1310 figuram
508 1275 635 1315 saepe
665 1258 790 1300 etiam
819 1260 1008 1315 populus
1038 1257 1135 1308 Dei,
1167 1258 1332 1314 qui,est
1359 1255 1403 1296 in
1436 1271 1504 1296 ec-

84 1336 220 1385 clesia,
253 1335 422 1391 patitur.
462 1335 673 1377 ⁴Invenies
704 1336 840 1385 enim,
877 1336 911 1378 si
951 1336 1192 1377 consideres
1233 1352 1326 1384 eos,
1357 1333 1430 1389 qui
1460 1348 1505 1375 se

85 1430 132 1455 ex
169 1413 332 1466 integro
371 1413 557 1468 principi
594 1412 719 1470 hujus
758 1415 910 1455 mundi
946 1414 1234 1463 tradiderunt,
1286 1410 1506 1468 prosperis

80 1489 339 1532 successibus
373 1506 515 1543 agere,
545 1490 692 1531 omnia
720 1490 792 1540 iis,
819 1502 872 1531 ut
896 1491 976 1546 ipsi
1007 1502 1178 1547 putant,
1203 1490 1381 1530 feliciter
1412 1504 1508 1528 eve-

82 1567 200 1620 nire3
237 1567 364 1608 servis
400 1579 541 1608 autem
585 1568 670 1608 Dei
709 1584 835 1623 saepe
872 1583 952 1608 nec
991 1568 1095 1608 haec
1127 1566 1300 1622 quidem
1329 1565 1509 1607 humani

84 1645 215 1686 victus
245 1644 422 1685 humilia
447 1655 486 1684 et
514 1661 644 1700 parva
673 1645 911 1685 succedere.
963 1624 1063 1685 Istas
1094 1645 1206 1685 enim
1235 1655 1340 1699 puto
1373 1643 1508 1685 videri

82 1722 239 1777 paleas,
270 1737 377 1776 quae
407 1737 430 1762 a
459 1721 686 1762 Pharaone
716 1720 1018 1763 ministrantur.
1064 1721 1135 1762 Fit
1166 1737 1264 1772 ergo
1295 1737 1430 1776 saepe,
1461 1731 1510 1761 ut

83 1799 228 1840 Deum
257 1798 452 1839 timentes
483 1798 554 1839 vili
586 1799 667 1839 hoc
697 1797 823 1839 etiam
854 1809 894 1838 et
922 1799 1053 1854 paleis
1082 1797 1211 1840 simili
1231 1798 1417 1849 indigeat
1446 1796 1507 1838 vi-

87 1887 168 1917 ctu.
247 1875 384 1931 Saepe
432 1875 557 1918 etiam
601 1876 916 1932 persecutiones
954 1876 1160 1918 sustinent
1211 1864 1506 1934 tyrannorum,

83 1954 305 2007 perferunt
337 1953 555 2003 cruciatus,
587 1964 627 1994 et
659 1969 778 1994 saeva
809 1965 1035 2003 tormenta,
1066 1955 1123 1995 ita
1153 1965 1201 1994 ut
1222 1953 1379 2006 fatigati
1396 1969 1509 1994 non·

83 2029 192 2070 nulli
224 2030 447 2075 dicantfad
481 2030 770 2071 Pharaonem:
815 2031 874 2071 Ut
906 2032 1008 2086 quid
1037 2042 1083 2072 tu
1115 2030 1264 2081 affligis
1284 2031 1509 2086 „populum

84 2105 236 2147 tuum?
265 2108 460 2163 Superati
487 2124 674 2164 namque
703 2109 949 2150 verberibus
979 2109 1181 2150 nonnulli
1220 2125 1242 2149 a
1273 2109 1359 2149 fide
1391 2108 1509 2149 deci-

87 2184 207 2232 dunt,
238 2196 278 2224 et
308 2184 563 2239 confitentur
591 2202 634 2227 se
666 2201 752 2226 esse
779 2187 992 2242 populum
1023 2186 1272 2228 Pharaonis.
1319 2186 1509 2242 „Non¹)

86 2258 197 2300 enim
231 2276 400 2309 omnes,
446 2261 518 2316 qui
549 2278 596 2302 ex
625 2263 774 2313 Israel,
814 2263 858 2304 hi
898 2275 995 2304 sunt
1023 2263 1256 2304 Israelitae:
1298 2280 1378 2304 nec
1411 2262 1511 2318 quia

85 2347 183 2376 sunt
212 2353 377 2387 semen,
421 2349 519 2378 sunt
550 2355 697 2381 ornnes
737 2351 778 2380 et
806 2339 925 2382 filii.“
997 2340 1069 2382 Isti
1109 2356 1238 2392 ergo,
1276 2340 1350 2396 qu'i
1391 2340 1512 2382 dubii

84 2424 195 2463 sunt,
226 2425 265 2455 et
292 2413 337 2454 in
366 2414 711 2457 tribulationibus
740 2416 989 2469 fatigantur,
1022 2417 1144 2459 etiam
1177 2410 1332 2460 contra
1356 2420 1512 2460 Mosen

87 2500 128 2530 et
157 2492 306 2532 Aaron
335 2493 596 2548 loquuntur,
635 2504 674 2534 et
705 2492 872 2535 dicunt:
921 2510 996 2544 „ex
1013 2495 1058 2550 ²)
1105 2512 1186 2552 qua
1219 2495 1287 2537 die
1315 2497 1512 2546 intrastis,

87 2576 128 2606 et
159 2566 292 2610 existis
321 2586 395 2610 vos
431 2570 483 2610 ad
514 2568 798 2621 Pharaonem,
828 2572 1126 2613 exsecrabilem
1156 2572 1306 2616 fecistis
1332 2575 1511 2616 odorem

86 2654 280 2684 nostrum
320 2661 466 2687 coram
506 2650 601 2688 e0.“
664 2647 826 2689 Verum
873 2649 1022 2690 dicunt
1060 2649 1147 2700 isti,
1187 2651 1287 2693 licet
1315 2651 1514 2706 ignorent

88 2720 284 2772 fortasse,
330 2725 447 2777 quod
478 2723 648 2775 dicunt,
689 2725 796 2766 sicut
834 2736 874 2766 et
906 2724 1089 2782 Caiplnas
1118 2727 1190 2768 ille
1218 2745 1363 2772 verum
1396 2731 1511 2772 dice-

211 2880 251 2933 1>
281 2879 409 2924 Rom.
440 2881 515 2932 ix,
545 2883 583 2927 6.
616 2885 651 2927 7.
770 2885 817 2938 2>
849 2885 935 2928 cfr.
968 2885 1105 2929 Exod.
1138 2888 1190 2937 v,
1219 2889 1285 2931 21.

428 2973 443 2985 S
