1752 3136
415 133 461 162 m
490 120 745 161 Lssvmeum
775 119 977 159 Hom1L1A
1010 116 1099 157 VH.
1200 171 1207 176 ἢ
1384 120 1469 162 293

54 250 172 275 meus
219 234 340 275 Jesus
386 233 590 275 abstineat
637 248 659 272 a
700 231 824 277 fletu,
870 245 966 270 cum
1009 228 1177 269 accedit·
1204 229 1259 269 ad
1294 239 1472 301 patrem,

42 303 147 352 *cum
180 309 338 352 adsistit
368 310 508 360 altari,
558 320 596 348 et
635 305 1027 365 repropitiationem
1049 305 1084 359 ¹)
1129 321 1210 360 pro
1246 305 1371 347 nobis
1401 307 1468 345 of-

8 404 15 407 ⁴
45 387 147 427 fert:
181 398 219 427 et
249 387 331 426 hoc
361 398 417 426 est
447 385 719 425 accedentem
757 384 811 423 ad
857 383 986 423 altare
1023 398 1113 422 non
1143 382 1290 423 bibere
1319 382 1465 422 vinum

44 463 237 512 laetitiae,
268 462 362 516 quia
393 461 530 501 adhuc
561 471 832 515 peccatorum
872 471 1122 500 nostrorum
1163 457 1462 499 amaritudines

44 540 211 594 patitur.
254 539 351 578 Non
383 537 470 577 vult
502 553 599 588 ergo
631 537 746 577 solus
776 536 816 576 in
848 552 977 588 regno
1001 535 1084 575 Dei
1115 535 1263 575 bibere
1298 535 1463 586 vinum3

41 631 123 655 nos
154 624 369 669 exspectat.
429 612 500 654 Sic
532 614 643 654 enim
676 614 797 654 dixit:
829 613 1056 669 ‚,donec²)
1086 612 1231 653 bibam
1255 611 1362 652 illud
1383 629 1457 652 vo*

39 691 245 733 hiscum,“
299 689 388 730 Nos
417 706 560 730 sumus
590 689 736 742 igitur,
771 689 841 745 qui
868 690 994 730 vitam
1026 701 1216 732 nostram
1245 687 1462 749 negligen-

37 776 109 814 tes,
138 764 335 806 laetitiam
366 765 477 807 illius
509 767 794 807 demoramur.
866 767 1090 821 Exspectat
1118 783 1221 815 nos,
1265 778 1311 807 ut
1339 766 1459 812 hibat

12 822 92 882 ‘de
121 842 392 893 generatione
421 842 512 883 vitis
541 842 678 899 hujus.
740 842 869 900 Cujus
901 842 1025 885 vitis?
1055 843 1172 884 Illius
1202 842 1362 897 utique,
1383 858 1456 882 cu-

39 915 104 974 jus
135 917 222 972 ipse
252 930 339 959 erat
367 919 513 970 figura,
545 919 706 961 dicens:
736 919 917 976 „Egc›⁴³)
946 936 1040 961 sum
1070 918 1174 968 vitis,
1203 936 1276 960 vos
1306 918 1458 975 palmi—

34 1000 136 1035 tes.“
173 997 299 1037 Unde
313 995 467 1037 iterum
499 996 613 1046 dicit,
631 995 728 1051 quia
759 995 956 1046 „sanguis
973 996 1019 1051 4)
1041 1012 1160 1038 meus
1183 1012 1279 1038 vere
1300 1008 1357 1037 est
1374 1012 1456 1051 po-

34 1081 115 1121 tus,
146 1083 186 1112 et
215 1088 312 1113 caro
344 1088 437 1113 mea
470 1089 566 1114 vere
596 1085 656 1114 est
688 1073 844 1114 cibus-‘⁶
895 1073 1007 1112 Vere
1038 1072 1150 1113 enim
1182 1071 1224 1113 in
1255 1071 1457 1125 sanguine

33 1164 140 1188 uvae
169 1149 266 1190 lavit
295 1149 446 1189 stolam
478 1166 610 1193 suam,
671 1149 789 1204 Quid
822 1165 919 1200 ergo
953 1148 1044 1191 est?
1083 1149 1306 1205 Exspectat
1334 1148 1457 1190 laeti-

31 1223 145 1265 tiam.
206 1224 395 1278 Quando
436 1226 670 1280 exspectat?
732 1225 841 1267 Cum
884 1241 1260 1275 consummavero,
1300 1225 1454 1281 inquit,

35 1318 142 1356 opus
170 1317 326 1341 meum.
373 1301 561 1355 Quando
589 1315 857 1344 consummat
880 1301 1119 1359 hocopus?
1150 1302 1344 1357 Quando.
1370 1319 1454 1351 me,

0 1411 3 1414 .
34 1379 106 1432 qui
135 1395 228 1419 sum
258 1377 454 1428 ultimus,
490 1391 530 1420 et
558 1380 744 1435 nequior
780 1381 975 1422 omnium
1006 1390 1306 1436 peccatorum,
1345 1396 1450 1420 con-

31 1467 297 1500 summatum,
322 1456 467 1497 fecerit
497 1467 536 1496 et
559 1457 876 1512 perfeetumfi)
910 1469 1012 1499 tunc
1046 1468 1311 1497 consummat
1345 1472 1456 1511 opus

30 1549 169 1573 suum.
226 1533 352 1574 Nunc
384 1531 496 1572 enim
526 1533 664 1574 adhuc
693 1533 991 1588 imperfectum
1016 1546 1074 1575 est
1102 1551 1211 1589 opus
1243 1531 1343 1590 ejus,
1373 1534 1453 1573 do-

32 1625 113 1650 nec
152 1623 228 1659 ego
267 1624 420 1649 maneo
463 1610 748 1664 imperfectus.
828 1596 1028 1665 Denique
1065 1611 1205 1651 donec
1242 1625 1319 1661 ego
1356 1626 1450 1653 non,

30 1703 121 1727 sum
152 1685 344 1727 subditus
373 1684 504 1740 patri,
542 1702 620 1726 nec
656 1685 746 1741 ipse
775 1686 930 1728 dicitur
967 1687 1077 1742 patri
1107 1702 1194 1727 esse
1221 1684 1448 1742 subjectus.

28 1762 128 1803 Non
161 1763 278 1818 quod
311 1763 400 1818 ipse
429 1760 691 1818 subjectione
714 1762 899 1815 indigeat
915 1765 1029 1818 apud
1054 1775 1231 1818 patrem,
1261 1764 1332 1803 sed
1363 1779 1445 1818 pro

28 1855 111 1889 me,
137 1838 182 1879 in
213 1855 297 1894 quo
331 1855 439 1894 opus
471 1856 593 1879 suum
624 1841 818 1880 nondum
852 1839 1183 1888 consummavit,
1221 1838 1312 1895 ipse
1341 1839 1447 1880 dici!

27 1927 100 1956 tur
127 1932 218 1956 non
260 1931 344 1957 esse
382 1913 607 1971 subjectus.
681 1917 752 1957 Sic
791 1917 902 1964 enim
940 1916 1202 1970 legimus,⁶)
1241 1917 1451 1973 quoniam,-

16 1998 186 2048 'corpus
215 2009 357 2034 sumus
391 1991 558 2040 Christi,
589 2004 628 2033 et
657 1994 849 2034 membra
880 2011 925 2034 ex
959 2005 1090 2048 parte.
1150 1992 1269 2047 Quid
1301 2005 1442 2035 antem

30 2080 104 2119 est,
135 2070 252 2124 quod
284 2069 385 2111 dicit
414 2086 459 2110 ex
486 2081 619 2125 parte,
649 2070 878 2111 videamus.
937 2070 1029 2121 Ego
1049 2063 1178 2120 nunc,
1210 2070 1327 2111 verbi
1349 2087 1444 2123 gra-

28 2145 98 2196 tia,
129 2144 348 2200 subjectus
372 2163 463 2187 sum
495 2146 593 2187 Deo
623 2148 856 2188 secundum
889 2145 1106 2230 εΡῐτίῑιιῐιΡἶ
1125 2147 1211 2188 hoc
1242 2159 1313 2201 est,
1340 2164 1444 2203 pro.-

2 2221 170 2278 4posito
203 2234 243 2263 et
272 2222 510 2264 voluntate:
541 2223 613 2265 sed
644 2224 849 2278 quamdiu
877 2223 1020 2266 inme
1051 2240 1159 2268 cano,
1181 2224 1446 2281 concupiscit

145 2404 191 2459 ¹)
220 2404 320 2447 Mss.
361 2404 832 2469 ‚,reprop1nat10nem“
893 2404 1012 2447 Libri
1053 2404 1152 2446 editi
1189 2405 1246 2461 (e.
1280 2422 1316 2451 c.
1346 2407 1446 2449 edd

0 2458 136 2516 '.:M)
168 2477 245 2516 „pr
249 2461 551 2516 opitiationem.
556 2468 583 2487 ‘³
606 2462 644 2502 R

144 2530 192 2586 2)
224 2532 371 2572 Matth.
401 2531 566 2580 XXVI,
591 2531 664 2573 29..
776 2531 823 2587 3)
853 2531 928 2574 Ev.
956 2531 1112 2575 Joann.
1143 2532 1246 2583 XV,
1267 2533 1308 2575 5.

146 2599 192 2653 4)
225 2599 312 2640 Cfr.
345 2616 403 2643 ev,
437 2602 585 2642 Joann
627 2600 699 2649 VI,
728 2600 795 2642 55.

145 2670 190 2725 ⁵>
222 2670 834 2735 Edd.Merlini:pe1-sectum,
865 2683 964 2713 tunc
987 2696 1037 2703 -—
1058 2689 1194 2715 suum.
1254 2672 1444 2728 Quando

29 2741 111 2824 ποεῖ
141 2750 207 2776 -,
240 2730 580 2769 consummatum
612 2727 754 2769 feccrit
786 2740 825 2769 et
854 2729 1120 2786 perlectum?
1176 2730 1301 2772 Nunc
1332 2746 1444 2772 enim

31 2784 82 2825 ad
115 2798 166 2824 uc
198 2795 274 2823 etc.

141 2851 190 2908 ⁶)
222 2851 359 2899 Cfr.1
393 2853 491 2897 Cor.
523 2854 620 2906 XII,
651 2854 718 2897 27.
