1752 3136
483 105 531 134 m
560 91 761 133 Exonum
793 88 993 130 HOM1L1A
1021 90 1097 130 XI.
1434 93 1516 136 135

211 206 250 248 5.
284 204 387 246 Post
423 204 526 245 haec
565 201 676 243 venit
707 203 762 243 ad
792 211 984 242 montem
1016 198 1099 240 Dei
1129 197 1297 250 Moses,
1328 213 1367 243 et
1394 201 1454 242 ibi
1474 203 1516 258 ¹)

97 281 286 323 occurrit
314 281 352 322 ei
378 280 525 322 Jethro
554 294 677 320 socer
703 294 815 320 suus.
876 277 933 318 At
970 275 1044 317 ille
1075 275 1157 317 exit
1188 275 1225 317 ei
1257 276 1428 319 obviam
1462 279 1515 319 de

97 357 252 407 castris,
283 369 321 399 et
347 373 437 398 non
468 371 562 396 eum
595 352 711 395 ducit
741 354 795 395 ad
823 364 1018 394 montem
1036 351 1132 402 Dei,
1161 354 1235 395 sed
1268 353 1386 395 ducit
1417 371 1515 396 eum

95 435 149 476 ad
177 434 494 476 tabernaculum
523 447 661 472 suum.
717 430 818 471 Non
848 428 962 470 enirn
990 441 1160 486 poterat
1187 432 1387 473 sacerdos
1415 431 1514 474 Ma.

94 512 194 552 dian
223 510 479 551 adscendere
521 507 576 548 ad
607 517 799 547 montem
830 505 935 557 Dei,
973 508 1047 549 sed
1087 523 1167 549 nec
1196 507 1242 549 in
1273 509 1512 567 Aegyptum

92 585 343 627 descendere
372 583 513 640 potuit
541 584 604 624 vel
634 583 747 638 ipse,
775 584 840 624 vel
871 601 979 626 uxor
1008 583 1155 634 Mosis,
1193 585 1269 626 sed
1299 602 1416 626 nunc
1457 586 1512 625 ad

91 678 187 703 eum
225 660 336 701 venit
377 677 474 702 cum
518 659 614 701 filiis
654 658 753 716 ejus,
841 661 942 702 Non
987 659 1101 702 enim
1146 672 1287 718 potest
1336 662 1511 716 descen-

90 739 189 779 dere
217 736 263 778 in
298 739 559 795 Aegyptum,
600 748 640 778 et
680 736 823 778 subire
853 753 1009 789 agones
1031 738 1292 796 Aegyptios,
1327 737 1406 780 nisi
1438 738 1512 794 qui

87 813 215 855 suerit
244 798 399 856 athleta
429 813 687 870 probabilis,
719 826 760 855 et
787 814 902 863 talis,
933 815 1102 870 qualern
1134 814 1237 857 dicit
1265 816 1510 872 Apostolus,

89 889 186 946 quia
218 889 444 946 ,„omnis2)
491 891 562 947 qui
603 891 650 932 in
688 906 823 943 agone
863 890 1106 942 contendit,
1156 890 1270 947 ab3)
1312 891 1509 934 omnihus

85 967 308 1008 continens
336 969 417 1009 est:
460 978 499 1007 et
541 966 603 1008 illi
633 967 830 1023 quidem,
868 978 915 1009 ut
947 967 1271 1024 corruptibilem
1303 984 1508 1010 coronam

85 1044 307 1100 accipiant,
333 1061 413 1086 nos
443 1055 584 1084 autem
612 1044 920 1099 incorruptam.
990 1044 1081 1097 Ego
1122 1044 1249 1096 igitur
1277 1045 1336 1086 sic
1366 1062 1508 1095 curro,

83 1138 173 1162 non
205 1121 323 1177 quasi
350 1120 395 1162 in
425 1120 658 1161 incertum:
685 1119 742 1162 sic
772 1137 944 1177 pugno,
972 1138 1059 1162 non
1095 1122 1214 1177 quasi
1243 1128 1386 1164 at'irem
1414 1138 1508 1162 ver—

83 1199 274 1239 berans.“
330 1197 473 1238 Moses
507 1213 620 1250 ergo,
648 1196 746 1253 quia
770 1213 949 1249 magnus
979 1210 1068 1239 erat
1097 1210 1137 1240 et
1165 1210 1318 1255 potens
1337 1199 1506 1246 athleta,

86 1274 302 1316 descendit
329 1272 372 1314 in
389 1272 435 1328 ⁴)
467 1276 720 1333 Aegyptum,
753 1275 969 1317 descendit
1001 1276 1055 1316 ad
1088 1292 1245 1329 agones
1276 1288 1316 1317 et
1348 1275 1504 1317 exerci-

82 1350 137 1392 tia
175 1351 387 1393 virtutum.
452 1351 538 1392 Sed
582 1363 620 1392 et
661 1352 881 1392 Abraham
913 1353 1135 1395 descendit
1173 1353 1219 1394 in
1251 1354 1504 1411 Aegyptum,

83 1427 181 1483 quia
213 1439 301 1469 erat
331 1440 371 1468 et
388 1429 431 1483 ⁵)
471 1426 561 1482 ipse
601 1445 779 1480 magnus
811 1440 849 1469 et
889 1441 1042 1485 potens
1072 1431 1242 1472 athleta.
1307 1431 1419 1471 Nam
1452 1431 1504 1470 de

80 1505 218 1546 Jacob
250 1504 353 1560 quid
384 1504 535 1553 dicam,
565 1502 637 1559 qui
666 1504 759 1560 ipso
791 1505 970 1549 nomine
998 1506 1154 1549 athleta
1184 1506 1273 1548 est?
1301 1506 1503 1547 Luctator

85 1582 199 1622 enim
231 1592 271 1622 et
303 1582 598 1636 supplantator
624 1580 940 1636 interpretatur.
996 1581 1052 1622 Et
1080 1581 1179 1624 ideo
1212 1601 1306 1624 cum
1329 1583 1502 1625 descen·-

80 1657 206 1701 disset
242 1658 289 1699 in
316 1657 577 1713 septuaginta
607 1656 796 1711 quinque
835 1656 1059 1700 animabus
1086 1659 1130 1700 in
1161 1661 1398 1717 Aegyptum
1428 1657 1502 1699 Ja-

82 1737 188 1785 coh,
224 1736 359 1776 factus
400 1745 459 1775 est
487 1732 595 1774 sicut
631 1733 775 1774 stellae
812 1732 924 1773 coeli
951 1733 997 1774 in
1026 1734 1357 1776 multitudinem.
1416 1735 1503 1776 Sed

79 1828 169 1853 non
183 1812 229 1866 ⁶)
260 1828 419 1861 omnes,
451 1809 524 1866 qui
555 1810 818 1852 descendunt
846 1809 892 1851 in
922 1811 1185 1869 Aegyptum,
1224 1811 1280 1853 ita
1309 1823 1502 1868 pugnant

80 1899 120 1928 et
147 1887 201 1942 ita
234 1887 465 1944 expediunt
493 1903 667 1940 agones,
716 1899 762 1928 ut
799 1886 844 1927 in
874 1888 1191 1930 multitudinem
1220 1889 1346 1940 fiant,
1387 1900 1426 1930 et
1454 1900 1502 1929 ut

78 1966 220 2007 stellae
250 1964 359 2006 coeli
388 1963 737 2021 multiplicentur.
783 1964 886 2007 Aliis
914 1965 959 2006 in
991 1966 1255 2008 contrarium
1286 1966 1396 2008 cedit
1426 1967 1499 2007 de-

79 2040 286 2084 scendisse
316 2040 361 2082 in
395 2043 650 2097 Aegyptum.
708 2042 810 2083 Scio
842 2057 918 2094 ego
948 2041 1186 2085 Jeroboam
1216 2042 1445 2096 fugientem
1476 2057 1498 2081 a

80 2119 314 2161 Salomone
343 2118 606 2162 descendisse
641 2120 685 2162 in
717 2121 977 2178 Aegyptum,
1019 2131 1060 2162 et
1098 2136 1188 2161 non
1227 2121 1367 2164 solum
1407 2134 1496 2163 non

197 2347 241 2404 ¹)
271 2348 402 2389 Deest
431 2348 544 2399 ‚,ihi“
573 2347 619 2389 in
650 2349 714 2391 ed.
742 2349 794 2390 R.
835 2375 888 2384 -—
929 2349 1017 2393 Cfr.
1045 2349 1183 2393 Exod.
1216 2365 1308 2406 cap.
1338 2346 1495 2389 XVIII.

192 2418 239 2475 ²)
270 2419 289 2458 I
321 2418 422 2461 Cor.
453 2417 530 2468 IX,
560 2419 629 2460 25.
658 2417 725 2460 26.

37 2536 40 2539 Γ
191 2487 239 2542 ³)
269 2489 384 2534 Alias
414 2490 473 2545 (v.
507 2505 539 2530 c.
569 2487 615 2529 in
645 2488 740 2530 edd.
771 2487 882 2544 M.):
921 2491 1003 2540 „ab
1048 2489 1249 2532 omnibus
1286 2503 1330 2530 se
1367 2485 1493 2529 absti-

79 2549 189 2587 net.“
217 2545 304 2587 Sed
333 2546 431 2588 Mss.
462 2557 510 2586 ut
539 2544 584 2586 in
612 2556 760 2587 nostro
792 2555 919 2588 textu.
950 2546 1000 2587 R.

82 2671 119 2712 R
194 2614 241 2680 ⁴.)
268 2614 436 2657 Desunt
465 2615 614 2657 verba:
655 2615 727 2666 „in
757 2616 1020 2676 Aegyptum,
1058 2614 1313 2668 descendit,“
1351 2614 1398 2657 in
1428 2614 1494 2659 ed..

122 2688 229 2714 uaei.

192 2741 399 2797 ⁵)Deest
426 2746 517 2791 „et“
546 2742 592 2784 in
624 2744 688 2785 ed.
720 2742 772 2785 R.

192 2811 240 2867 ⁶)
269 2811 400 2856 Deest
428 2817 572 2866 „non“
599 2812 645 2857 in
675 2814 742 2857 ed.
776 2813 827 2855 R.
