1752 3136
228 129 315 175 380
828 134 1049 175 Omossms

230 256 328 286 sunt
357 243 490 294 enim,
531 245 601 300 qui
634 261 711 287 nec
743 247 795 287 ad
826 247 907 288 hoc
941 245 1219 295 inclinantur,
1257 239 1339 286 nec⁴
1363 244 1647 300 poenitentiae

226 323 436 374 refugium
469 335 696 377 quaerunt:
727 325 799 364 sed
832 340 928 364 cum
959 322 1198 373 reciderint,
1227 339 1397 374 surgere
1427 324 1536 365 ultra
1566 341 1646 365 no—

224 399 332 448 lunt,
364 400 627 440 delectantur
653 395 698 441 'in
731 417 780 442 eo
812 401 917 449 luto,
948 418 1033 456 quo
1068 399 1276 441 haeserint
1306 400 1500 443 volutari.
1558 403 1648 443 Ros

223 488 364 517 tamen
419 494 511 518 non
553 477 843 520 obliviscimur
892 478 1109 534 praecepti
1154 478 1285 527 illius,
1333 494 1418 534 quo
1470 478 1645 519 dicitur:

222 553 392 608 „q11a¹)
423 572 626 596 mensura·
650 556 783 596 mensi
813 555 987 605 fueritis,
1019 557 1167 596 eadem
1211 555 1456 596 remetietur
1486 556 1672 596 vobis.“.'

218 631 416 674 DiCimus
457 632 568 673 enim
609 644 648 674 ct
688 635 740 673 ad
780 633 967 682 Deumz·
998 633 1200 688 quoniam
1241 632 1479 687 „de‹listi²)
1519 632 1643 673 nobis

219 725 376 764 panem
407 710 702 758 lacrimarum,
753 720 793 749 et
836 709 991 764 potasti
1029 716 1110 750 'nos
1148 710 1191 750 in
1234 711 1416 752 lacrimis
1447 711 1489 751 in
1522 726 1641 749 men—

217 792 355 827 sura.“
413 787 523 827 Sunt
555 802 651 837 ergo
684 787 760 827 ista
792 797 974 840 peccata,
1008 802 1117 840 quae
1148 787 1406 841 dicuntur3)
1438 788 1491 827 ad
1522 803 1639 826 mor-

216 874 326 903 tem:
359 864 476 904 unde
506 875 545 904 et
576 880 839 918 consequens
869 874 940 910 est,
971 874 1027 912 ut,
1063 862 1227 917 quoties
1259 863 1519 904 commiserit
1550 863 1642 918 quis

217 941 300 980 tale
331 951 566 995 peccatum,
597 939 720 981 toties
751 939 968 991 moriatur.
1029 939 1186 981 Multas
1219 939 1332 980 enim
1363 956 1449 982 esse
1479 941 1642 995 peceati

214 1029 372 1059 mortes
387 1017 592 1070 significat
609 1017 732 1058 etiam
752 1017 984 1073 Apostolus
1008 1016 1178 1066 Paulus,
1202 1034 1298 1058 cum
1320 1017 1444 1058 dicit:
1477 1016 1577 1072 „qni
1595 1016 1641 1070 ⁴)

156 1117 158 1119 ’
215 1101 269 1145 de
299 1080 431 1139 tantis,
450 1097 661 1137 mortibus
693 1094 847 1151 eripuit
873 1107 1034 1143 n05‚«et
1056 1094 1196 1149 eripit:
1229 1095 1271 1136 in
1297 1112 1383 1150 quo
1409 1110 1640 1150 speramus,

215 1175 314 1231 quia
351 1187 391 1216 et
437 1175 578 1216 adhue
617 1174 806 1229 eripiet.“
880 1173 998 1226 Quas
1044 1189 1141 1225 ergo
1183 1172 1249 1212 hic
1289 1184 1448 1213 mortes
1492 1172 1636 1227 plures

213 1263 538 1300 commemorat,
566 1250 646 1293 nisi
674 1248 981 1306 peccatorum?
1040 1250 1085 1290 Si
1117 1249 1228 1290 enim
1262 1250 1365 1290 haec
1399 1267 1488 1290 nou
1521 1249 1635 1291 dice-

211 1343 275 1373 ret
305 1333 358 1372 de
387 1329 597 1374 mortibus
628 1338 926 1383 peccatorum,
958 1327 1179 1368 videbatur
1211 1327 1368 1369 Paulus
1398 1329 1633 1369 secuudum

210 1407 458 1451 sententiam
491 1422 609 1448 suam
639 1405 894 1446 immortalis
925 1420 1011 1445 esse
1040 1421 1263 1446 mansurus
1303 1406 1356 1445 ab
1397 1405 1474 1445 hac
1514 1422 1632 1446 com-

207 1486 329 1527 muni
359 1495 511 1533 morte,
544 1483 616 1538 qui
648 1482 760 1531 dicit,
792 1483 888 1536 quia
919 1481 1062 1535 „de⁵)
1094 1480 1217 1522 tantis
1236 1481 1447 1523 mortibus
1479 1482 1633 1537 eripuit

206 1581 302 1613 nos,
334 1575 372 1603 et
402 1561 545 1617 eripit:
591 1561 636 1601 in
668 1577 753 1615 quo
783 1576 1025 1614 speramus,
1068 1560 1166 1614 quia
1207 1571 1245 1599 et
1274 1559 1414 1600 adhuc
1445 1559 1632 1615 eripiet.“

207 1642 256 1684 Si
286 1641 399 1682 enim
430 1637 656 1694 eripuit‚⁶)
689 1650 728 1678 et
759 1635 924 1692 eripiet,
965 1653 1185 1690 nunquam
1225 1635 1301 1676 erit
1331 1638 1503 1691 quando
1533 1654 1631 1678 rno-

206 1720 351 1767 riatur,
381 1733 509 1773 quem
538 1717 751 1757 Dominus
781 1730 951 1769 semper
981 1713 1140 1768 eripiet.
1184 1713 1239 1753 Et
1269 1713 1366 1754 ideo
1394 1715 1630 1755 secundum

208 1813 269 1850 ea,
300 1811 410 1851 quae
439 1791 727 1842 discussimus,
760 1791 989 1832 videndum
1021 1801 1095 1838 est,
1124 1807 1178 1830 ne
1197 1791 1305 1831 forte
1330 1791 1562 1845 aliquando
1583 1792 1630 1845 7)

207 1874 330 1914 etiam
365 1870 526 1925 gravius
554 1869 606 1911 sit
635 1867 783 1916 nobis,
835 1867 908 1922 qui
947 1884 1027 1923 pro
1066 1878 1242 1921 peccato
1287 1868 1508 1908 communi
1546 1868 1625 1909 hac

201 1962 343 1992 morte
372 1948 551 1990 minime
578 1946 804 2002 punimur,
844 1961 971 2001 quam
1012 1944 1114 1993 illis,
1152 1961 1258 1999 quos
1291 1945 1389 1997 legis
1420 1946 1625 1987 sententia

204 2027 486 2083 corporaliter
516 2024 850 2066 condemnabat:
896 2021 993 2077 quia
1030 2021 1154 2062 nobis
1185 2022 1289 2063 ultio
1329 2022 1551 2077 reponitur
1580 2023 1624 2063 in

201 2109 407 2154 futurum,
435 2105 533 2145 illos
563 2102 840 2143 absolvebant
869 2098 1079 2141 commissi
1118 2099 1182 2140 sui
1209 2099 1426 2154 persoluta
1459 2100 1624 2155 suppli-

202 2185 277 2225 cia.
338 2182 473 2236 Quod
504 2193 545 2222 et
573 2181 608 2222 si
623 2179 788 2235 'aliquis
820 2190 901 2226 est,
937 2178 1021 2240 ⁸qui
1058 2178 1172 2218 forte
1209 2189 1460 2232 praeventus
1490 2190 1548 2219 est
1577 2179 1621 2218 in

198 2259 497 2316 hujuscemodi
525 2258 721 2313 peccatis,⁴
750 2244 993 2299 admonitus
1023 2271 1139 2295 nune
1165 2255 1301 2294 .verb0
1332 2253 1429 2304 Dei,
1451 2245 1511 2296 “ad
1544 2272 1619 2296 au-

197 2338 344 2379 xilium
376 2336 591 2389 confugiat
620 2333 928 2391 poenitentiae:
974 2344 1044 2382 ut,
1086 2331 1120 2373 si
1159 2332 1288 2374 semel
1328 2331 1515 2382 admisit,
1555 2349 1619 2374 se*

313 2536 355 2590 ¹)
387 2533 541 2577 Matth.
574 2532 668 2582 VII,
699 2532 739 2573 2.

311 2605 358 2660 ²)
390 2605 544 2644 Psalm.
572 2600 751 2650 LXXX,
779 2600 819 2640 5.
854 2595 1099 2652 (LXXIX.)

312 2675 360 2730 ³)
389 2674 500 2714 Edd.
530 2670 724 2712 Merlini:
756 2671 930 2731 ducunt.
1411 2695 1430 2714 ⁸,

313 2744 359 2800 ⁴)
390 2744 430 2783 ΙΙ
462 2743 561 2783 Cor.
592 2742 625 2790 I,
654 2742 722 2782 10.
840 2738 885 2793 ⁵)
915 2738 956 2777 11
987 2737 1091 2782 Cor,
1121 2736 1151 2787 l,
1184 2740 1249 2779 10.

311 2815 358 2868 ⁶)
387 2814 500 2857 Edd.
530 2809 725 2853 Merlini:
758 2820 798 2850 et
829 2806 991 2863 eripuit.

312 2885 357 2939 7)
390 2882 498 2926 cod,
531 2881 806 2934 sangermau.
837 2878 1124 2933 ,‚aliquauto.“
1154 2876 1204 2921 R,
