1768 3107
524 75 571 105 m
599 61 802 104 Exonmu
831 60 1034 102 HomuA
1066 61 1099 102 Ι.
1159 54 1168 62 ‘
1494 65 1520 107 7

94 181 159 222 bis
203 176 383 222 Domini
425 176 508 218 mei
547 174 650 216 Jesu
682 172 862 223 Christi,
902 173 948 214 in
988 173 1080 225 lege
1111 184 1151 214 et
1180 174 1402 230 prophetis
1433 175 1521 218 iota

95 258 269 314 quidem
298 272 431 297 unum
462 264 533 294 aut
560 269 694 292 unum
727 250 889 306 apicem
919 267 1012 291 non
1040 262 1146 306 puto
1190 267 1277 292 esse
1313 253 1522 310 mysteriis

93 351 296 383 vacuum,
332 348 410 373 nec
448 341 552 385 puto
594 327 755 383 aliquid
797 327 954 369 horum
984 326 1164 368 transire
1193 345 1340 384 posse,
1379 330 1518 371 donec

96 411 237 454 omnia
267 411 380 451 fiant.
438 407 599 447 Verum
633 405 837 460 quoniam
873 404 1042 455 exiguae
1081 405 1321 461 capacitatis
1359 423 1518 457 sumus,

94 505 142 531 ea
174 503 286 529 nunc
315 496 480 527 tantum
511 482 740 538 pulsemu5‚
772 481 926 537 quibus
957 482 1084 523 tutius
1114 483 1374 525 incedamus.
1426 472 1560 524 An—fi

92 571 258 621 tequam
290 571 530 603 moreretur
558 571 703 600 noster
731 559 919 615 Joseph‚
958 559 1054 609 ille,
1096 559 1170 615 qui
1203 561 1425 601 distractus
1457 571 1518 601 est

91 641 255 693 triginta
299 637 503 690 argenteis
542 639 594 678 ab
636 654 725 678 uno
768 653 815 677 ex
852 635 1055 678 fratribus
1092 637 1177 678 suis
1219 637 1356 687 Juda,
1395 638 1518 679 valde

89 716 215 774 pauci
246 727 367 758 erant
396 716 473 758 filii
502 715 640 757 Israel.
702 713 814 755 Cum
855 730 954 757 vero
995 730 1076 770 pro
1110 713 1310 756 omnibus
1342 715 1519 767 gustavit

29 826 33 827 γ
87 807 282 843 mortem,
310 811 388 849 per
419 809 546 849 quam
579 792 777 832 destruxit
801 789 844 843 ι)
885 808 1005 841 eum,
1049 791 1119 847 qui
1153 792 1338 834 habebat
1367 792 1517 834 mortis

86 872 328 928 imperium,
357 871 402 912 id
433 882 506 919 est,
537 869 774 918 diabolum,
803 868 1105 924 multiplicatus
1124 881 1183 910 est
1210 868 1403 910 fidelium
1432 887 1514 926 po-

87 949 227 1005 pulus,
259 960 300 989 et
334 947 479 988 diffusi
508 958 605 988 sunt
634 945 711 987 filii
740 946 878 995 Israel,
913 958 954 986 et
973 946 1270 1002 multiplicavit
1290 963 1362 988 eos
1392 959 1518 998 terra,

88 1037 129 1066 et
159 1035 380 1067 creverunt
408 1022 534 1065 nimis
564 1024 699 1064 valde.
766 1024 856 1065 Nisi
887 1023 1024 1070 enim,
1062 1023 1171 1064 sicut
1210 1025 1298 1079 ipse
1331 1025 1514 1082 dixit,²)

91 1102 308 1143 cecidisset
338 1118 516 1153 granum
546 1099 753 1141 frumenti
783 1101 827 1142 in
856 1112 1036 1150 terram,
1082 1112 1124 1141 et
1161 1113 1380 1143 mortuum
1413 1103 1514 1145 fuis-

85 1190 158 1229 set,
187 1196 278 1220 non
307 1179 455 1234 utique
484 1180 674 1219 fructum
703 1179 816 1219 hunc
846 1178 1082 1234 plurimum
1122 1177 1252 1220 totius
1284 1179 1399 1220 orbis
1429 1191 1514 1221 ter-

85 1272 157 1297 rae
188 1255 360 1298 ecclesia
390 1255 601 1297 attulisset.
668 1255 799 1308 Igitur
835 1266 1114 1311 posteaquam
1155 1256 1307 1297 cecidit
1337 1273 1514 1310 granum

84 1332 130 1374 in
159 1345 335 1384 terram,
377 1345 416 1374 et
450 1345 671 1374 mortuum
713 1344 792 1380 est,
832 1333 970 1374 omnis
1000 1334 1106 1374 haec
1138 1351 1186 1375 ex
1214 1333 1307 1390 ipso
1338 1336 1518 1377 surrexit

85 1410 278 1452 fidelium
308 1426 434 1462 seges,
465 1421 505 1450 et
532 1409 805 1466 multiplicati
834 1422 932 1451 sunt
962 1411 1037 1452 filii
1069 1412 1223 1462 Israel,
1254 1423 1294 1452 et
1324 1412 1514 1454 invalue-

86 1500 187 1529 runt
214 1488 341 1529 nimis
378 1488 514 1529 valde.
581 1486 720 1542 ‚,ln3)
762 1504 935 1528 omnem
975 1488 1088 1530 enim
1106 1489 1152 1544 ⁴²)
1191 1501 1350 1530 terram
1392 1490 1516 1531 exivit

40 1558 45 1559 ⁷
85 1571 243 1607 sonus“
271 1554 607 1621 Apostolorum,
653 1575 693 1604 et
735 1564 804 1614 „in
836 1565 940 1606 fines
973 1564 1088 1605 orbis
1116 1577 1250 1606 terrae
1281 1567 1407 1607 verba
1439 1583 1512 1608 eo-

84 1647 224 1693 rum,“
254 1653 295 1683 et
323 1658 400 1698 per
428 1642 564 1696 ipsos,
606 1641 715 1683 sicut
752 1641 955 1698 scriptum
998 1653 1076 1693 est,
1121 1644 1297 1685 verbum
1316 1644 1360 1700 ⁵)
1388 1644 1513 1693 „Do-

83 1718 190 1761 mini
221 1720 457 1767 crescebat,
504 1730 544 1760 et
581 1719 988 1774 multiplicabatur.“
1054 1720 1172 1761 Haec
1212 1733 1419 1776 quantum
1459 1723 1514 1763 ad

83 1795 307 1855 mysticum
347 1795 529 1851 pertinet
565 1797 840 1838 intellectum.
911 1797 998 1837 Sed
1037 1808 1077 1837 et
1116 1799 1326 1839 moralem
1362 1798 1407 1839 in
1448 1798 1512 1840 his

82 1890 174 1915 non
206 1873 450 1914 omittamus
477 1874 636 1916 locum.
682 1875 893 1916 Aedificat
921 1875 1034 1915 enim
1064 1873 1223 1915 animas
1253 1874 1512 1917 auditorum.

83 1951 213 2002 Igitur
244 1963 283 1992 et
311 1949 357 1991 in
387 1963 427 1991 te
457 1951 491 1993 si
518 1953 727 1993 moriatur
755 1952 941 2007 Joseph‚
972 1953 1016 1993 id
1048 1963 1129 2001 est,
1156 1951 1190 1994 si
1218 1952 1511 1993 mortificatio-

84 2045 184 2068 nem
217 2027 376 2069 Christi
404 2027 448 2069 in
480 2045 663 2084 corpore
693 2041 766 2069 tuo
799 2029 1011 2085 suscipias,
1043 2041 1083 2070 et
1113 2029 1344 2071 mortifices
1375 2047 1511 2071 mem-

84 2107 163 2146 bra
192 2118 264 2146 tua
293 2117 492 2161 peccato,
536 2118 639 2147 tunc
679 2106 722 2147 in
766 2118 806 2147 te
837 2107 1237 2163 multiplicabuntur
1265 2107 1340 2150 filii
1371 2108 1511 2151 Israel.

85 2183 185 2224 Filii
214 2183 344 2224 Israel
371 2199 513 2225 sensus
543 2183 649 2225 boni
681 2195 720 2224 et
747 2184 985 2240 spirituales
1005 2184 1283 2240 accipiuntur.
1334 2185 1380 2228 Si
1411 2202 1510 2240 ergo

86 2278 229 2302 sensus
278 2260 413 2301 carnis
456 2261 788 2311 mortificentur,
835 2278 978 2303 sensus
1017 2262 1185 2318 spiritus
1226 2273 1442 2311 crescunt,
1471 2274 1511 2304 et

87 2337 280 2393 quotidie
311 2336 615 2378 emorientibus
644 2337 687 2378 in
719 2351 757 2379 te
790 2338 918 2389 vitiis,
957 2338 1157 2380 virtutum
1199 2355 1404 2381 numerus
1435 2355 1510 2381 au-

84 2426 225 2467 getur3
255 2416 329 2455 sed
362 2425 402 2455 et
431 2426 541 2457 terra
570 2426 611 2456 te
645 2415 898 2472 multiplicat
927 2417 972 2458 in
1004 2415 1203 2473 operibus
1233 2416 1372 2467 bonis,
1402 2432 1511 2472 quae

92 2527 156 2535 .—-.-

205 2596 247 2650 ¹)
280 2596 368 2637 Cfr.
401 2595 532 2640 Hebr.
564 2598 615 2647 Il,
648 2600 712 2639 14.
831 2597 878 2652 ²)
909 2599 983 2641 Ev.
1013 2599 1169 2641 Joann.
1201 2599 1296 2648 ΧΗ,
1332 2599 1398 2642 24.

203 2667 248 2721 ³)
279 2666 434 2708 Psalm.
466 2668 589 2717 XIX,
620 2667 658 2709 4.
689 2669 872 2723 (XVIII,
901 2670 965 2724 5.)

202 2735 248 2791 4)
281 2736 411 2777 Deest
441 2737 607 2787 ‚,enim“
638 2737 682 2779 in
713 2739 809 2780 edd.
842 2738 904 2781 M.

205 2805 249 2859 ὁ)
282 2807 371 2863 Aci.
405 2807 478 2856 vl,
511 2808 546 2849 7.
