1752 3136
476 140 521 170 m
551 127 752 168 ExonUM
784 124 982 165 HOMILIA
1011 123 1064 163 X.
1411 121 1494 165 123

84 246 299 286 busturam
332 258 411 299 pro
444 235 743 280 combustura?
771 234 991 289 Numquid
1018 231 1275 286 litigantibus
1302 230 1398 272 viris
1430 249 1493 273 as-

84 321 229 363 sistens
259 313 638 360 mulier'comburi
667 311 829 368 potuit,
872 323 919 351 ut
959 311 1233 351 combustura
1262 325 1345 364 pro
1377 324 1495 348 com-

86 399 259 438 bustura
289 390 502 436 solvatur?
543 391 666 444 Quae
695 400 837 429 tamen
867 387 1028 438 singula
1057 386 1254 427 videntur
1283 384 1388 425 mihi
1418 400 1497 424 nec

87 472 131 514 in
161 466 488 512 Deuteronomii
519 466 691 522 quidem
721 464 848 514 locis,
886 463 962 504 ubi
991 462 1181 504 similiter
1209 462 1359 518 scripta
1390 463 1498 502 refe-

86 559 250 596 runtur,
279 544 444 586 facilem
476 543 634 597 habere
665 542 821 588 exitum
859 557 996 597 posse.
1064 540 1281 581 Ponamus
1318 538 1429 580 enim
1461 550 1501 579 ct

85 624 145 665 ibi
175 621 444 664 exsurrexisse
480 631 628 661 testem
667 617 882 674 iniquum,
923 617 1210 659 testimonium
1252 618 1406 658 falsum
1437 615 1501 656 di·

87 711 250 742 centem
299 700 519 739 adversum
568 695 787 737 hominem
842 696 895 736 de
932 694 1161 751 impietate.
1238 693 1503 735 Adhiheatur

86 788 262 831 uterque
291 774 466 833 judicio,
494 773 712 829 inquirant
740 770 899 829 judices
918 771 1149 823 diligenter,
1181 770 1506 826 deprehendant

88 864 390 902 accusatorem,
425 852 489 892 vel
517 862 664 891 testem
694 848 818 890 illum
846 849 951 890 falsa
983 848 1150 889 dixisse:
1181 848 1405 903 quomodo
1437 844 1504 902 ju-

91 931 182 979 dex,
212 929 285 985 qui
314 944 490 985 parcere
519 943 609 969 non
640 927 766 968 debet
792 927 900 967 falso
935 926 1037 975 testi,
1068 936 1108 966 et
1129 924 1312 966 animam
1344 924 1404 964 rei
1423 939 1504 979 pro

32 1019 37 1023 ‘
89 1006 329 1048 innocentis
361 1006 502 1048 anima
540 1005 766 1054 damnare,
803 997 1060 1058 quomodo,
1102 1001 1302 1057 inquam,
1349 1000 1507 1056 poterit

93 1083 219 1124 etiam
250 1083 424 1123 oculum
453 1098 533 1137 pro
567 1082 693 1122 oculo
725 1079 936 1121 eximere?
969 1077 1102 1132 Quasi
1131 1095 1231 1120 vero
1263 1079 1309 1126 is,
1341 1077 1413 1133 qui
1442 1077 1508 1116 in-

92 1159 200 1217 juste
227 1160 521 1208 accusabatur,
566 1158 609 1199 in
654 1157 779 1198 oculo
817 1157 1051 1198 laedendus
1088 1154 1215 1196 fuerit
1254 1156 1306 1196 ab
1339 1170 1509 1196 aecusa-

93 1249 197 1286 tore,
230 1248 300 1277 aut
328 1235 372 1276 in
402 1236 548 1285 dente,
588 1236 651 1275 vel
691 1251 846 1283 manu,
890 1233 956 1274 vel
987 1234 1109 1288 pede.
1167 1232 1285 1273 Haec
1316 1244 1454 1273 autem
1487 1247 1511 1272 a

94 1313 219 1356 nobis
250 1313 361 1354 dicta
390 1324 508 1362 sunt,
549 1313 773 1353 ostendere
801 1311 1066 1359 volentibus,
1105 1312 1222 1366 quod
1252 1310 1297 1350 in
1327 1321 1513 1365 utroque

95 1392 194 1432 loco
227 1407 335 1446 quae
364 1390 516 1444 scripta
549 1401 656 1438 sunt,
689 1387 856 1429 edisseri
884 1405 974 1428 non
994 1386 1115 1428 facile
1139 1399 1308 1442 queant.
1366 1386 1512 1442 Opor-

97 1468 213 1508 tebat
253 1467 364 1507 enim
395 1466 537 1520 nos¹)
585 1465 701 1520 prius
745 1466 981 1506 secundum
1027 1463 1249 1505 historiam
1295 1463 1516 1513 discutere,

99 1559 209 1598 quae
237 1544 447 1595 leguntur,
478 1555 517 1583 et
545 1543 616 1591 sic,
648 1542 851 1597 quoniam
882 1542 946 1583 lex
976 1540 1201 1596 spiritualis
1221 1552 1293 1590 est,
1321 1540 1517 1596 spiritua-

106 1621 189 1660 lem
220 1619 266 1659 in
296 1620 358 1661 his
387 1618 706 1670 intelligentiam
741 1635 955 1674 quaerere.

214 1698 253 1739 3.
284 1697 469 1746 Verum,
500 1706 704 1750 quantum
737 1697 788 1735 ad
821 1711 1017 1751 praesens
1046 1704 1226 1749 spectat,
1273 1695 1397 1736 ctiam
1428 1695 1519 1750 ipsa

102 1773 228 1815 nobis
259 1771 484 1824 allegoriae
512 1788 622 1827 pars,
655 1788 764 1827 quae
793 1787 961 1827 semper
988 1782 1133 1826 patere
1162 1771 1286 1812 latius
1326 1772 1446 1822 solet,
1476 1772 1521 1812 in

105 1861 329 1902 angustum
361 1848 538 1902 cogitur.
598 1847 783 1898 Tamen,
827 1859 960 1904 prout
988 1865 1234 1904 possumus,
1264 1850 1366 1904 quid
1397 1850 1522 1890 nobis

105 1928 151 1969 in
179 1928 264 1968 hoc
292 1929 392 1968 loco
424 1919 635 1975 videatur,
681 1926 904 1980 explanare
933 1925 1201 1969 tentabimus.
1258 1926 1525 1982 Frequenter

109 2004 299 2052 diximus,
329 2005 446 2060 quod
476 2003 520 2044 in
551 2002 780 2057 Scripturis
815 2003 962 2044 iisdem
1002 2003 1243 2053 vocabulis,
1289 1997 1526 2059 iisdemque

114 2081 282 2132 officiis,
313 2082 502 2123 membra
536 2079 702 2120 animae
730 2080 1028 2130 nominentur,
1056 2075 1211 2135 quibus
1241 2092 1431 2131 utuntur,
1461 2083 1526 2122 vel

111 2159 378 2214 appellantur
407 2156 599 2212 corporis
626 2159 830 2199 membra.
890 2156 1021 2202 Verbi
1053 2174 1189 2206 causa,
1217 2170 1264 2199 ut
1295 2175 1391 2200 cum
1423 2159 1529 2200 dici-

112 2247 206 2276 tur:
236 2234 436 2289 ‚,vides²)
476 2237 682 2276 festucam
713 2234 756 2275 in
800 2236 926 2276 oculo
958 2233 1095 2275 fratris
1125 2234 1208 2285 tui,
1249 2247 1287 2276 et
1327 2251 1446 2287 ecce,
1483 2235 1528 2276 in

116 2313 244 2353 oculo
274 2323 349 2353 tuo
380 2313 519 2352 trabes
549 2309 775 2368 subjacet.“
836 2311 1011 2352 Certum
1043 2323 1102 2352 est
1133 2312 1258 2360 enim,
1290 2312 1408 2366 quod
1439 2328 1529 2352 non

117 2390 170 2430 de
202 2389 328 2430 oculo
372 2389 564 2444 corporis
606 2389 736 2438 dicat,
781 2389 827 2430 in
867 2405 953 2444 quo
993 2389 1131 2428 trabes
1170 2386 1324 2444 jaceat,
1373 2392 1447 2431 sed
1477 2392 1532 2431 de

119 2466 248 2508 oculo
287 2468 464 2508 animae.
532 2466 589 2506 Et
627 2482 723 2506 cum
764 2465 884 2507 dicit:
929 2463 1092 2520 „qui³)
1133 2466 1260 2510 habet
1299 2482 1417 2509 aures
1457 2484 1533 2508 au-

121 2542 278 2594 diendi,
309 2543 496 2584 audiat:“
531 2555 591 2583 et:
624 2544 839 2598 „quam4)
876 2541 1056 2599 speciosi
1085 2542 1214 2598 pedes
1245 2544 1533 2596 evangelizan-

243 2730 287 2784 ¹)
318 2730 448 2772 Deest
476 2739 607 2781 „nos“
636 2733 678 2772 in
712 2733 776 2772 ed.
807 2731 858 2774 R.

194 2832 202 2837 ,
242 2800 287 2854 ²)
321 2799 407 2841 Cfr.
438 2801 588 2843 Matth.
620 2803 713 2852 VII,
741 2803 781 2846 3.
811 2805 850 2844 4.

245 2869 290 2942 ἰ)
321 2870 471 2912 Matth.
504 2871 621 2921 XIII,
649 2873 688 2915 9.
809 2869 854 2927 4)
884 2871 1007 2913 Jesai.
1039 2871 1124 2919 LII,
1156 2872 1193 2913 7.
