1752 3136
179 63 264 106 424
787 57 1011 103 Omossms

178 174 310 232 pietas
349 184 387 215 ct
416 172 639 215 clementia
670 173 917 226 legislatoris
948 171 1174 223 succurrit,
1195 171 1238 228 ¹)
1285 184 1333 214 ut
1373 173 1484 217 intra
1526 194 1615 219 cer-

178 264 270 294 tum
300 263 470 307 tempus
500 251 653 293 redimi
682 252 826 307 possit.
867 251 1006 306 „Si2)
1037 262 1182 291 tamen
1214 251 1435 303 invenerit,
1465 253 1618 309 inquit,

179 345 332 370 manus
373 341 444 370 tua
483 328 693 385 pretium,
742 330 860 385 quod
912 328 1142 370 restituas.“
1215 327 1357 383 Quale
1396 330 1615 386 pretium?

183 406 478 447 poenitentiae
508 406 598 448 sine
630 406 764 448 dubio
795 405 979 448 lacrimis
998 417 1316 460 congregatum,
1348 418 1388 448 et
1410 407 1620 458 manibus,

183 483 229 524 id
264 495 334 532 cst,
366 484 518 524 labore
547 483 654 526 boni
687 484 828 540 operis
867 484 1098 526 inventum.
1170 487 1320 526 Annus
1362 497 1502 525 autem
1543 485 1620 527 iste

185 559 361 613 intelligi
391 572 554 617 potest,
595 577 723 616 quem
766 561 881 602 venit
922 577 1075 602 vocare
1106 560 1323 602 Dominus
1355 577 1516 602 annum
1549 578 1620 604 ac-

183 650 367 693 ceptum,
399 655 486 694 quo
519 637 700 679 dimittat
733 638 979 679 confractos
1010 637 1054 678 in
1085 637 1403 691 remissionem,
1438 651 1476 680 et
1506 640 1619 681 salu-

183 726 267 755 tem
304 715 456 756 delicta
485 731 558 755 sua
591 713 900 755 confitentibus
930 714 1144 769 praebeat.
1213 714 1345 768 Quod
1380 727 1521 757 autem
1554 716 1618 756 di·-

184 792 240 833 cit
271 793 448 833 domum
479 791 523 832 in
554 791 720 832 civitate
755 803 942 832 murata:
979 802 1105 840 recte,
1135 802 1182 830 ut
1208 806 1284 840 ego
1308 793 1504 843 arbitror,
1539 796 1619 834 do-

185 886 301 918 mus,
345 884 452 924 quae
481 867 525 908 in
561 868 685 910 coelo
719 885 808 910 esse
841 867 1017 918 dicitur,
1060 867 1106 908 in
1143 867 1305 910 civitate
1337 882 1502 911 murata
1535 887 1620 912 esse

182 945 445 997 intelligitur.
527 944 680 987 Murus
731 957 790 987 est
845 945 957 987 enim
1007 943 1370 1002 hujuscemodi3)
1419 948 1620 988 domibus

184 1023 325 1078 ipsum
357 1022 467 1064 coeli
498 1024 831 1066 firmamentum.
899 1024 986 1065 Sed
1026 1024 1156 1063 talem
1197 1023 1375 1064 domum
1407 1023 1492 1065 rari
1524 1024 1618 1079 qui-

186 1117 268 1156 quo
297 1100 456 1142 habere
485 1111 676 1156 possunt,
706 1100 771 1140 illi
802 1100 1002 1150 fortassis,
1036 1100 1109 1156 qui
1139 1117 1267 1156 super
1285 1112 1440 1141 terram
1469 1103 1622 1141 ambu-

182 1178 315 1219 lantes
349 1175 716 1219 conversationem
746 1177 907 1219 habent
935 1178 977 1218 in
1012 1176 1165 1226 coelis,
1212 1188 1253 1218 et
1285 1178 1338 1217 de
1370 1179 1524 1233 quibus
1557 1177 1621 1218 di—

185 1255 241 1295 cit
280 1255 536 1310 Apostolus:
576 1254 688 1304 „Dei
706 1253 752 1310 ⁴)
793 1253 1031 1295 aedificatio
1075 1254 1209 1296 estis.“
1281 1255 1420 1296 Ceteri
1466 1267 1619 1305 autem,

188 1331 261 1388 qui
291 1331 335 1372 in
366 1331 463 1372 vicis
494 1331 656 1372 habent
686 1332 853 1382 domos,
884 1332 1038 1387 quibus
1068 1349 1158 1372 non
1189 1344 1247 1373 est
1275 1349 1436 1382 murus,
1470 1344 1528 1374 est
1560 1345 1621 1373 tn·

182 1426 282 1450 rnen
317 1409 366 1450 iis
398 1407 594 1465 adjacens
625 1425 726 1461 ager
755 1410 1009 1458 foecundus,
1042 1407 1184 1464 illis5)
1215 1410 1413 1459 fortassis,
1445 1411 1518 1465 qui
1540 1410 1621 1452 sibi

181 1487 477 1529 habitaculum
509 1498 775 1543 praeparant
804 1487 849 1528 in
880 1498 990 1527 terra
1010 1486 1252 1537 viventium,
1285 1497 1324 1526 et
1346 1486 1389 1526 in
1406 1485 1476 1527 illa
1496 1498 1620 1536 terra,

186 1580 315 1621 quam
347 1564 575 1605 mansuetis
605 1563 822 1606 Dominus
850 1563 1062 1619 promittit
1093 1563 1257 1605 dicens:
1297 1563 1498 1618 ‚,beati6)
1537 1563 1619 1604 mi-

182 1654 255 1692 tes,
288 1641 494 1698 quoniam
524 1640 604 1696 ipsi
643 1640 903 1682 haereditate
939 1641 1224 1697 possidebunt
1264 1646 1461 1682 terram.“
1518 1641 1621 1682 Istas

183 1735 283 1772 ergo
317 1720 494 1768 domos,
522 1717 556 1759 si
585 1718 698 1759 forte
728 1717 880 1769 alicui,
921 1718 1029 1760 sicut
1059 1736 1188 1775 supra
1220 1718 1515 1774 exposuimus,
1556 1720 1619 1758 la—

182 1813 282 1853 psus
311 1795 532 1845 acciderit,
572 1810 742 1850 semper
773 1806 834 1835 est
864 1796 1149 1851 recuperandi
1178 1797 1379 1845 facultas,
1424 1807 1472 1835 ut
1501 1795 1620 1835 verbi

184 1873 313 1927 gratia
346 1875 552 1921 dicamus,
581 1871 616 1913 si
645 1887 725 1912 nos
744 1872 884 1927 aliqua
903 1874 1025 1928 culpa
1047 1872 1239 1914 mortalis
1258 1872 1478 1921 invenerit,
1510 1888 1619 1927 quae

185 1968 277 1993 non
307 1952 352 1992 in
384 1950 561 1991 crimine
600 1949 795 1998 mortali,
832 1965 922 1990 non
960 1949 1005 1991 in
1046 1950 1311 2006 blasphemia
1345 1949 1468 1997 fidei,
1510 1965 1620 2004 quae

185 2045 312 2069 muro
345 2025 614 2068 ecclesiastici
653 2037 693 2066 et
732 2026 957 2082 apostolici
1004 2027 1212 2078 dogmatis
1254 2026 1391 2068 cincta
1424 2039 1504 2076 est,
1543 2028 1617 2068 sed

184 2107 249 2146 vel
280 2105 323 2146 in
355 2103 577 2154 sermonis,
600 2103 644 2158 ⁷)
676 2103 740 2144 vel
769 2103 815 2144 in
845 2120 1017 2145 morum
1050 2104 1152 2144 vitio
1185 2103 1408 2146 consistat:
1441 2103 1525 2143 hoc
1558 2116 1617 2144 est

181 2182 417 2226 vendidisse
446 2183 640 2231 domum,
671 2197 781 2237 quae
810 2180 854 2222 in
885 2197 984 2234 agro
1019 2192 1088 2230 est,
1120 2180 1186 2222 vel
1216 2180 1260 2221 iu
1286 2180 1393 2231 vico,
1430 2179 1498 2221 cui
1522 2197 1617 2221 mu-

298 2407 345 2461 1)
372 2405 486 2447 Edd.
515 2403 713 2446 Merlini:
745 2404 944 2448 occurrit.
1418 2414 1422 2419 '

295 2476 344 2530 ²)
376 2476 464 2518 Cfr.
494 2476 622 2517 Levit.
655 2475 796 2525 XXV,
825 2477 892 2520 28.
925 2474 1022 2517 coll.
1045 2473 1177 2516 LXX.
1199 2475 1391 2517 virorum
1412 2471 1617 2514 versione.

294 2547 340 2599 3)
372 2547 452 2589 Ed.
481 2548 641 2590 Ruaei:
674 2544 939 2606 hujusmodi.

293 2616 341 2671 ⁴²)
372 2616 391 2658 I
424 2616 523 2658 Cor.
554 2617 628 2668 Ill,
657 2618 696 2660 9.
818 2616 863 2672 ⁵)
893 2615 975 2657 Ed.
1008 2614 1144 2657 Ruaei
1173 2617 1286 2658 sola:
1319 2615 1395 2657 illi.

293 2686 340 2742 ⁶)
371 2686 521 2728 Matth.
554 2688 605 2736 V,
639 2688 679 2729 5.

297 2755 343 2812 7>
379 2756 540 2798 Omnes
571 2757 673 2801 Mss„
705 2757 983 2807 „sermonis.“
1050 2755 1167 2798 Libri
1207 2755 1305 2798 editi
1350 2756 1409 2812 (v.
1445 2773 1482 2798 c.
1518 2757 1613 2797 edd.

186 2812 297 2869 M.):
327 2812 665 2869 „sermonibus.“
696 2814 749 2856 R.
