1752 3136
0 2873 15 2889 Q

410 159 457 187 m
488 145 742 187 LEvtrmum
770 143 972 185 HommA
1008 143 1125 185 XIII.
1390 146 1476 188 403

57 257 212 309 venies,
243 258 362 313 quod
392 257 468 300 ista
500 270 559 299 est
588 255 940 298 commemoratio
970 256 1074 306 sola,
1105 270 1213 310 quac
1235 254 1472 310 propitium

58 335 156 376 facit
192 335 438 376 hominibus
476 336 631 377 Deum.
718 333 764 374 Si
805 348 904 384 ergo
951 330 1150 373 intentius
1200 331 1472 374 ecelesiastica

57 413 252 470 mysteria
281 413 531 461 recorderis,
559 412 604 452 in
634 411 710 460 his,
741 425 849 465 quac
878 410 944 458 lex
974 408 1141 460 scribit,
1169 411 1334 451 suturae
1363 410 1472 452 veri-

56 489 149 530 tatis
177 488 362 530 invenies
392 488 617 541 imaginem
646 488 988 544 praeformatam.
1058 485 1145 527 Sed
1189 488 1240 527 de
1278 487 1339 528 his
1379 504 1470 528 non

57 578 118 606 est
146 568 268 622 plura
301 566 513 617 disserere,
547 566 665 621 quod
695 563 992 605 recordatione
1029 565 1119 604 sola
1149 563 1324 615 intelligi
1352 565 1472 605 suffi-

56 645 122 684 cit.
179 644 410 685 Possumus
443 658 542 683 vero
582 653 623 682 et
663 642 964 683 aliterxdicere.
1035 639 1187 682 Omnis
1219 656 1358 681 sermo
1389 641 1473 681 Dei

55 719 178 776 panis
210 732 280 769 est,
301 706 384 762 ¹sed
416 731 476 760 est
517 718 756 760 differentia
786 719 828 759 in
869 718 1062 773 panibus.
1129 717 1206 758 Est
1244 717 1355 757 enim
1397 716 1473 758 ali·

57 798 148 853 quis
176 815 341 847 sermo,
392 797 464 853 qui
507 798 560 838 ad
591 811 864 837 cone-*munem
895 794 1080 850 proferri
1110 794 1241 849 possit
1269 794 1475 844 auditum,

56 886 96 915 ct
125 876 307 916 edocere
344 875 514 930 plebem
556 875 609 915 de
640 873 841 929 operibus
870 870 1212 920 misericordiae,
1253 870 1362 925 ae')
1403 883 1471 911 to-

55 951 136 992 tius
165 950 491 992 beneficentiae:
524 961 563 990 et
594 950 667 991 iste
699 962 758 991 est
786 948 920 1004 panis,
950 949 1022 1003 qui
1044 948 1283 989 communis
1313 948 1475 989 videbi-

55 1040 134 1072 tur.
193 1028 268 1070 Est
298 1045 397 1069 vero
431 1027 547 1076 alius,
580 1027 652 1082 qui
682 1037 838 1068 secreta
869 1024 1095 1074 contineat,
1125 1037 1164 1066 et
1196 1027 1248 1066 de
1277 1027 1362 1066 fide
1392 1026 1474 1067 Dei

56 1117 95 1146 et
125 1122 266 1147 rerum
297 1103 470 1146 scientia
501 1103 683 1145 disserat.
743 1103 825 1143 Iste
853 1102 973 1156 panis
1001 1102 1187 1144 mundus
1226 1114 1306 1153 est,
1357 1114 1397 1143 et
1428 1119 1474 1143 ex

53 1182 188 1225 simila
221 1183 450 1222 confectus.
507 1179 588 1222 Iste
617 1179 661 1220 in
684 1191 914 1234 conspectu
934 1178 1115 1220 Domini
1135 1179 1362 1235 semper2)
1392 1195 1475 1233 po-

53 1261 218 1300 nendus
266 1269 347 1306 est,
397 1269 436 1297 et
484 1273 613 1313 super
659 1273 848 1297 mensam
897 1258 1105 1297 mundam
1152 1257 1474 1311 proponendus.

53 1337 134 1377 Iste
164 1334 262 1377 solis
291 1327 582 1375 sacerdotibus
610 1346 890 1389 sequestratus
922 1345 1000 1383 est,
1032 1345 1072 1375 et
1101 1333 1197 1375 filiis
1230 1336 1375 1374 Aaron
1404 1350 1473 1374 ae-

52 1427 176 1456 terno
216 1428 395 1453 munere
435 1412 715 1452 condonatus.
803 1411 964 1451 Verum
1003 1427 1059 1451 ne
1097 1423 1218 1466 putes
1256 1411 1359 1451 baec
1397 1428 1477 1452 nos

54 1491 242 1548 propriis
272 1489 461 1530 sensibus
493 1488 722 1540 excogitata
754 1504 942 1537 narrare,
972 1500 1012 1529 et
1028 1504 1118 1528 non
1142 1488 1188 1528 in
1218 1486 1366 1529 divinis
1397 1489 1476 1529 ob-

54 1581 235 1610 servasse
263 1565 576 1614 voluminibus,
626 1566 843 1620 proferam
888 1565 964 1606 tibi
1009 1566 1062 1606 de
1093 1564 1336 1620 Scripturis,
1367 1582 1475 1620 quo-

53 1647 188 1687 modo
231 1644 348 1700 apud
386 1643 570 1684 diversos
609 1642 721 1683 viros
771 1640 892 1697 panis
935 1641 1149 1684 diversitas
1197 1658 1278 1697 pro
1324 1641 1476 1681 merito

54 1720 388 1778 uniuscujusque
426 1731 585 1762 servata
626 1731 696 1760 est.
765 1718 964 1760 Refertur
1002 1718 1047 1759 in
1081 1717 1319 1773 Genesi,³)
1358 1718 1476 1774 quod

54 1800 272 1840 Abraham
310 1795 552 1852 patriarcha
590 1797 761 1847 angelos
808 1795 990 1847 suscepit
1035 1795 1248 1850 hospitio,
1286 1794 1479 1836 similiter

55 1887 195 1918 autem
228 1887 267 1916 et
294 1875 418 1916 Loth.
479 1873 566 1914 Sed
596 1873 836 1924 Abraham,
880 1873 952 1928 qui
984 1872 1143 1914 meritis
1180 1872 1478 1928 praecellebat,

55 1968 185 2008 panes
216 1968 263 1992 ex
294 1950 431 1992 simila
462 1951 707 2007 apposuisse
740 1950 1002 2000 describitur,
1035 1966 1140 2006 quos
1164 1961 1202 1990 et
1218 1950 1479 2007 ἐγκρυφίας,

55 2029 99 2070 id
132 2040 203 2078 cst,
235 2029 424 2070 occultos
455 2044 504 2068 ac
536 2027 781 2068 reconditos
819 2026 1065 2068 nominavit.
1138 2027 1251 2067 Loth
1282 2043 1380 2066 vero
1413 2042 1478 2076 eo,

56 2106 176 2161 quod
205 2121 296 2145 non
327 2104 475 2144 habuit
504 2103 696 2153 similam,
731 2120 777 2144 ex
807 2105 944 2145 farina
973 2121 1105 2160 panes
1136 2103 1372 2158 hospitibus
1402 2120 1476 2159 ap-

56 2182 220 2238 posuit:
255 2197 344 2222 non
378 2182 496 2236 quod
526 2180 582 2221 ita
611 2197 776 2235 pauper
806 2193 921 2231 esset,
952 2193 998 2222 ut
1014 2180 1059 2236 4)
1080 2198 1171 2222 non
1202 2181 1396 2221 habuerit
1424 2181 1479 2222 si-

56 2258 217 2307 milam,
249 2258 321 2312 qui
352 2257 394 2297 in
429 2256 578 2298 divitiis
610 2273 702 2297 non
730 2257 909 2298 inferior
948 2269 1101 2313 patruo
1145 2256 1365 2298 scribitur:
1405 2258 1477 2297 sed

57 2335 276 2390 utriusque
306 2334 560 2374 meritorum
592 2334 830 2376 differentia
861 2351 938 2390 per
967 2335 1070 2375 haec
1102 2334 1342 2386 designatur
1369 2334 1480 2374 indi-

57 2412 142 2453 cia:
174 2412 295 2468 quod
324 2410 358 2452 is
390 2409 578 2467 quidem,
612 2409 680 2451 cui
711 2423 832 2453 erant
863 2429 884 2453 a
917 2412 1111 2453 Domino
1140 2410 1334 2470 mysteria
1364 2426 1481 2451 reve-

178 2564 220 2617 ι)
250 2562 595 2604 Edd.Mer1ini:
628 2574 698 2603 aut
727 2563 853 2604 totius
885 2575 961 2605 etc.

175 2631 222 2683 ²)
255 2631 386 2672 Deest
426 2638 646 2688 „sempe1“
689 2633 732 2673 in
771 2633 890 2674 libris
930 2633 1048 2675 editis
1090 2634 1150 2690 (v.
1192 2651 1225 2674 c.
1256 2635 1350 2676 edd.
1383 2634 1484 2727 IVIU)

61 2689 131 2729 sed
163 2688 385 2742 suppletur
414 2705 436 2729 e
466 2691 569 2731 Wlss.
599 2689 651 2731 R.

177 2756 223 2811 ³)
258 2755 343 2797 Csr.
376 2757 530 2805 Genes.
560 2760 719 2801 XVIII.

177 2827 223 2879 ⁴)
255 2828 369 2869 Libri
411 2832 511 2872 editi
552 2832 612 2887 (v.
652 2847 685 2871 c.
726 2831 822 2871 edd.
866 2829 986 2884 M.):'
1022 2843 1088 2881 „et
1129 2847 1218 2873 non
1251 2830 1483 2880 hahuerit‚“

62 2885 133 2926 sed
162 2884 262 2926 Mss.
293 2897 365 2937 „ut
398 2902 487 2930 non
520 2886 753 2930 habuerit.“
784 2887 833 2927 R.

1058 2963 1154 3004 26*
