<?xml version="1.0" encoding="UTF-8"?>
<!DOCTYPE html PUBLIC "-//W3C//DTD XHTML 1.0 Transitional//EN"
    "http://www.w3.org/TR/xhtml1/DTD/xhtml1-transitional.dtd">
<html xmlns="http://www.w3.org/1999/xhtml" xml:lang="en" lang="en">
 <head>
  <title>
</title>
<meta http-equiv="Content-Type" content="text/html;charset=utf-8" />
  <meta name='ocr-system' content='tesseract 3.04.00' />
  <meta name='ocr-capabilities' content='ocr_page ocr_carea ocr_par ocr_line ocrx_word'/>
</head>
<body>
  <div class='ocr_page' id='page_1' title='image "./operaomniaquaegr09orig_0281.png"; bbox 0 0 1752 3136; ppageno 0'>
   <div class='ocr_carea' id='block_1_1' title="bbox 509 93 1543 142">
    <p class='ocr_par' dir='ltr' id='par_1_1' title="bbox 509 93 1543 142">
     <span class='ocr_line' id='line_1_1' title="bbox 509 93 1543 142; baseline 0 -2"><span class='ocrx_word' id='word_1_1' title='bbox 509 111 555 140; x_wconf 75' lang='lat' dir='ltr'>m</span> <span class='ocrx_word' id='word_1_2' title='bbox 584 98 835 138; x_wconf 76' lang='lat' dir='ltr'>LEvrncUM</span> <span class='ocrx_word' id='word_1_3' title='bbox 864 93 1063 136; x_wconf 61' lang='lat' dir='ltr'>Horum</span> <span class='ocrx_word' id='word_1_4' title='bbox 1094 96 1143 136; x_wconf 93' lang='lat' dir='ltr'>V.</span> <span class='ocrx_word' id='word_1_5' title='bbox 1459 98 1543 142; x_wconf 77' lang='lat'>269</span> 
     </span>
    </p>
   </div>
   <div class='ocr_carea' id='block_1_2' title="bbox 64 206 1576 2414">
    <p class='ocr_par' dir='ltr' id='par_1_2' title="bbox 64 206 1576 2414">
     <span class='ocr_line' id='line_1_2' title="bbox 136 206 1540 269; baseline -0.009 -15"><span class='ocrx_word' id='word_1_6' title='bbox 136 227 222 254; x_wconf 80' lang='lat' dir='ltr'>esse</span> <span class='ocrx_word' id='word_1_7' title='bbox 243 212 502 254; x_wconf 78' lang='lat' dir='ltr'><strong>sacerdotem</strong></span> <span class='ocrx_word' id='word_1_8' title='bbox 523 208 619 258; x_wconf 82' lang='lat' dir='ltr'>Dei,</span> <span class='ocrx_word' id='word_1_9' title='bbox 647 207 727 248; x_wconf 85' lang='lat' dir='ltr'>nisi</span> <span class='ocrx_word' id='word_1_10' title='bbox 756 206 909 256; x_wconf 52' lang='lat' dir='ltr'>lrabeat</span> <span class='ocrx_word' id='word_1_11' title='bbox 937 217 1081 269; x_wconf 86' lang='lat' dir='ltr'>pectus</span> <span class='ocrx_word' id='word_1_12' title='bbox 1114 221 1161 246; x_wconf 81' lang='lat' dir='ltr'>ex</span> <span class='ocrx_word' id='word_1_13' title='bbox 1188 206 1386 248; x_wconf 88' lang='lat' dir='ltr'>omnibus</span> <span class='ocrx_word' id='word_1_14' title='bbox 1405 225 1540 250; x_wconf 84' lang='lat' dir='ltr'>mem-</span> 
     </span>
     <span class='ocr_line' id='line_1_3' title="bbox 134 281 1540 336; baseline -0.003 -6"><span class='ocrx_word' id='word_1_15' title='bbox 134 290 221 330; x_wconf 82' lang='lat' dir='ltr'>bris</span> <span class='ocrx_word' id='word_1_16' title='bbox 239 290 430 336; x_wconf 82' lang='lat' dir='ltr'>electum,</span> <span class='ocrx_word' id='word_1_17' title='bbox 446 302 534 326; x_wconf 92' lang='lat' dir='ltr'>non</span> <span class='ocrx_word' id='word_1_18' title='bbox 552 294 611 325; x_wconf 88' lang='lat' dir='ltr'>est</span> <span class='ocrx_word' id='word_1_19' title='bbox 627 284 840 323; x_wconf 77' lang='lat' dir='ltr'>sacerdos:</span> <span class='ocrx_word' id='word_1_20' title='bbox 863 293 902 321; x_wconf 91' lang='lat' dir='ltr'>ct</span> <span class='ocrx_word' id='word_1_21' title='bbox 919 281 999 322; x_wconf 85' lang='lat' dir='ltr'>nisi</span> <span class='ocrx_word' id='word_1_22' title='bbox 1021 282 1173 323; x_wconf 80' lang='lat' dir='ltr'>habeat</span> <span class='ocrx_word' id='word_1_23' title='bbox 1191 282 1411 324; x_wconf 81' lang='lat' dir='ltr'>brachium</span> <span class='ocrx_word' id='word_1_24' title='bbox 1441 287 1540 326; x_wconf 85' lang='lat' dir='ltr'>dex-</span> 
     </span>
     <span class='ocr_line' id='line_1_4' title="bbox 132 359 1539 418; baseline -0.001 -13"><span class='ocrx_word' id='word_1_25' title='bbox 132 377 260 413; x_wconf 79' lang='lat' dir='ltr'>trum,</span> <span class='ocrx_word' id='word_1_26' title='bbox 278 380 365 405; x_wconf 91' lang='lat' dir='ltr'>non</span> <span class='ocrx_word' id='word_1_27' title='bbox 383 372 521 418; x_wconf 83' lang='lat' dir='ltr'>potest</span> <span class='ocrx_word' id='word_1_28' title='bbox 542 361 796 401; x_wconf 87' lang='lat' dir='ltr'>adscendere</span> <span class='ocrx_word' id='word_1_29' title='bbox 812 359 864 399; x_wconf 86' lang='lat' dir='ltr'>ad</span> <span class='ocrx_word' id='word_1_30' title='bbox 885 359 1015 398; x_wconf 84' lang='lat' dir='ltr'>altare</span> <span class='ocrx_word' id='word_1_31' title='bbox 1027 359 1218 409; x_wconf 85' lang='lat' dir='ltr'>Domini,</span> <span class='ocrx_word' id='word_1_32' title='bbox 1242 376 1321 401; x_wconf 89' lang='lat' dir='ltr'>nec</span> <span class='ocrx_word' id='word_1_33' title='bbox 1343 363 1539 403; x_wconf 75' lang='lat' dir='ltr'>sacerdos</span> 
     </span>
     <span class='ocr_line' id='line_1_5' title="bbox 130 434 1538 493; baseline -0.001 -11"><span class='ocrx_word' id='word_1_34' title='bbox 130 440 352 482; x_wconf 86' lang='lat' dir='ltr'>nominari.</span> <span class='ocrx_word' id='word_1_35' title='bbox 411 437 542 491; x_wconf 83' lang='lat' dir='ltr'>Quod</span> <span class='ocrx_word' id='word_1_36' title='bbox 579 450 677 487; x_wconf 83' lang='lat' dir='ltr'>ergo</span> <span class='ocrx_word' id='word_1_37' title='bbox 719 446 777 476; x_wconf 90' lang='lat' dir='ltr'>est</span> <span class='ocrx_word' id='word_1_38' title='bbox 805 434 1032 476; x_wconf 86' lang='lat' dir='ltr'>sacerdotis</span> <span class='ocrx_word' id='word_1_39' title='bbox 1062 447 1231 490; x_wconf 81' lang='lat' dir='ltr'>pectus,</span> <span class='ocrx_word' id='word_1_40' title='bbox 1279 448 1348 479; x_wconf 79' lang='lat' dir='ltr'>aut</span> <span class='ocrx_word' id='word_1_41' title='bbox 1379 438 1538 493; x_wconf 82' lang='lat' dir='ltr'>quale?</span> 
     </span>
     <span class='ocr_line' id='line_1_6' title="bbox 130 511 1539 570; baseline 0.003 -17"><span class='ocrx_word' id='word_1_42' title='bbox 130 516 245 564; x_wconf 37' lang='lat' dir='ltr'>Tale).</span> <span class='ocrx_word' id='word_1_43' title='bbox 265 531 338 567; x_wconf 84' lang='lat' dir='ltr'>ego</span> <span class='ocrx_word' id='word_1_44' title='bbox 368 524 473 570; x_wconf 88' lang='lat' dir='ltr'>puto</span> <span class='ocrx_word' id='word_1_45' title='bbox 507 527 612 561; x_wconf 87' lang='lat' dir='ltr'>esse,</span> <span class='ocrx_word' id='word_1_46' title='bbox 655 513 772 566; x_wconf 89' lang='lat' dir='ltr'>quod</span> <span class='ocrx_word' id='word_1_47' title='bbox 809 512 983 565; x_wconf 83' lang='lat' dir='ltr'>plenum</span> <span class='ocrx_word' id='word_1_48' title='bbox 1021 511 1074 552; x_wconf 83' lang='lat' dir='ltr'>sit</span> <span class='ocrx_word' id='word_1_49' title='bbox 1103 511 1327 567; x_wconf 84' lang='lat' dir='ltr'>sapientia,</span> <span class='ocrx_word' id='word_1_50' title='bbox 1362 516 1539 569; x_wconf 86' lang='lat' dir='ltr'>plenum</span> 
     </span>
     <span class='ocr_line' id='line_1_7' title="bbox 127 586 1576 645; baseline -0.002 -10"><span class='ocrx_word' id='word_1_51' title='bbox 127 593 316 642; x_wconf 83' lang='lat' dir='ltr'>scientia,</span> <span class='ocrx_word' id='word_1_52' title='bbox 355 591 529 645; x_wconf 89' lang='lat' dir='ltr'>plenum</span> <span class='ocrx_word' id='word_1_53' title='bbox 561 588 678 628; x_wconf 82' lang='lat' dir='ltr'>omni</span> <span class='ocrx_word' id='word_1_54' title='bbox 724 588 863 629; x_wconf 82' lang='lat' dir='ltr'>divina</span> <span class='ocrx_word' id='word_1_55' title='bbox 902 587 1194 638; x_wconf 73' lang='lat' dir='ltr'>intelligentia:</span> <span class='ocrx_word' id='word_1_56' title='bbox 1237 601 1275 630; x_wconf 89' lang='lat' dir='ltr'>et</span> <span class='ocrx_word' id='word_1_57' title='bbox 1305 590 1408 644; x_wconf 88' lang='lat' dir='ltr'>quid</span> <span class='ocrx_word' id='word_1_58' title='bbox 1440 591 1537 633; x_wconf 80' lang='lat' dir='ltr'>dico</span> <span class='ocrx_word' id='word_1_59' title='bbox 1571 586 1576 587; x_wconf 34' lang='lat'><em>⁷</em></span> 
     </span>
     <span class='ocr_line' id='line_1_8' title="bbox 125 663 1538 725; baseline -0.001 -15"><span class='ocrx_word' id='word_1_60' title='bbox 125 670 298 725; x_wconf 83' lang='lat' dir='ltr'>plenum</span> <span class='ocrx_word' id='word_1_61' title='bbox 328 664 631 717; x_wconf 78' lang='lat' dir='ltr'>intelligentia?</span> <span class='ocrx_word' id='word_1_62' title='bbox 687 663 780 705; x_wconf 91' lang='lat' dir='ltr'>lmo</span> <span class='ocrx_word' id='word_1_63' title='bbox 813 665 931 720; x_wconf 85' lang='lat' dir='ltr'>quod</span> <span class='ocrx_word' id='word_1_64' title='bbox 960 664 1137 720; x_wconf 86' lang='lat' dir='ltr'>plenum</span> <span class='ocrx_word' id='word_1_65' title='bbox 1167 666 1220 707; x_wconf 89' lang='lat' dir='ltr'>sit</span> <span class='ocrx_word' id='word_1_66' title='bbox 1249 667 1367 708; x_wconf 88' lang='lat' dir='ltr'>Deo:</span> <span class='ocrx_word' id='word_1_67' title='bbox 1413 670 1538 723; x_wconf 86' lang='lat' dir='ltr'>quale</span> 
     </span>
     <span class='ocr_line' id='line_1_9' title="bbox 125 740 1537 796; baseline -0.001 -10"><span class='ocrx_word' id='word_1_68' title='bbox 125 756 184 786; x_wconf 87' lang='lat' dir='ltr'>est</span> <span class='ocrx_word' id='word_1_69' title='bbox 212 756 252 785; x_wconf 85' lang='lat' dir='ltr'>et</span> <span class='ocrx_word' id='word_1_70' title='bbox 280 742 500 784; x_wconf 84' lang='lat' dir='ltr'>brachium</span> <span class='ocrx_word' id='word_1_71' title='bbox 541 741 789 790; x_wconf 88' lang='lat' dir='ltr'>sacerdotis,</span> <span class='ocrx_word' id='word_1_72' title='bbox 831 742 949 796; x_wconf 87' lang='lat' dir='ltr'>quod</span> <span class='ocrx_word' id='word_1_73' title='bbox 991 740 1028 782; x_wconf 85' lang='lat' dir='ltr'>ei</span> <span class='ocrx_word' id='word_1_74' title='bbox 1068 743 1257 784; x_wconf 85' lang='lat' dir='ltr'>offerunt</span> <span class='ocrx_word' id='word_1_75' title='bbox 1294 744 1371 785; x_wconf 86' lang='lat' dir='ltr'>filii</span> <span class='ocrx_word' id='word_1_76' title='bbox 1409 745 1537 787; x_wconf 88' lang='lat' dir='ltr'>Israel</span> 
     </span>
     <span class='ocr_line' id='line_1_10' title="bbox 120 804 1537 877; baseline 0.001 -15"><span class='ocrx_word' id='word_1_77' title='bbox 120 837 200 877; x_wconf 89' lang='lat' dir='ltr'>pro</span> <span class='ocrx_word' id='word_1_78' title='bbox 229 821 364 863; x_wconf 85' lang='lat' dir='ltr'>salute</span> <span class='ocrx_word' id='word_1_79' title='bbox 391 837 479 868; x_wconf 86' lang='lat' dir='ltr'>sua,</span> <span class='ocrx_word' id='word_1_80' title='bbox 509 804 590 873; x_wconf 49' lang='lat' dir='ltr'>ilua</span> <span class='ocrx_word' id='word_1_81' title='bbox 622 817 845 859; x_wconf 83' lang='lat' dir='ltr'>salvantur.</span> <span class='ocrx_word' id='word_1_82' title='bbox 914 818 1099 860; x_wconf 80' lang='lat' dir='ltr'>Formae</span> <span class='ocrx_word' id='word_1_83' title='bbox 1127 831 1226 861; x_wconf 86' lang='lat' dir='ltr'>sunt</span> <span class='ocrx_word' id='word_1_84' title='bbox 1254 821 1415 873; x_wconf 80' lang='lat' dir='ltr'>singula</span> <span class='ocrx_word' id='word_1_85' title='bbox 1446 822 1537 875; x_wconf 85' lang='lat' dir='ltr'>ista,</span> 
     </span>
     <span class='ocr_line' id='line_1_11' title="bbox 79 894 1535 952; baseline 0 -11"><span class='ocrx_word' id='word_1_86' title='bbox 79 932 90 941; x_wconf 34' lang='grc' dir='ltr'>χ</span> <span class='ocrx_word' id='word_1_87' title='bbox 121 913 230 952; x_wconf 88' lang='lat' dir='ltr'>quae</span> <span class='ocrx_word' id='word_1_88' title='bbox 256 898 501 939; x_wconf 87' lang='lat' dir='ltr'>scribuntur</span> <span class='ocrx_word' id='word_1_89' title='bbox 528 894 574 936; x_wconf 88' lang='lat' dir='ltr'>in</span> <span class='ocrx_word' id='word_1_90' title='bbox 603 897 704 947; x_wconf 84' lang='lat' dir='ltr'>lege,</span> <span class='ocrx_word' id='word_1_91' title='bbox 736 911 899 945; x_wconf 88' lang='lat' dir='ltr'>eorum,</span> <span class='ocrx_word' id='word_1_92' title='bbox 930 912 1038 951; x_wconf 88' lang='lat' dir='ltr'>quae</span> <span class='ocrx_word' id='word_1_93' title='bbox 1066 897 1110 937; x_wconf 86' lang='lat' dir='ltr'>in</span> <span class='ocrx_word' id='word_1_94' title='bbox 1140 897 1314 938; x_wconf 85' lang='lat' dir='ltr'>ecclesia</span> <span class='ocrx_word' id='word_1_95' title='bbox 1344 898 1429 950; x_wconf 85' lang='lat' dir='ltr'>geri</span> <span class='ocrx_word' id='word_1_96' title='bbox 1448 901 1535 941; x_wconf 64' lang='lat' dir='ltr'>‘&#39;de-</span> 
     </span>
     <span class='ocr_line' id='line_1_12' title="bbox 119 971 1534 1028; baseline 0.001 -14"><span class='ocrx_word' id='word_1_97' title='bbox 119 975 259 1015; x_wconf 77' lang='lat' dir='ltr'>beant.</span> <span class='ocrx_word' id='word_1_98' title='bbox 318 971 524 1028; x_wconf 84' lang='lat' dir='ltr'>Alioquin</span> <span class='ocrx_word' id='word_1_99' title='bbox 551 987 631 1011; x_wconf 86' lang='lat' dir='ltr'>nec</span> <span class='ocrx_word' id='word_1_100' title='bbox 661 971 806 1012; x_wconf 84' lang='lat' dir='ltr'>fuisset</span> <span class='ocrx_word' id='word_1_101' title='bbox 831 971 1114 1014; x_wconf 81' lang='lat' dir='ltr'>necessarium</span> <span class='ocrx_word' id='word_1_102' title='bbox 1144 973 1225 1025; x_wconf 84' lang='lat' dir='ltr'>legi</span> <span class='ocrx_word' id='word_1_103' title='bbox 1255 974 1358 1015; x_wconf 89' lang='lat' dir='ltr'>haec</span> <span class='ocrx_word' id='word_1_104' title='bbox 1387 975 1431 1015; x_wconf 89' lang='lat' dir='ltr'>in</span> <span class='ocrx_word' id='word_1_105' title='bbox 1466 992 1534 1016; x_wconf 88' lang='lat' dir='ltr'>ec-</span> 
     </span>
     <span class='ocr_line' id='line_1_13' title="bbox 122 1046 1533 1108; baseline 0.002 -18"><span class='ocrx_word' id='word_1_106' title='bbox 122 1049 257 1102; x_wconf 88' lang='lat' dir='ltr'>clesia,</span> <span class='ocrx_word' id='word_1_107' title='bbox 287 1048 366 1090; x_wconf 82' lang='lat' dir='ltr'>nisi</span> <span class='ocrx_word' id='word_1_108' title='bbox 396 1064 443 1089; x_wconf 83' lang='lat' dir='ltr'>ex</span> <span class='ocrx_word' id='word_1_109' title='bbox 473 1047 538 1089; x_wconf 82' lang='lat' dir='ltr'>his</span> <span class='ocrx_word' id='word_1_110' title='bbox 571 1046 804 1088; x_wconf 73' lang='lat' dir='ltr'>aedificatio</span> <span class='ocrx_word' id='word_1_111' title='bbox 838 1047 979 1103; x_wconf 86' lang='lat' dir='ltr'>aliqua</span> <span class='ocrx_word' id='word_1_112' title='bbox 1010 1048 1278 1093; x_wconf 78' lang='lat' dir='ltr'>audientibus</span> <span class='ocrx_word' id='word_1_113' title='bbox 1305 1052 1533 1108; x_wconf 87' lang='lat' dir='ltr'>praebere-</span> 
     </span>
     <span class='ocr_line' id='line_1_14' title="bbox 118 1112 1534 1181; baseline 0.003 -15"><span class='ocrx_word' id='word_1_114' title='bbox 118 1137 199 1167; x_wconf 83' lang='lat' dir='ltr'>tur.</span> <span class='ocrx_word' id='word_1_115' title='bbox 258 1126 303 1168; x_wconf 88' lang='lat' dir='ltr'>Si</span> <span class='ocrx_word' id='word_1_116' title='bbox 334 1141 431 1178; x_wconf 84' lang='lat' dir='ltr'>ergo</span> <span class='ocrx_word' id='word_1_117' title='bbox 461 1125 657 1166; x_wconf 84' lang='lat' dir='ltr'>sacerdos</span> <span class='ocrx_word' id='word_1_118' title='bbox 689 1112 887 1167; x_wconf 83' lang='lat' dir='ltr'>ecclesiae</span> <span class='ocrx_word' id='word_1_119' title='bbox 915 1141 993 1181; x_wconf 90' lang='lat' dir='ltr'>per</span> <span class='ocrx_word' id='word_1_120' title='bbox 1023 1127 1171 1176; x_wconf 86' lang='lat' dir='ltr'>verba,</span> <span class='ocrx_word' id='word_1_121' title='bbox 1211 1139 1250 1169; x_wconf 89' lang='lat' dir='ltr'>et</span> <span class='ocrx_word' id='word_1_122' title='bbox 1281 1128 1534 1181; x_wconf 84' lang='lat' dir='ltr'>doctrinam,</span> 
     </span>
     <span class='ocr_line' id='line_1_15' title="bbox 119 1198 1532 1259; baseline 0.003 -16"><span class='ocrx_word' id='word_1_123' title='bbox 119 1215 160 1244; x_wconf 84' lang='lat' dir='ltr'>et</span> <span class='ocrx_word' id='word_1_124' title='bbox 195 1203 373 1243; x_wconf 85' lang='lat' dir='ltr'>multam</span> <span class='ocrx_word' id='word_1_125' title='bbox 413 1198 745 1243; x_wconf 81' lang='lat' dir='ltr'>sollicitudinem</span> <span class='ocrx_word' id='word_1_126' title='bbox 787 1218 927 1253; x_wconf 89' lang='lat' dir='ltr'>suam,</span> <span class='ocrx_word' id='word_1_127' title='bbox 977 1215 1016 1244; x_wconf 85' lang='lat' dir='ltr'>et</span> <span class='ocrx_word' id='word_1_128' title='bbox 1053 1204 1247 1246; x_wconf 81' lang='lat' dir='ltr'>laborem</span> <span class='ocrx_word' id='word_1_129' title='bbox 1284 1204 1532 1259; x_wconf 75' lang='lat' dir='ltr'>vigiliarum,</span> 
     </span>
     <span class='ocr_line' id='line_1_16' title="bbox 117 1277 1532 1334; baseline 0.004 -14"><span class='ocrx_word' id='word_1_130' title='bbox 117 1289 362 1320; x_wconf 83' lang='lat' dir='ltr'>convertere</span> <span class='ocrx_word' id='word_1_131' title='bbox 390 1277 577 1334; x_wconf 77' lang='lat' dir='ltr'>potuerit</span> <span class='ocrx_word' id='word_1_132' title='bbox 605 1289 886 1334; x_wconf 88' lang='lat' dir='ltr'>peccatorem,</span> <span class='ocrx_word' id='word_1_133' title='bbox 917 1290 957 1320; x_wconf 87' lang='lat' dir='ltr'>et</span> <span class='ocrx_word' id='word_1_134' title='bbox 989 1281 1145 1322; x_wconf 86' lang='lat' dir='ltr'>docere</span> <span class='ocrx_word' id='word_1_135' title='bbox 1175 1298 1286 1331; x_wconf 87' lang='lat' dir='ltr'>eum,</span> <span class='ocrx_word' id='word_1_136' title='bbox 1314 1294 1363 1324; x_wconf 86' lang='lat' dir='ltr'>ut</span> <span class='ocrx_word' id='word_1_137' title='bbox 1377 1284 1532 1326; x_wconf 89' lang='lat' dir='ltr'>melio-</span> 
     </span>
     <span class='ocr_line' id='line_1_17' title="bbox 115 1355 1533 1413; baseline 0.004 -15"><span class='ocrx_word' id='word_1_138' title='bbox 115 1373 204 1399; x_wconf 85' lang='lat' dir='ltr'>rem</span> <span class='ocrx_word' id='word_1_139' title='bbox 235 1356 344 1397; x_wconf 86' lang='lat' dir='ltr'>viam</span> <span class='ocrx_word' id='word_1_140' title='bbox 372 1367 593 1411; x_wconf 88' lang='lat' dir='ltr'>sequatur,</span> <span class='ocrx_word' id='word_1_141' title='bbox 639 1367 686 1396; x_wconf 89' lang='lat' dir='ltr'>ut</span> <span class='ocrx_word' id='word_1_142' title='bbox 725 1357 779 1397; x_wconf 85' lang='lat' dir='ltr'>ad</span> <span class='ocrx_word' id='word_1_143' title='bbox 816 1355 1016 1398; x_wconf 74' lang='lat' dir='ltr'>tImorem</span> <span class='ocrx_word' id='word_1_144' title='bbox 1057 1358 1140 1398; x_wconf 77' lang='lat' dir='ltr'>Dei</span> <span class='ocrx_word' id='word_1_145' title='bbox 1170 1360 1335 1410; x_wconf 85' lang='lat' dir='ltr'>redeat,</span> <span class='ocrx_word' id='word_1_146' title='bbox 1381 1363 1533 1413; x_wconf 78' lang='lat' dir='ltr'>cogitet</span> 
     </span>
     <span class='ocr_line' id='line_1_18' title="bbox 113 1432 1532 1489; baseline 0.003 -14"><span class='ocrx_word' id='word_1_147' title='bbox 113 1450 230 1489; x_wconf 85' lang='lat' dir='ltr'>spem</span> <span class='ocrx_word' id='word_1_148' title='bbox 261 1435 469 1481; x_wconf 87' lang='lat' dir='ltr'>futuram,</span> <span class='ocrx_word' id='word_1_149' title='bbox 497 1449 519 1473; x_wconf 82' lang='lat' dir='ltr'>a</span> <span class='ocrx_word' id='word_1_150' title='bbox 548 1432 667 1474; x_wconf 87' lang='lat' dir='ltr'>malis</span> <span class='ocrx_word' id='word_1_151' title='bbox 698 1432 858 1474; x_wconf 82' lang='lat' dir='ltr'>actibus</span> <span class='ocrx_word' id='word_1_152' title='bbox 887 1433 1069 1485; x_wconf 68' lang='lat' dir='ltr'>desinat,</span> <span class='ocrx_word' id='word_1_153' title='bbox 1107 1447 1446 1484; x_wconf 25' lang='lat' dir='ltr'>est-convertatur</span> <span class='ocrx_word' id='word_1_154' title='bbox 1476 1439 1532 1479; x_wconf 80' lang='lat' dir='ltr'>ad</span> 
     </span>
     <span class='ocr_line' id='line_1_19' title="bbox 114 1508 1530 1568; baseline 0.003 -17"><span class='ocrx_word' id='word_1_155' title='bbox 114 1512 278 1552; x_wconf 85' lang='lat' dir='ltr'>bonos:</span> <span class='ocrx_word' id='word_1_156' title='bbox 308 1508 355 1561; x_wconf 87' lang='lat' dir='ltr'>si,</span> <span class='ocrx_word' id='word_1_157' title='bbox 385 1508 573 1564; x_wconf 89' lang='lat' dir='ltr'>inquam,</span> <span class='ocrx_word' id='word_1_158' title='bbox 602 1509 685 1550; x_wconf 88' lang='lat' dir='ltr'>tale</span> <span class='ocrx_word' id='word_1_159' title='bbox 717 1526 824 1566; x_wconf 88' lang='lat' dir='ltr'>opus</span> <span class='ocrx_word' id='word_1_160' title='bbox 853 1511 1014 1561; x_wconf 84' lang='lat' dir='ltr'>fecerit,</span> <span class='ocrx_word' id='word_1_161' title='bbox 1045 1528 1306 1568; x_wconf 87' lang='lat' dir='ltr'>consequens</span> <span class='ocrx_word' id='word_1_162' title='bbox 1328 1525 1388 1554; x_wconf 85' lang='lat' dir='ltr'>cst</span> <span class='ocrx_word' id='word_1_163' title='bbox 1419 1530 1530 1564; x_wconf 86' lang='lat' dir='ltr'>eum,</span> 
     </span>
     <span class='ocr_line' id='line_1_20' title="bbox 116 1585 1531 1643; baseline 0.005 -17"><span class='ocrx_word' id='word_1_164' title='bbox 116 1586 188 1643; x_wconf 87' lang='lat' dir='ltr'>qui</span> <span class='ocrx_word' id='word_1_165' title='bbox 206 1586 249 1640; x_wconf 80' lang='lat'>&#39;)</span> <span class='ocrx_word' id='word_1_166' title='bbox 278 1585 406 1642; x_wconf 88' lang='lat' dir='ltr'>ipsius</span> <span class='ocrx_word' id='word_1_167' title='bbox 435 1586 584 1627; x_wconf 79' lang='lat' dir='ltr'>labore</span> <span class='ocrx_word' id='word_1_168' title='bbox 612 1586 805 1636; x_wconf 85' lang='lat' dir='ltr'>salvatur,</span> <span class='ocrx_word' id='word_1_169' title='bbox 835 1586 933 1627; x_wconf 92' lang='lat' dir='ltr'>Deo</span> <span class='ocrx_word' id='word_1_170' title='bbox 967 1588 1115 1639; x_wconf 77' lang='lat' dir='ltr'>gratias</span> <span class='ocrx_word' id='word_1_171' title='bbox 1145 1604 1278 1642; x_wconf 79' lang='lat' dir='ltr'>agere,</span> <span class='ocrx_word' id='word_1_172' title='bbox 1311 1603 1349 1632; x_wconf 89' lang='lat' dir='ltr'>et</span> <span class='ocrx_word' id='word_1_173' title='bbox 1373 1592 1531 1633; x_wconf 78' lang='lat' dir='ltr'>offerre</span> 
     </span>
     <span class='ocr_line' id='line_1_21' title="bbox 113 1661 1530 1719; baseline 0.004 -15"><span class='ocrx_word' id='word_1_174' title='bbox 113 1663 293 1704; x_wconf 84' lang='lat' dir='ltr'>hostiam</span> <span class='ocrx_word' id='word_1_175' title='bbox 324 1661 538 1712; x_wconf 80' lang='lat' dir='ltr'>salutaris,</span> <span class='ocrx_word' id='word_1_176' title='bbox 583 1678 663 1718; x_wconf 91' lang='lat' dir='ltr'>pro</span> <span class='ocrx_word' id='word_1_177' title='bbox 703 1678 777 1713; x_wconf 90' lang='lat' dir='ltr'>eo,</span> <span class='ocrx_word' id='word_1_178' title='bbox 826 1665 942 1719; x_wconf 88' lang='lat' dir='ltr'>quod</span> <span class='ocrx_word' id='word_1_179' title='bbox 979 1665 1156 1707; x_wconf 85' lang='lat' dir='ltr'>salutem</span> <span class='ocrx_word' id='word_1_180' title='bbox 1187 1678 1436 1708; x_wconf 83' lang='lat' dir='ltr'>consecutus</span> <span class='ocrx_word' id='word_1_181' title='bbox 1466 1668 1530 1710; x_wconf 80' lang='lat' dir='ltr'>sit.</span> 
     </span>
     <span class='ocr_line' id='line_1_22' title="bbox 64 1724 1528 1797; baseline 0.005 -18"><span class='ocrx_word' id='word_1_182' title='bbox 64 1724 74 1741; x_wconf 21' lang='grc' dir='ltr'><em>ἀ</em></span> <span class='ocrx_word' id='word_1_183' title='bbox 111 1740 162 1780; x_wconf 83' lang='lat' dir='ltr'>In</span> <span class='ocrx_word' id='word_1_184' title='bbox 194 1755 276 1795; x_wconf 88' lang='lat' dir='ltr'>qua</span> <span class='ocrx_word' id='word_1_185' title='bbox 306 1738 441 1780; x_wconf 84' lang='lat' dir='ltr'>hostia</span> <span class='ocrx_word' id='word_1_186' title='bbox 465 1755 562 1795; x_wconf 84' lang='lat' dir='ltr'>pars</span> <span class='ocrx_word' id='word_1_187' title='bbox 582 1739 763 1780; x_wconf 77' lang='lat' dir='ltr'>efficitur</span> <span class='ocrx_word' id='word_1_188' title='bbox 783 1740 1025 1792; x_wconf 85' lang='lat' dir='ltr'>sacerdotis,</span> <span class='ocrx_word' id='word_1_189' title='bbox 1053 1743 1345 1797; x_wconf 80' lang='lat' dir='ltr'>pectusculum</span> <span class='ocrx_word' id='word_1_190' title='bbox 1368 1755 1407 1784; x_wconf 91' lang='lat' dir='ltr'>et</span> <span class='ocrx_word' id='word_1_191' title='bbox 1427 1744 1528 1786; x_wconf 85' lang='lat' dir='ltr'>bra-</span> 
     </span>
     <span class='ocr_line' id='line_1_23' title="bbox 113 1815 1540 1876; baseline 0.002 -17"><span class='ocrx_word' id='word_1_192' title='bbox 113 1815 254 1859; x_wconf 87' lang='lat' dir='ltr'>chium</span> <span class='ocrx_word' id='word_1_193' title='bbox 285 1818 499 1858; x_wconf 82' lang='lat' dir='ltr'>dextrum:</span> <span class='ocrx_word' id='word_1_194' title='bbox 528 1829 576 1857; x_wconf 83' lang='lat' dir='ltr'>ut</span> <span class='ocrx_word' id='word_1_195' title='bbox 606 1817 658 1858; x_wconf 86' lang='lat' dir='ltr'>sit</span> <span class='ocrx_word' id='word_1_196' title='bbox 687 1815 908 1866; x_wconf 84' lang='lat' dir='ltr'>indicium,</span> <span class='ocrx_word' id='word_1_197' title='bbox 940 1819 1058 1873; x_wconf 89' lang='lat' dir='ltr'>quod</span> <span class='ocrx_word' id='word_1_198' title='bbox 1080 1829 1224 1874; x_wconf 88' lang='lat' dir='ltr'>pectus</span> <span class='ocrx_word' id='word_1_199' title='bbox 1248 1817 1337 1876; x_wconf 86' lang='lat' dir='ltr'>ejus</span> <span class='ocrx_word' id='word_1_200' title='bbox 1368 1833 1407 1862; x_wconf 90' lang='lat' dir='ltr'>et</span> <span class='ocrx_word' id='word_1_201' title='bbox 1441 1837 1540 1872; x_wconf 64' lang='lat' dir='ltr'>cor,</span> 
     </span>
     <span class='ocr_line' id='line_1_24' title="bbox 111 1887 1529 1950; baseline 0.004 -15"><span class='ocrx_word' id='word_1_202' title='bbox 111 1894 230 1950; x_wconf 85' lang='lat' dir='ltr'>quod</span> <span class='ocrx_word' id='word_1_203' title='bbox 260 1905 357 1936; x_wconf 83' lang='lat' dir='ltr'>ante</span> <span class='ocrx_word' id='word_1_204' title='bbox 395 1894 507 1935; x_wconf 84' lang='lat' dir='ltr'>mala</span> <span class='ocrx_word' id='word_1_205' title='bbox 540 1892 771 1945; x_wconf 85' lang='lat' dir='ltr'>cogitabat,</span> <span class='ocrx_word' id='word_1_206' title='bbox 813 1893 1040 1936; x_wconf 81' lang='lat' dir='ltr'>sacerdotis</span> <span class='ocrx_word' id='word_1_207' title='bbox 1077 1896 1226 1937; x_wconf 84' lang='lat' dir='ltr'>labore</span> <span class='ocrx_word' id='word_1_208' title='bbox 1266 1887 1529 1948; x_wconf 85' lang='lat' dir='ltr'>conversum,</span> 
     </span>
     <span class='ocr_line' id='line_1_25' title="bbox 109 1969 1526 2027; baseline 0.003 -15"><span class='ocrx_word' id='word_1_209' title='bbox 109 1971 269 2027; x_wconf 84' lang='lat' dir='ltr'>recepit</span> <span class='ocrx_word' id='word_1_210' title='bbox 298 1969 569 2022; x_wconf 79' lang='lat' dir='ltr'>cogitationes</span> <span class='ocrx_word' id='word_1_211' title='bbox 598 1972 757 2020; x_wconf 83' lang='lat' dir='ltr'>bonas,</span> <span class='ocrx_word' id='word_1_212' title='bbox 787 1981 826 2011; x_wconf 84' lang='lat' dir='ltr'>et</span> <span class='ocrx_word' id='word_1_213' title='bbox 855 1970 909 2012; x_wconf 87' lang='lat' dir='ltr'>ita</span> <span class='ocrx_word' id='word_1_214' title='bbox 940 1973 1194 2014; x_wconf 89' lang='lat' dir='ltr'>mundatum</span> <span class='ocrx_word' id='word_1_215' title='bbox 1226 1985 1297 2023; x_wconf 84' lang='lat' dir='ltr'>est,</span> <span class='ocrx_word' id='word_1_216' title='bbox 1324 1985 1372 2014; x_wconf 88' lang='lat' dir='ltr'>ut</span> <span class='ocrx_word' id='word_1_217' title='bbox 1402 1975 1526 2016; x_wconf 83' lang='lat' dir='ltr'>etiam</span> 
     </span>
     <span class='ocr_line' id='line_1_26' title="bbox 109 2046 1527 2106; baseline 0.004 -19"><span class='ocrx_word' id='word_1_218' title='bbox 109 2048 254 2088; x_wconf 86' lang='lat' dir='ltr'>Deum</span> <span class='ocrx_word' id='word_1_219' title='bbox 283 2046 413 2102; x_wconf 84' lang='lat' dir='ltr'>possit</span> <span class='ocrx_word' id='word_1_220' title='bbox 441 2047 594 2088; x_wconf 84' lang='lat' dir='ltr'>videre.</span> <span class='ocrx_word' id='word_1_221' title='bbox 653 2046 858 2088; x_wconf 84' lang='lat' dir='ltr'>Similiter</span> <span class='ocrx_word' id='word_1_222' title='bbox 888 2059 928 2089; x_wconf 88' lang='lat' dir='ltr'>et</span> <span class='ocrx_word' id='word_1_223' title='bbox 956 2048 999 2089; x_wconf 90' lang='lat' dir='ltr'>in</span> <span class='ocrx_word' id='word_1_224' title='bbox 1031 2049 1208 2091; x_wconf 85' lang='lat' dir='ltr'>brachio</span> <span class='ocrx_word' id='word_1_225' title='bbox 1248 2050 1384 2106; x_wconf 85' lang='lat' dir='ltr'>i1102)</span> <span class='ocrx_word' id='word_1_226' title='bbox 1415 2051 1527 2093; x_wconf 88' lang='lat' dir='ltr'>indi-</span> 
     </span>
     <span class='ocr_line' id='line_1_27' title="bbox 111 2123 1526 2183; baseline 0.004 -19"><span class='ocrx_word' id='word_1_227' title='bbox 111 2123 223 2165; x_wconf 87' lang='lat' dir='ltr'>cium</span> <span class='ocrx_word' id='word_1_228' title='bbox 254 2135 325 2174; x_wconf 90' lang='lat' dir='ltr'>est,</span> <span class='ocrx_word' id='word_1_229' title='bbox 353 2125 471 2179; x_wconf 87' lang='lat' dir='ltr'>quod</span> <span class='ocrx_word' id='word_1_230' title='bbox 500 2125 609 2165; x_wconf 83' lang='lat' dir='ltr'>mala</span> <span class='ocrx_word' id='word_1_231' title='bbox 641 2123 728 2181; x_wconf 86' lang='lat' dir='ltr'>ejus</span> <span class='ocrx_word' id='word_1_232' title='bbox 760 2141 889 2180; x_wconf 86' lang='lat' dir='ltr'>opera</span> <span class='ocrx_word' id='word_1_233' title='bbox 921 2136 960 2166; x_wconf 90' lang='lat' dir='ltr'>et</span> <span class='ocrx_word' id='word_1_234' title='bbox 989 2124 1165 2178; x_wconf 81' lang='lat' dir='ltr'>sinistra,</span> <span class='ocrx_word' id='word_1_235' title='bbox 1198 2143 1304 2183; x_wconf 86' lang='lat' dir='ltr'>qnae</span> <span class='ocrx_word' id='word_1_236' title='bbox 1324 2139 1422 2169; x_wconf 91' lang='lat' dir='ltr'>sunt</span> <span class='ocrx_word' id='word_1_237' title='bbox 1442 2128 1526 2170; x_wconf 86' lang='lat' dir='ltr'>uti-</span> 
     </span>
     <span class='ocr_line' id='line_1_28' title="bbox 110 2201 1528 2259; baseline 0.003 -17"><span class='ocrx_word' id='word_1_238' title='bbox 110 2217 194 2257; x_wconf 87' lang='lat' dir='ltr'>que</span> <span class='ocrx_word' id='word_1_239' title='bbox 222 2216 376 2256; x_wconf 76' lang='lat' dir='ltr'>prava,</span> <span class='ocrx_word' id='word_1_240' title='bbox 406 2211 445 2242; x_wconf 89' lang='lat' dir='ltr'>et</span> <span class='ocrx_word' id='word_1_241' title='bbox 473 2217 564 2241; x_wconf 89' lang='lat' dir='ltr'>non</span> <span class='ocrx_word' id='word_1_242' title='bbox 593 2201 735 2254; x_wconf 68' lang='lat' dir='ltr'>bona,·&#39;</span> <span class='ocrx_word' id='word_1_243' title='bbox 761 2203 967 2244; x_wconf 86' lang='lat' dir='ltr'>convertit</span> <span class='ocrx_word' id='word_1_244' title='bbox 993 2201 1038 2243; x_wconf 88' lang='lat' dir='ltr'>in</span> <span class='ocrx_word' id='word_1_245' title='bbox 1069 2203 1285 2259; x_wconf 82' lang='lat' dir='ltr'>dextra‚³)</span> <span class='ocrx_word' id='word_1_246' title='bbox 1315 2215 1362 2245; x_wconf 91' lang='lat' dir='ltr'>ut</span> <span class='ocrx_word' id='word_1_247' title='bbox 1392 2217 1528 2247; x_wconf 82' lang='lat' dir='ltr'>essent</span> 
     </span>
     <span class='ocr_line' id='line_1_29' title="bbox 108 2277 1523 2337; baseline 0.003 -18"><span class='ocrx_word' id='word_1_248' title='bbox 108 2278 342 2320; x_wconf 85' lang='lat' dir='ltr'>secundum</span> <span class='ocrx_word' id='word_1_249' title='bbox 372 2277 540 2318; x_wconf 82' lang='lat' dir='ltr'>Deum:</span> <span class='ocrx_word' id='word_1_250' title='bbox 573 2289 612 2318; x_wconf 86' lang='lat' dir='ltr'>et</span> <span class='ocrx_word' id='word_1_251' title='bbox 641 2278 726 2319; x_wconf 87' lang='lat' dir='ltr'>hoc</span> <span class='ocrx_word' id='word_1_252' title='bbox 759 2289 817 2319; x_wconf 83' lang='lat' dir='ltr'>est</span> <span class='ocrx_word' id='word_1_253' title='bbox 848 2280 1041 2320; x_wconf 83' lang='lat' dir='ltr'>dextrum</span> <span class='ocrx_word' id='word_1_254' title='bbox 1070 2279 1316 2331; x_wconf 86' lang='lat' dir='ltr'>brachium,</span> <span class='ocrx_word' id='word_1_255' title='bbox 1361 2280 1406 2322; x_wconf 86' lang='lat' dir='ltr'>in</span> <span class='ocrx_word' id='word_1_256' title='bbox 1436 2297 1523 2337; x_wconf 87' lang='lat' dir='ltr'>quo</span> 
     </span>
     <span class='ocr_line' id='line_1_30' title="bbox 107 2353 1525 2414; baseline 0.001 -17"><span class='ocrx_word' id='word_1_257' title='bbox 107 2372 203 2412; x_wconf 86' lang='lat' dir='ltr'>pars</span> <span class='ocrx_word' id='word_1_258' title='bbox 235 2371 320 2397; x_wconf 88' lang='lat' dir='ltr'>esse</span> <span class='ocrx_word' id='word_1_259' title='bbox 351 2353 504 2396; x_wconf 84' lang='lat' dir='ltr'>dicitur</span> <span class='ocrx_word' id='word_1_260' title='bbox 532 2353 771 2397; x_wconf 83' lang='lat' dir='ltr'>sacerdotis.</span> <span class='ocrx_word' id='word_1_261' title='bbox 832 2355 919 2397; x_wconf 87' lang='lat' dir='ltr'>Sed</span> <span class='ocrx_word' id='word_1_262' title='bbox 950 2367 990 2397; x_wconf 89' lang='lat' dir='ltr'>et</span> <span class='ocrx_word' id='word_1_263' title='bbox 1020 2374 1092 2399; x_wconf 82' lang='lat' dir='ltr'>vos</span> <span class='ocrx_word' id='word_1_264' title='bbox 1123 2358 1420 2412; x_wconf 84' lang='lat' dir='ltr'>deprecamur,</span> <span class='ocrx_word' id='word_1_265' title='bbox 1452 2357 1525 2414; x_wconf 85' lang='lat' dir='ltr'>qui</span> 
     </span>
    </p>
   </div>
   <div class='ocr_carea' id='block_1_3' title="bbox 106 2431 1524 2490">
    <p class='ocr_par' dir='ltr' id='par_1_3' title="bbox 106 2431 1524 2490">
     <span class='ocr_line' id='line_1_31' title="bbox 106 2431 1524 2490; baseline 0.004 -17"><span class='ocrx_word' id='word_1_266' title='bbox 106 2433 211 2475; x_wconf 86' lang='lat' dir='ltr'>haec</span> <span class='ocrx_word' id='word_1_267' title='bbox 243 2431 405 2482; x_wconf 88' lang='lat' dir='ltr'>auditis,</span> <span class='ocrx_word' id='word_1_268' title='bbox 439 2431 544 2474; x_wconf 83' lang='lat' dir='ltr'>detis</span> <span class='ocrx_word' id='word_1_269' title='bbox 571 2433 836 2488; x_wconf 87' lang='lat' dir='ltr'>pectuscula,</span> <span class='ocrx_word' id='word_1_270' title='bbox 878 2434 1062 2477; x_wconf 81' lang='lat' dir='ltr'>offeratis</span> <span class='ocrx_word' id='word_1_271' title='bbox 1092 2445 1267 2490; x_wconf 82' lang='lat' dir='ltr'>pectora</span> <span class='ocrx_word' id='word_1_272' title='bbox 1297 2447 1428 2477; x_wconf 82' lang='lat' dir='ltr'>vestra</span> <span class='ocrx_word' id='word_1_273' title='bbox 1459 2452 1524 2478; x_wconf 81' lang='lat' dir='ltr'>sa-</span> 
     </span>
    </p>
   </div>
   <div class='ocr_carea' id='block_1_4' title="bbox 106 2578 1524 2812">
    <p class='ocr_par' dir='ltr' id='par_1_4' title="bbox 106 2578 1524 2812">
     <span class='ocr_line' id='line_1_32' title="bbox 211 2578 1524 2677; baseline 0.004 -58"><span class='ocrx_word' id='word_1_274' title='bbox 211 2580 268 2677; x_wconf 52' lang='lat'>1?</span> <span class='ocrx_word' id='word_1_275' title='bbox 299 2579 416 2621; x_wconf 84' lang='lat' dir='ltr'>Libri</span> <span class='ocrx_word' id='word_1_276' title='bbox 446 2578 546 2621; x_wconf 80' lang='lat' dir='ltr'>editi</span> <span class='ocrx_word' id='word_1_277' title='bbox 576 2580 635 2634; x_wconf 82' lang='lat' dir='ltr'>(v.</span> <span class='ocrx_word' id='word_1_278' title='bbox 668 2595 701 2620; x_wconf 90' lang='lat' dir='ltr'>c.</span> <span class='ocrx_word' id='word_1_279' title='bbox 737 2581 830 2622; x_wconf 85' lang='lat' dir='ltr'>edd.</span> <span class='ocrx_word' id='word_1_280' title='bbox 860 2580 971 2634; x_wconf 83' lang='lat' dir='ltr'><strong>M.):</strong></span> <span class='ocrx_word' id='word_1_281' title='bbox 1003 2581 1103 2637; x_wconf 85' lang='lat' dir='ltr'>„qui</span> <span class='ocrx_word' id='word_1_282' title='bbox 1122 2583 1164 2624; x_wconf 89' lang='lat' dir='ltr'>in</span> <span class='ocrx_word' id='word_1_283' title='bbox 1189 2583 1318 2639; x_wconf 86' lang='lat' dir='ltr'>ipsius</span> <span class='ocrx_word' id='word_1_284' title='bbox 1347 2584 1524 2625; x_wconf 54' lang='lat' dir='ltr'>labore*</span> 
     </span>
     <span class='ocr_line' id='line_1_33' title="bbox 106 2647 438 2677; baseline -0.006 0"><span class='ocrx_word' id='word_1_285' title='bbox 106 2647 181 2677; x_wconf 71' lang='lat' dir='ltr'>etc.</span> <span class='ocrx_word' id='word_1_286' title='bbox 257 2668 265 2676; x_wconf 90' lang='lat'><strong>.</strong></span> <span class='ocrx_word' id='word_1_287' title='bbox 434 2666 438 2668; x_wconf 39' lang='lat' dir='ltr'>v</span> 
     </span>
     <span class='ocr_line' id='line_1_34' title="bbox 136 2703 1521 2803; baseline 0.004 -58"><span class='ocrx_word' id='word_1_288' title='bbox 136 2759 177 2803; x_wconf 70' lang='grc' dir='ltr'><strong><em>Ἡ</em></strong></span> <span class='ocrx_word' id='word_1_289' title='bbox 213 2703 267 2802; x_wconf 60' lang='grc' dir='ltr'>Ξ)</span> <span class='ocrx_word' id='word_1_290' title='bbox 301 2703 408 2801; x_wconf 37' lang='lat' dir='ltr'>(god.</span> <span class='ocrx_word' id='word_1_291' title='bbox 441 2705 657 2759; x_wconf 80' lang='lat' dir='ltr'>Sangcrm.</span> <span class='ocrx_word' id='word_1_292' title='bbox 690 2705 834 2757; x_wconf 83' lang='lat' dir='ltr'>,‚illo.“</span> <span class='ocrx_word' id='word_1_293' title='bbox 883 2706 999 2751; x_wconf 82' lang='lat' dir='ltr'>Libri</span> <span class='ocrx_word' id='word_1_294' title='bbox 1031 2707 1130 2751; x_wconf 70' lang='lat' dir='ltr'>editi</span> <span class='ocrx_word' id='word_1_295' title='bbox 1160 2707 1217 2765; x_wconf 75' lang='lat' dir='ltr'>(v.</span> <span class='ocrx_word' id='word_1_296' title='bbox 1243 2726 1276 2752; x_wconf 86' lang='lat' dir='ltr'>c.</span> <span class='ocrx_word' id='word_1_297' title='bbox 1298 2710 1392 2752; x_wconf 84' lang='lat' dir='ltr'>cdd.</span> <span class='ocrx_word' id='word_1_298' title='bbox 1416 2708 1521 2765; x_wconf 80' lang='lat' dir='ltr'>M.);</span> 
     </span>
     <span class='ocr_line' id='line_1_35' title="bbox 107 2766 360 2812; baseline 0.004 -10"><span class='ocrx_word' id='word_1_299' title='bbox 107 2777 147 2812; x_wconf 93' lang='lat'>„1</span> <span class='ocrx_word' id='word_1_300' title='bbox 182 2778 207 2802; x_wconf 90' lang='lat' dir='ltr'>u</span> <span class='ocrx_word' id='word_1_301' title='bbox 244 2766 279 2802; x_wconf 89' lang='lat'>.“</span> <span class='ocrx_word' id='word_1_302' title='bbox 353 2794 360 2803; x_wconf 92' lang='lat'><strong><em>.</em></strong></span> 
     </span>
    </p>
   </div>
   <div class='ocr_carea' id='block_1_5' title="bbox 220 2830 861 2886">
    <p class='ocr_par' dir='ltr' id='par_1_5' title="bbox 220 2830 861 2886">
     <span class='ocr_line' id='line_1_36' title="bbox 220 2830 861 2886; baseline 0.008 -14"><span class='ocrx_word' id='word_1_303' title='bbox 220 2830 266 2886; x_wconf 84' lang='lat'>³)</span> <span class='ocrx_word' id='word_1_304' title='bbox 299 2830 408 2878; x_wconf 83' lang='lat' dir='ltr'>Edd.</span> <span class='ocrx_word' id='word_1_305' title='bbox 437 2832 629 2878; x_wconf 82' lang='lat' dir='ltr'>Merlini:</span> <span class='ocrx_word' id='word_1_306' title='bbox 662 2835 861 2879; x_wconf 78' lang='lat' dir='ltr'>dextram.</span> 
     </span>
    </p>
   </div>
  </div>
 </body>
</html>
