1752 3136
425 106 472 171 ix
502 128 703 170 Exonum
733 126 934 167 HommA
964 123 1039 164 IX.
1375 122 1460 165 109

42 243 274 293 bernaculi,
305 258 475 284 carnem
505 227 661 281 Christi
689 237 984 293 interpretatus
1016 244 1098 282 est,
1143 243 1286 274 sancta
1317 245 1458 274 autem

44 324 182 378 ipsum
213 321 397 369 coelum,
428 319 490 359 vel
521 317 676 364 coelos,
709 312 947 354 Dominum
981 327 1078 351 vcro
1104 308 1317 351 Christum
1347 326 1461 365 pon-

44 400 222 448 tificem,
253 411 434 450 eumque
465 393 567 435 dicit
606 389 880 444 introiiss01)
923 389 1079 438 „semel
1109 387 1152 427 in
1184 398 1350 436 sancta,
1389 402 1460 427 ae-

45 485 164 516 terna
203 471 466 514 redemtione
497 471 711 511 inventa:“
748 484 795 508 ex
832 466 894 507 his
931 465 1076 521 paucis
1106 464 1393 513 sermonibus,
1425 462 1461 504 si

47 550 137 605 quis
165 547 395 599 intelligere
412 546 530 588 novit
551 545 674 587 Pauli
697 561 878 592 sensum,
909 553 1047 598 potest
1064 542 1291 590 advertere,
1323 556 1461 595 quan-

42 638 131 667 tum
163 624 286 666 nobis
317 623 616 674 intelligentiae
647 623 818 678 pelagus
849 617 1108 676 patefecerit.
1175 618 1260 659 Sed
1292 616 1364 672 qui
1393 632 1460 658 sa-

43 702 92 744 tis
122 712 264 753 amant
292 702 456 742 literam
488 699 586 753 legis
617 698 762 748 Mosis,
793 697 983 753 spiritum
1006 694 1211 758 vero‘ejus
1235 695 1462 745 refugiunt,

45 789 283 834 suspectum
314 779 474 819 habent
505 778 762 833 Apostolum
782 762 1352 828 Pauluminterpretationes
1381 770 1462 810 hu-

42 855 278 914 juscemodi
292 855 337 908 2)
366 856 669 910 proferentem.

155 935 194 976 2.
227 932 455 973 Videamus
487 948 611 984 ergo,
649 931 682 971 si
721 947 809 971 non
842 929 966 970 ctiam
997 940 1182 969 veterum
1215 937 1464 968 sanctorum

44 1009 174 1066 aliqui
205 1009 454 1065 opinionem
484 1007 747 1049 tabernaculi
779 1008 906 1058 longe
936 1007 1074 1054 aliam,
1106 1020 1233 1060 quam
1260 1004 1327 1045 isti
1348 1019 1466 1044 nune

45 1087 302 1136 existimant,
347 1087 545 1126 habuere.
618 1083 760 1125 David
798 1099 985 1138 namque
1028 1081 1203 1122 eximius
1231 1081 1468 1136 proplieta-

44 1180 162 1213 rum‚
213 1180 342 1219 quam
388 1162 613 1214 magnifice
654 1163 706 1202 de
747 1160 1022 1202 tabernaculo
1064 1157 1210 1209 sentit,
1258 1159 1468 1198 ausculta:

44 1239 236 1294 „dum3)
267 1239 439 1290 dicitur,
477 1239 637 1295 inquit,
676 1238 781 1280 mihi
816 1255 893 1295 per
929 1237 1118 1289 singulos
1148 1235 1259 1285 dies,
1301 1235 1376 1275 ubi
1409 1246 1469 1275 est

44 1316 161 1358 Deus
191 1315 316 1358 tuus?
345 1317 448 1358 haec
478 1324 737 1357 memoratus
767 1333 875 1366 sum,
908 1327 947 1356 et
964 1313 1155 1355 effudiin
1180 1329 1250 1353 me
1281 1311 1468 1353 animam

46 1409 197 1443 meam,
229 1394 434 1448 quoniam
462 1393 676 1444 ingrediar
714 1393 757 1434 in
795 1394 939 1434 locum
978 1390 1243 1432 tabernaculi
1282 1390 1470 1432 admira-

46 1470 162 1519 bilis,
199 1487 334 1526 usque
364 1472 416 1511 ad
458 1471 635 1511 domum
669 1471 792 1511 Dei.“
847 1471 903 1511 Et
931 1470 1084 1510 iterum
1118 1474 1268 1524 quarto
1299 1468 1470 1508 decimo

47 1547 217 1588 Psalmo
250 1547 368 1589 dicit:
400 1547 691 1602 „D0mine‚⁴)
738 1546 828 1602 quis
869 1546 1078 1587 habitabit
1117 1546 1161 1585 in
1190 1544 1469 1601 tabernaculo

49 1623 157 1666 tuo?
191 1636 263 1664 aut
293 1624 383 1680 quis
414 1624 647 1679 requiescet
675 1623 718 1664 in
758 1633 907 1662 monte
948 1633 1093 1662 sancto
1123 1621 1229 1664 tuo}>
1289 1620 1378 1676 Qui
1406 1622 1474 1661 in-

48 1701 236 1753 greditur
269 1700 359 1742 sine
400 1702 587 1750 macula,
629 1713 668 1741 et
711 1711 913 1755 operatur
950 1698 1203 1754 justitiam‚“
1242 1710 1283 1739 et
1320 1710 1472 1740 cetera.

51 1777 229 1833 Quid⁵)
269 1794 366 1831 ergo
413 1789 472 1818 est
511 1777 585 1819 iste
624 1778 745 1818 locus
792 1776 1056 1817 tabernaculi
1096 1775 1379 1826 admirabilis,
1425 1793 1474 1817 ex

50 1871 136 1910 quo
165 1856 410 1912 pervenitur
437 1870 572 1910 usque
603 1855 656 1895 ad
689 1854 867 1894 domum
899 1852 994 1902 Βὲῖ,
1027 1850 1144 1910 cujus
1176 1853 1275 1909 quia
1304 1869 1476 1894 memor

49 1933 180 1973 sactus
215 1944 284 1982 est,
317 1934 447 1973 effusa
481 1942 539 1974 est
568 1931 613 1973 in
644 1931 736 1986 ipso
770 1932 910 1973 anima
943 1929 1044 1988 ejus,
1078 1942 1115 1971 et
1144 1931 1258 1971 velut
1284 1931 1475 1986 quodam

49 2007 310 2051 intolerabili
351 2009 562 2072 desiderio
606 2009 817 2050 resolutus
859 2007 947 2049 est?
1018 2008 1134 2048 Itane
1171 2008 1344 2048 tandem
1383 2023 1476 2047 cre-

24 2078 241 2127 'dendum
272 2099 355 2139 est,
399 2085 497 2142 quia
524 2086 637 2127 istud
673 2085 1022 2135 tabernaculum,
1065 2084 1182 2140 quod
1213 2101 1259 2125 ex
1290 2082 1476 2139 pellibus

54 2174 94 2204 et
125 2162 310 2213 cortinis,
340 2175 465 2219 atque
496 2163 770 2218 operimentis
801 2163 965 2213 ciliciis,
1005 2163 1181 2217 aliisque
1213 2158 1348 2201 nostri
1378 2176 1478 2201 usus

52 2239 235 2282 materiis
267 2241 498 2289 constabat,
528 2241 741 2296 propheta
773 2242 1012 2283 desiderans
1054 2236 1352 2289 effunderetss)
1384 2235 1478 2277 ani-

54 2333 182 2366 mam,
215 2333 260 2358 ac
291 2328 377 2357 tota
408 2328 551 2358 mente
581 2317 927 2360 converteretur?
984 2317 1064 2357 Vel
1108 2325 1219 2355 certe
1251 2313 1477 2369 quomodo

15 2445 18 2447 Α
55 2409 200 2434 verum
219 2393 308 2434 -erit
339 2395 391 2434 de
420 2393 500 2435 isto
533 2393 615 2436 diei
647 2395 940 2445 tabernaculo,
973 2392 1092 2449 quod
1122 2406 1211 2432 non
1242 2389 1404 2431 habitet
1433 2389 1479 2432 in

175 2530 219 2586 ι)
254 2531 385 2574 Hebr.
418 2533 493 2584 IX,
524 2534 590 2576 12.
711 2535 758 2590 ²)
787 2535 900 2576 Edd.
930 2531 1125 2574 Merlini:
1156 2529 1414 2589 huiusmodi.

173 2600 218 2655 ³)
251 2601 406 2643 Psalm.
434 2604 566 2653 XLII,
597 2606 634 2647 3.
665 2604 715 2646 4.r
734 2604 894 2660 (XLI.)

172 2670 218 2724 ¹²)
247 2671 403 2713 Psalm.
431 2673 526 2723 XV,
556 2675 594 2716 1.
624 2677 663 2717 2.
694 2673 859 2730 (XIV.)

174 2739 220 2794 ⁵)
250 2741 360 2783 Edd.
393 2743 587 2786 Merlini:
618 2744 725 2799 Quis
755 2759 853 2796 ergo
887 2754 961 2784 etc.

172 2810 226 2870 ⁶)
251 2810 365 2853 Alias
405 2812 464 2868 (e.
508 2831 540 2857 c.
578 2814 623 2855 in
669 2816 763 2856 edd.
804 2812 915 2866 M.):
964 2811 1286 2860 „effunderetur
1324 2809 1483 2861 animo,

64 2873 125 2906 ac*
139 2877 227 2909 tota
257 2879 399 2910 mente
431 2869 680 2920 corrueret?
714 2871 818 2913 Ve1“
850 2882 927 2912 etc.
959 2866 1008 2910 R.
