1752 3136
210 71 267 114 52
814 69 1038 112 Omoems

211 199 301 226 non
331 181 605 238 permittebat
637 197 708 224 eos
741 182 786 224 in
818 194 983 224 tantum
1013 181 1250 240 proficere,
1280 193 1325 222 ut
1355 194 1527 238 possent
1559 195 1640 224 ter-

209 259 257 301 tii
289 260 372 302 diei
401 259 606 318 mysteriis
646 260 822 316 perfrui.
908 261 1023 302 Audi
1065 261 1177 301 enim
1217 259 1495 315 prophetam,
1537 247 1663 315 quid,⁴

211 336 333 378 dicit:
374 336 727 392 ‚‚resuscitabit¹)
766 354 848 379 nos
878 336 996 379 Deus
1037 348 1134 392 post
1174 337 1377 386 biduum,
1421 348 1459 376 et
1497 337 1541 378 in
1573 336 1640 378 die

211 413 332 455 tertia
362 429 639 466 resurgemus,
671 425 711 454 et
741 414 925 456 vivemus
956 413 1000 454 in
1033 426 1264 469 conspectu
1297 412 1424 470 ejus.“
1496 413 1640 454 Prima

211 490 298 531 dies
329 491 454 531 nobis
484 491 621 546 passio
654 490 884 532 salvatoris
917 503 996 539 est,
1029 502 1068 531 et
1097 492 1306 540 secunda,
1349 507 1430 546 qua
1464 491 1640 531 descen-

212 568 272 609 dit
302 567 344 608 in
378 568 608 617 infernum,
638 567 756 608 tertia
789 579 929 608 autem
972 566 1290 608 resurrectionis
1324 579 1382 609 cst
1415 569 1514 608 dies.
1586 568 1642 607 Et

207 646 306 687 ideo
337 644 379 685 in
413 644 481 685 die
509 645 631 686 tertia
661 643 779 686 Deus
810 645 1089 684 antecedebat
1120 660 1204 693 eos,
1236 660 1313 698 per
1347 644 1532 685 diem-in
1569 660 1640 684 co-

209 722 354 762 lumna
386 721 524 770 nubis,
554 737 632 775 per
662 732 834 760 noctem
866 719 911 760 in
943 721 1145 761 columna
1176 719 1292 772 ignis.
1342 721 1475 774 Quod
1507 722 1539 761 si
1575 738 1639 761 se-

211 799 400 838 cundum
446 813 516 845 ea,
561 811 670 851 quae
711 795 904 851 superius
946 795 1152 845 diximus,
1194 796 1238 836 in
1269 796 1332 836 his
1363 797 1499 837 verbis
1529 809 1641 837 recte

212 890 290 915 nos
320 873 554 930 Apostolus
586 871 771 926 docet2)
813 873 1013 928 baptismi
1053 872 1248 930 mysteria
1291 873 1522 913 contineri:
1565 891 1638 914 ne-

213 951 438 992 cessarium
471 961 544 1000 est,
574 960 633 1001 ut,
667 949 739 1005 qui
770 949 1103 1004 baptizantur3)
1134 950 1179 990 in
1212 948 1396 1000 Christo,
1427 950 1470 990 in
1501 962 1641 991 morte

211 1028 342 1083 ipsius
373 1027 652 1082 baptizentur,
685 1038 722 1067 et
752 1025 832 1081 ipsi
863 1026 1225 1082 consepeliantur,
1258 1039 1296 1067 et
1319 1044 1414 1067 cum
1447 1027 1539 1080 ipso
1574 1027 1641 1066 die
1697 1069 1702 1073 ,

212 1105 333 1145 tertia
365 1115 582 1156 resurgant
613 1120 635 1144 a
666 1103 869 1145 mortuis:
902 1121 1009 1160 quos
1041 1115 1080 1144 et
1107 1105 1343 1145 secundum
1376 1105 1481 1152 hoc,
1522 1105 1639 1160 quod

212 1183 314 1223 dicit
345 1182 598 1237 Apostolus:
630 1180 781 1230 „simul
799 1181 846 1235 ⁴)
875 1197 1017 1222 secum
1049 1181 1272 1231 suscitavit,
1304 1181 1516 1236 simulque
1543 1182 1642 1221 seuit

209 1261 355 1301 sedere
386 1260 429 1300 in
461 1258 754 1299 coelestibus.“
814 1257 924 1298 Cum
967 1274 1065 1309 ergo
1104 1259 1182 1299 tibi
1222 1257 1332 1299 tertii
1376 1256 1458 1298 diei
1488 1270 1640 1314 myste-

210 1337 322 1378 rium
349 1336 478 1378 fuerit
506 1347 761 1390 susceptum,
790 1334 965 1389 incipiet
993 1346 1033 1375 te
1065 1336 1277 1376 deducere
1307 1335 1453 1383 Deus,
1485 1346 1524 1375 ct
1553 1335 1639 1389 ipse

208 1414 285 1455 tibi
315 1414 425 1454 viam
454 1411 597 1455 salutis
630 1412 866 1452 ostendere.

320 1491 360 1533 3.
393 1490 479 1531 Sed
510 1489 746 1538 videamus,
777 1488 882 1543 quid
909 1499 1009 1543 post
1040 1489 1143 1529 haec
1189 1487 1345 1529 dicitur
1377 1490 1430 1529 ad
1469 1489 1638 1539 BIosem

213 1583 321 1623 quae
362 1567 425 1607 via
464 1564 728 1622 praecipitur
769 1565 977 1615 eligenda.
1065 1565 1163 1616 „De
1184 1565 1228 1619 ⁵)
1273 1566 1447 1615 Othon,
1490 1565 1642 1621 inquit,

213 1643 427 1693 conversi,
461 1644 542 1684 iter
579 1642 704 1682 facite
744 1641 853 1682 inter
883 1641 1124 1696 Epauleum
1174 1653 1213 1683 et
1241 1642 1350 1683 inter
1380 1642 1642 1694 Magdalum‚

213 1723 333 1777 quod
364 1732 424 1762 est
454 1731 602 1761 contra
631 1717 946 1773 Beelsephon.“
1020 1720 1144 1760 Haec
1173 1729 1314 1759 autem
1343 1719 1402 1760 sic
1431 1719 1642 1775 interpre-

210 1810 374 1840 tantur:
404 1796 648 1851 Epauleum
679 1795 853 1850 quidem
884 1794 1103 1836 adscensio
1131 1806 1344 1836 tortuosa:
1377 1795 1640 1848 Magdalum,

207 1874 354 1917 turris:
385 1872 657 1928 Beelsephon
686 1872 903 1913 adscensio
935 1870 1154 1926 speculae,
1201 1872 1265 1912 vel
1297 1872 1456 1912 habens
1487 1890 1638 1928 specu-

208 1952 310 1995 lam.
369 1951 437 1991 Tu
467 1951 643 1991 fortasse
674 1950 899 1997 credebas,
931 1948 1030 2004 quia
1060 1948 1163 1997 iter,
1197 1950 1316 2003 quod
1347 1949 1463 1990 Deus
1495 1961 1637 1990 osten—

211 2029 285 2079 dit,
313 2028 493 2084 planum
525 2038 627 2068 esset
658 2037 697 2066 et
728 2026 873 2075 molle,
907 2037 946 2066 et
974 2023 1080 2065 nihil
1109 2041 1283 2079 prorsus
1319 2025 1494 2066 haberet
1524 2024 1636 2066 diffi-

144 2122 147 2125 ·
210 2106 375 2147 cultatis
406 2115 478 2145 aut
507 2103 677 2144 laboris.
723 2103 957 2144 Adscensio
991 2113 1050 2142 est
1072 2113 1111 2142 et
1129 2101 1174 2155 5)
1193 2102 1409 2143 adscensio
1431 2114 1635 2144 tortuosa.

208 2183 308 2223 Non
341 2181 452 2223 enim
483 2178 671 2236 proclive
700 2179 778 2220 iter
809 2191 878 2230 est,
909 2196 994 2235 quo
1027 2164 1215 2219 tenditur
1246 2179 1300 2218 ad
1331 2178 1520 2231 virtutes3
1563 2181 1637 2220 sed

211 2259 506 2307 adscenditur,
546 2268 585 2298 et
626 2268 797 2310 anguste
829 2273 876 2297 ac
915 2255 1141 2296 difficulter
1177 2256 1460 2297 adscenditur.
1517 2256 1637 2299 Audi

211 2337 337 2378 etiam
366 2335 608 2377 Dominum
637 2334 683 2374 in
724 2333 939 2385 evangelio
975 2332 1200 2387 dicentem,
1233 2332 1391 2388 quia⁷)
1424 2345 1564 2384 „arcta
1597 2345 1635 2374 et

330 2481 373 2536 Ι)
404 2482 507 2522 Hos.
538 2479 610 2529 Vl,
640 2482 678 2522 2.
799 2479 844 2535 ²)
876 2480 894 2519 I
927 2480 1025 2521 Cor.
1058 2480 1113 2530 X,
1143 2482 1182 2522 2.

265 2553 283 2558 “
327 2551 373 2605 ³)
403 2551 528 2592 Rom.
561 2551 633 2599 VI,
662 2552 699 2593 3.
819 2549 863 2604 4)
894 2550 1047 2605 Ephes.
1078 2550 1129 2599 II,
1159 2550 1196 2592 6.

324 2620 371 2675 5)
403 2620 491 2662 Cfr.
523 2620 657 2661 Exod.
688 2620 805 2669 XIV,
840 2623 877 2661 2.
919 2620 1015 2661 coll.
1047 2620 1178 2659 LXX.
1210 2618 1399 2660 virorum
1430 2618 1631 2661 versione.

323 2688 369 2742 ὃ)
405 2689 515 2731 Alias
545 2688 604 2746 (v.
637 2706 669 2731 c.
701 2688 744 2729 in
776 2690 872 2730 edd.
903 2689 1010 2745 M.):
1054 2701 1120 2742 „et
1151 2689 1366 2732 descensio
1401 2695 1630 2740 tortuosa,“

207 2747 279 2789 sed
309 2746 411 2787 B'Iss.
442 2757 489 2786 ut
517 2747 561 2786 in
591 2758 737 2787 nostro
769 2757 892 2787 textu.
924 2745 957 2786 R
1210 2746 1212 2750 ’

330 2814 374 2871 ⁷)
403 2814 553 2859 Matth.
582 2815 676 2869 Vll,
707 2815 771 2859 14.
