1752 3136
520 118 567 147 m
597 104 799 147 Exonum
829 104 1030 147 Homum
1062 103 1136 145 111.
1493 106 1551 150 23

117 218 259 273 coepit
298 234 525 272 agnoscere
564 223 710 259 verum
750 216 857 259 illud
891 217 1108 267 Verbum,
1154 215 1336 272 qu0d¹)
1377 229 1466 260 erat
1499 218 1546 259 in

115 293 329 350 principio
361 295 477 350 apud
506 294 662 335 Deum.
722 294 808 336 Sed
848 311 934 349 quo
967 293 1145 344 facilius,
1193 295 1312 350 quod
1351 293 1543 345 dicimus,

113 370 246 428 possit
276 371 447 421 adverti,
478 382 649 413 utamur
679 370 925 413 huiusmodi
952 371 1240 412 similitudine.
1296 369 1429 432 Rlutis
1450 372 1542 412 ani-

115 451 317 499 malibus,
347 448 537 504 quamvis
573 443 644 490 sit'
670 447 893 503 imperitus
934 460 974 489 et
1011 449 1231 501 indoctus,
1276 448 1542 489 rationabilis

115 529 247 568 homo
276 525 311 568 si
341 537 636 581 comparetur,
676 525 887 566 videbitur
928 527 1135 581 eloquens
1166 526 1220 566 ad
1251 525 1542 581 comparatio-

112 621 210 645 nem
252 620 424 653 eorum,
462 619 571 659 quae
612 614 652 643 et
687 600 863 643 rationis
903 614 943 643 et
982 601 1096 643 vocis
1127 601 1312 657 expertia
1343 613 1462 643 sunt:
1508 601 1543 642 si

113 699 212 723 vero
244 680 486 722 eruditis'et
517 679 816 734 eloquentibus
846 677 964 728 viris,
993 690 1120 735 atque
1147 679 1192 719 in
1224 677 1344 719 omni
1374 679 1540 735 sapien-

112 761 168 802 tia
198 756 506 814 probatissimis
536 758 796 807 conferatur,
828 767 867 796 ct
895 755 1148 812 ineloquens
1179 767 1219 797 et
1246 767 1390 797 mutus
1421 756 1539 798 vide-

111 837 239 878 bitur.
305 837 361 876 At
398 835 431 875 si
460 833 600 888 ipsum
642 833 733 888 quis
765 834 1078 888 contempletur
1111 833 1300 875 divinum
1332 833 1539 884 Verbum,

110 914 333 969 ipsamque
363 911 550 952 divinam
580 910 777 966 respiciat
805 909 1067 965 sapientiam,
1097 908 1340 966 quantaevis
1361 910 1413 952 sit
1442 926 1538 950 eru—

107 989 294 1040 ditionis,
327 1000 367 1029 et
385 998 739 1043 quantaecunque
755 987 996 1044 sapientiae,
1028 989 1164 1029 multo
1195 987 1378 1044 amplius
1409 1004 1536 1043 quam

109 1068 225 1122 apud
255 1077 333 1106 nos
362 1075 461 1105 sunt
489 1064 687 1120 pecudes,
716 1063 807 1120 ipse
839 1066 954 1121 apud
985 1065 1130 1107 Deum
1172 1077 1339 1106 mutum
1369 1081 1413 1106 se
1443 1064 1534 1105 ani—

106 1145 192 1185 mal
231 1140 517 1198 profitebitur.
586 1141 684 1183 Hoc
722 1142 930 1199 nimirum
969 1151 1076 1183 eratr'
1098 1142 1255 1184 Moses.
1321 1141 1456 1196 Quod
1496 1153 1537 1183 et

107 1222 254 1262 beatus
283 1218 426 1260 David
455 1217 648 1266 intuens,
688 1231 728 1260 et
767 1219 841 1260 tali
872 1219 1025 1260 ordine
1053 1230 1184 1260 semet
1212 1219 1353 1275 ipsum
1385 1220 1440 1260 ad
1470 1218 1536 1259 di·

105 1297 246 1338 vinam
275 1295 522 1352 sapientiam
553 1297 735 1347 librans,
777 1297 965 1339 dicebat:
1007 1297 1143 1351 ‚,ut2)
1188 1295 1430 1355 jumentum
1470 1298 1534 1337 fa-

104 1386 194 1416 ctus
224 1391 318 1415 sum
349 1375 465 1429 apud
495 1380 576 1415 te.“
634 1375 882 1422 Secundum
912 1377 997 1416 hoc
1028 1391 1126 1428 ergo
1158 1386 1197 1415 et
1222 1375 1533 1431 prophetarum

104 1451 312 1492 maximus
349 1450 494 1492 Moses
531 1450 573 1493 in
615 1453 827 1507 praesenti
872 1452 1119 1507 lectione3)
1177 1452 1279 1493 dicit
1326 1452 1380 1492 ad
1420 1468 1531 1503 eum,

105 1530 224 1584 quod
254 1528 397 1581 gracili
427 1529 532 1569 voce
560 1528 624 1579 sit,
661 1540 699 1569 et
729 1532 873 1570 tardus
902 1531 1058 1581 lingua,
1089 1530 1207 1585 quod
1223 1528 1269 1580 ¹²)
1290 1541 1329 1569 et
1356 1545 1447 1569 non
1480 1527 1534 1570 sit

105 1607 324 1662 eloquens,
386 1604 549 1647 Omnes
579 1605 692 1646 enim
714 1606 908 1647 homines
933 1607 986 1647 ad
1014 1605 1382 1661 comparationem
1413 1605 1533 1646 verbi

104 1683 247 1734 divini,
278 1699 371 1723 non
399 1682 539 1724 solum
568 1682 876 1737 ineloquentes,
907 1684 982 1724 sed
1013 1694 1051 1723 ct
1071 1682 1179 1723 muti
1207 1682 1389 1737 putandi
1419 1694 1530 1723 sunt.

211 1761 252 1802 2.
283 1759 396 1814 Quia
424 1759 551 1812 igitur
588 1759 632 1799 in
672 1757 718 1799 id
745 1758 1044 1812 intelligentiae
1073 1758 1280 1815 profecit,
1321 1771 1367 1800 ut
1397 1776 1530 1813 agno·

99 1849 233 1879 sceret
261 1848 391 1878 semet
422 1836 586 1892 ipsum,
623 1837 668 1878 in
715 1853 801 1892 quo
844 1848 902 1878 est
937 1854 1035 1892 pars
1075 1836 1257 1877 maxima
1287 1837 1529 1893 sapientiae,

100 1926 343 1956 remunerat
382 1930 481 1955 eum
522 1913 663 1954 divina
703 1915 903 1966 dignatio.
988 1914 1103 1956 Audi
1143 1931 1268 1970 quam
1315 1915 1530 1971 opimis⁵)

98 1992 414 2048 magnificisque
453 1990 719 2034 muneribus.
799 1991 1002 2048 ‚,Ego,⁶)
1051 1982 1211 2049 inquit,
1255 1993 1442 2048 aperiam
1484 2010 1530 2034 os

97 2080 241 2116 tuum,
283 2081 322 2108 et
368 2067 572 2110 instruam
613 2081 677 2119 te,
721 2086 830 2125 quae
876 2083 1070 2125 oporteat
1088 2083 1141 2126 vte
1172 2071 1334 2127 loqui.“
1407 2069 1530 2112 Beati

98 2157 218 2194 sunt,
255 2161 441 2200 quorum
471 2146 588 2187 Deus
628 2163 672 2187 os
712 2148 868 2203 aperit,
912 2159 957 2188 ut
987 2149 1232 2204 loquantur.
1300 2147 1528 2203 Prophetis

98 2222 217 2263 Deus
248 2221 382 2277 aperit
408 2239 474 2272 os,
506 2234 546 2263 et
576 2225 713 2280 replet
742 2224 851 2266 illud
883 2226 1055 2281 eloquio
1091 2243 1183 2276 suo,
1214 2226 1320 2268 sicut
1336 2225 1377 2266 in
1400 2241 1525 2280 prae-

98 2299 202 2341 senti
235 2299 352 2341 dicit:
384 2300 552 2355 „ego'⁷)
582 2301 770 2356 aperiam
803 2320 848 2344 os
871 2315 1004 2355 tuum,
1034 2315 1074 2345 et
1100 2304 1302 2345 instruam
1332 2313 1384 2352 te,
1416 2318 1524 2358 quae

216 2497 262 2552 ¹)
293 2497 366 2538 Ev.
399 2499 558 2538 Joann.
590 2497 622 2549 I,
655 2502 690 2540 1.

214 2567 261 2622 ²)
291 2567 444 2609 Psalm.
476 2566 674 2617 LXXIII,
704 2569 771 2611 22.
802 2569 1027 2624 (LXXII.)

216 2635 263 2683 ’,ὅ
295 2637 428 2679 Exod.
460 2638 532 2686 IV,
564 2637 629 2680 10.

217 2705 263 2761 Δ)
292 2707 403 2748 Edd.
434 2706 630 2749 Merlini:
663 2719 702 2748 et
732 2709 848 2764 quod
883 2725 972 2750 uon
997 2710 1047 2751 sit
1077 2723 1155 2752 etc.

217 2776 261 2831 ³)
292 2777 371 2817 Ed.
404 2776 536 2818 Ruaei
567 2778 676 2819 sola:
709 2778 890 2834 optimis.

217 2845 265 2900 ὕ>
297 2845 431 2889 Exod.
464 2846 537 2897 IV,
570 2848 634 2891 12.
754 2847 801 2902 ⁷)
834 2849 966 2892 Exod.
999 2850 1070 2902 IV,
1103 2854 1164 2894 12.
