1752 3136
269 116 356 160 306
604 148 605 151 η
871 112 1096 154 Omossms

270 227 500 283 suscipitis,
546 226 720 267 laedunt
763 242 856 276 vos,
907 237 947 266 et
991 241 1080 266 non
1121 224 1251 265 alunt.
1324 223 1399 266 Est
1439 226 1550 268 enim
1583 230 1697 270 etin

270 304 504 356 Evangeliis
536 304 678 353 litera,
717 319 825 358 quae
858 303 1028 344 occidit.
1102 302 1200 342 Non
1232 303 1370 344 solum
1402 303 1444 343 in
1477 306 1601 346 veteri
1634 319 1692 347 te-

268 394 474 424 stamento
519 379 716 422 occidens
755 381 875 422 litera
917 379 1269 435 deprehenditur:
1310 391 1371 420 est
1410 392 1448 421 et
1492 382 1535 422 in
1577 398 1692 424 novo

270 469 521 500 testamento
554 458 686 508 litera,
718 474 826 513 quae
857 457 1025 499 occidat
1057 473 1168 506 eum,
1198 455 1269 512 qui
1295 473 1382 498 non
1411 457 1696 512 spiritualiter,

277 552 391 592 quae
423 535 633 585 dicuntur,
666 534 904 575 adverterit.
950 533 994 575 Si
1026 534 1138 574 enim
1166 535 1400 575 secundum
1433 534 1596 576 literam
1630 551 1693 575 se-

273 613 412 668 quaris
451 613 534 653 hoc
574 611 737 667 ipsum,
787 612 946 652 dictum
990 622 1072 652 est:
1127 610 1294 665 „nisi¹)
1341 611 1694 652 manducaveritis

271 706 440 731 carnem
488 704 651 735 meam,
698 698 737 727 et
777 686 968 728 biberitis
1004 689 1251 739 sanguinem
1292 694 1485 728 meum:“
1538 688 1693 728 occidit

268 767 372 808 haec
402 765 534 806 litera.
593 763 665 803 Vis
694 763 772 804 tibi
804 775 843 804 et
874 764 997 804 aliam
1042 764 1094 803 de
1134 763 1362 815 Evangelio
1393 765 1610 819 proferam
1644 763 1693 804 li—

268 856 416 892 teram,
446 857 554 898 quae
587 839 777 882 occidit?
809 839 988 894 „Qui²)
1019 856 1107 880 non
1140 840 1281 888 habet,
1312 839 1462 894 inquit,
1494 841 1692 890 gladium,

269 920 422 960 vendat
452 917 640 959 tunicam
670 933 812 966 suam,
858 928 898 957 et
928 928 1039 957 emat
1068 917 1297 969 gladium.“
1364 915 1476 956 Ecce
1520 929 1559 956 et
1590 918 1694 957 lmen-1

269 996 387 1037 litera
417 993 633 1046 Evangelii
664 1006 735 1043 est,
765 995 838 1035 sed
871 993 1037 1035 occidit.
1092 993 1137 1035 Si
1167 1010 1267 1034 vero
1299 992 1571 1049 spiritualiter
1602 1011 1692 1035 eam

269 1074 496 1129 suscipiaS‚
537 1089 627 1112 non
674 1071 851 1120 occidit,
885 1072 958 1112 sed
1002 1081 1062 1111 est
1099 1070 1142 1111 in
1185 1087 1229 1111 ca
1270 1070 1440 1126 spiritus
1468 1070 1691 1112 vivificans.

268 1151 324 1191 Et
353 1150 451 1190 ideo
483 1147 641 1190 sivein
684 1149 794 1201 lege,
839 1146 924 1189 sive
960 1147 1005 1188 in
1048 1147 1284 1200 Evangeliis
1329 1164 1437 1202 quae.
1478 1147 1692 1198 dicuntur,

267 1227 542 1283 spiritualiter
571 1225 759 1280 suscipe,
803 1225 900 1280 quia
942 1224 1260 1280 „spiritualis³)
1301 1223 1504 1281 dijudicat
1535 1225 1693 1270 omnia,

268 1305 360 1360 ipse
390 1320 487 1344 vero
521 1319 542 1343 a
572 1302 743 1343 nemine
774 1300 1071 1355 dijudicatur.“
1122 1301 1181 1342 Ut
1211 1316 1309 1353 ergo
1332 1303 1524 1351 diximus,
1556 1303 1692 1343 omnis

269 1382 403 1423 homo
437 1380 564 1420 habet
592 1379 637 1420 in
666 1393 710 1419 se
739 1377 924 1433 aliquem
957 1378 1121 1427 cibum,
1169 1394 1215 1418 ex
1258 1394 1344 1433 quo
1386 1380 1456 1434 qui
1487 1380 1693 1428 sumserit,

267 1459 300 1500 si
331 1458 502 1514 quidem
532 1457 672 1496 bonus
703 1465 773 1503 est,
807 1465 846 1494 et
877 1455 929 1494 de
959 1455 1079 1495 bono
1110 1454 1310 1496 thesauro
1334 1456 1473 1497 cordis
1497 1456 1559 1496 sui
1589 1473 1693 1512 pro-

267 1537 350 1577 fert
379 1536 509 1584 bona,
538 1532 747 1574 mundum
781 1532 926 1572 cibum
955 1532 1132 1587 praebet
1159 1533 1358 1587 proximo
1377 1549 1468 1573 suo.
1514 1532 1560 1574 Si
1591 1550 1691 1574 vero

265 1613 415 1662 malus,
447 1623 486 1653 et
514 1612 680 1667 profert
709 1609 843 1659 mala,
888 1608 1158 1650 immundum
1201 1610 1345 1650 cibum
1386 1610 1560 1664 praebet
1589 1627 1694 1666 pro-

267 1689 381 1731 ximo
411 1705 501 1731 suo.
570 1687 714 1728 Potest
753 1686 864 1727 enim
906 1686 997 1741 quis
1039 1686 1244 1726 innocens
1289 1698 1330 1726 et
1369 1697 1506 1728 rectus
1548 1688 1692 1737 corde,

266 1767 477 1808 mundum
508 1763 663 1805 animal
697 1763 786 1804 ovis
817 1761 971 1810 videri,
1010 1773 1049 1803 et
1088 1764 1292 1816 praebere
1333 1762 1521 1803 audienti
1559 1781 1601 1804 se
1632 1764 1691 1805 ci-

267 1845 371 1884 bum
403 1842 614 1882 mundum
643 1851 844 1895 tanquam
875 1839 986 1888 ovis,
1026 1855 1136 1895 quae
1177 1851 1236 1879 est
1280 1838 1437 1880 animal
1468 1841 1692 1882 mundum.

268 1918 475 1961 Similiter
503 1929 545 1958 et
573 1916 617 1958 in
650 1915 807 1957 ceteris.
863 1915 918 1956 Et
948 1915 1045 1958 ideo
1079 1916 1215 1958 omnis
1247 1916 1393 1965 homo,
1424 1928 1469 1957 ut
1496 1915 1691 1967 diximus,

269 2012 366 2037 cum
396 1993 586 2049 loquitur
613 1993 810 2049 proximo
842 2009 944 2042 suo,
985 2005 1024 2034 ct
1064 1994 1148 2034 sive
1178 1995 1354 2048 prodest
1385 1992 1421 2033 ei
1453 2009 1499 2034 ex
1527 2009 1690 2034 sermo-

266 2074 393 2116 nibus
422 2072 521 2121 suis,
548 2073 633 2113 sive
663 2081 801 2119 nocet,
834 2081 873 2111 et
901 2071 1111 2111 mundum
1145 2070 1193 2118 ei,
1225 2082 1295 2110 aut
1322 2068 1593 2111 immundum
1630 2072 1690 2111 ef-

266 2150 406 2191 ficitur
436 2148 615 2198 animal,
654 2164 700 2189 ex
745 2147 899 2203 quibus
939 2147 1002 2188 vel
1033 2146 1466 2197 mundis-utendum,
1516 2149 1579 2188 vel
1609 2147 1689 2188 im-

266 2227 438 2269 mundis
467 2224 728 2282 praecipitur
759 2223 1070 2265 abstinendum.
1141 2223 1186 2264 Si
1216 2224 1450 2265 secundum
1483 2223 1593 2265 hanc
1623 2225 1689 2265 in-

265 2304 536 2358 telligentiam
569 2304 758 2345 dicamus
787 2302 932 2342 Deum
970 2299 1246 2355 summum4)
1294 2302 1402 2353 leges
1443 2301 1690 2342 hominibus
1747 2330 1752 2343 ⁴

264 2382 566 2439 promulgasse,
598 2391 718 2435 puto,
749 2381 866 2434 quod
898 2378 1020 2429 digna
1052 2377 1264 2419 videbitur
1304 2378 1442 2419 divina
1473 2376 1690 2433 majestate

264 2457 480 2511 legislatio.
540 2455 585 2498 Si
616 2472 715 2497 vero
749 2454 1014 2521 adsideamus
1047 2456 1213 2505 literae,
1253 2466 1292 2495 et
1321 2456 1556 2497 secundum
1589 2454 1687 2504 hoc,

383 2657 426 2712 1)
456 2661 528 2701 Ev·
559 2658 718 2705 Joann⁶
748 2658 829 2708 VI,
849 2658 917 2701 53,
1037 2655 1084 2712 2)
1116 2657 1217 2697 Luc.
1250 2654 1391 2708 XXII,
1420 2656 1491 2700 36.

379 2727 425 2781 3)
457 2727 473 2766 Ι
506 2726 607 2769 Cor.
640 2727 690 2777 II,
727 2727 793 2769 15.

377 2796 423 2862 Δ.)
455 2797 553 2839 Mss.
594 2802 876 2845 „summum.‘⁶
951 2796 1067 2839 Libri
1119 2795 1243 2851 (editi
1295 2796 1355 2851 (v.
1387 2812 1421 2838 c.
1453 2795 1550 2837 edd.
1580 2794 1687 2849 M.):
1736 2832 1744 2850 ἱ

259 2858 666 2910 ,‚0mn1potentem.“
696 2852 746 2893 R.

1747 2392 1752 2417 t‘

1746 2442 1752 2463 l

1745 2468 1752 2512 ,ἓ

1744 2556 1749 2574 1

1737 2796 1747 2819 s

1735 2915 1744 2953 ‘a
