1752 3136
231 88 317 132 310
844 89 1065 135 Omossms

232 200 351 256 quod
382 212 622 242 emortuum
655 214 694 243 et
724 201 848 246 Inane
879 215 960 254 est,
998 229 1050 236 —
1091 206 1174 246 hoc
1213 205 1325 246 enim
1364 217 1460 248 sunt
1503 224 1650 250 omncs

235 276 376 333 capilli
409 276 574 333 capitis,
616 289 655 319 et
696 282 876 332 ungulae
904 280 1092 323 mulieris
1129 299 1176 322 ex
1207 281 1477 325 inimicorum
1508 284 1654 339 spoliis

233 352 452 393 adsumtae
481 380 559 402 —‚
606 367 645 397 et
684 356 738 398 ita
784 357 955 399 demum
996 361 1134 400 faeere
1174 375 1265 400 eam
1304 361 1428 402 nobis
1458 378 1650 410 uxorem,

233 444 328 468 cum
360 426 444 485 jam
475 429 583 471 nihil
613 449 660 473 ex
691 433 783 483 illis,
814 451 922 490 quae
952 454 1028 492 per
1056 437 1349 478 infidelitatem
1389 449 1558 478 mortua
1592 437 1656 478 di-

235 517 400 556 cuntur,
432 507 644 560 habuerit,
678 511 782 551 nihil
814 511 856 553 in
888 514 1025 568 capite
1070 514 1223 554 habeat
1264 524 1511 562 mortuum,
1550 512 1657 553 nihil

233 581 276 622 in
308 577 514 634 manibus,
545 598 590 627 ut
620 603 756 642 neque
777 588 979 639 sensibus,
1009 606 1147 644 neque
1181 591 1355 640 actibus,
1387 590 1658 631 immundum

233 658 407 714 aliquid,
439 674 509 702 aut
540 674 756 704 mortuum
789 675 913 714 gerat.
974 666 1089 706 Nihil
1122 667 1233 707 enim
1255 667 1466 708 mundum
1499 667 1658 707 habent

236 738 432 778 mulieres
464 739 648 779 hostium
681 750 942 788 nostrorum,
973 741 1069 796 quia
1091 744 1208 783 nulla
1230 755 1290 783 est
1320 745 1434 799 apud
1467 745 1561 785 illos
1592 760 1657 785 sa-

233 813 413 868 pientia,
446 814 512 854 cui
553 814 820 857 immunditia
854 816 993 872 aliqua
1032 834 1120 859 non
1164 816 1215 859 sit
1255 821 1449 861 admixta.
1519 821 1658 861 Velim

234 901 377 930 tamen
409 890 597 931 dicerent
618 891 732 934 mihi
763 892 930 941 Judaei,
961 896 1184 948 quomodo
1218 897 1332 950 apud
1366 912 1436 937 eos
1468 897 1542 937 ista
1572 912 1659 937 ser-

232 979 395 1008 ventur.
455 967 574 1022 Quid
607 985 775 1020 causae,
816 971 917 1026 quid
953 970 1124 1012 rationis
1169 983 1228 1014 est
1269 972 1476 1013 decalvari
1507 972 1660 1013 mulie-

233 1060 338 1093 rem,
369 1056 407 1085 et
437 1047 612 1096 ungulas
643 1044 730 1103 ejus
762 1046 907 1088 demi?
953 1048 1085 1089 Verbi
1118 1065 1254 1099 causa,
1287 1066 1511 1105 ponamus,
1543 1051 1661 1105 quod

234 1121 291 1161 ita
323 1120 528 1163 invenerit
558 1139 648 1164 eam
680 1123 735 1172 is,
768 1124 838 1179 qui
871 1123 1025 1166 dicitur
1054 1126 1282 1176 invenisse,
1325 1137 1372 1167 ut
1411 1142 1550 1181 neque
1591 1142 1661 1167 ca-

235 1198 378 1253 pillos,
409 1215 549 1254 neque
578 1201 753 1254 ungulas
785 1202 958 1243 habeat:
1003 1202 1105 1258 quid
1139 1204 1310 1253 habuit,
1353 1204 1469 1258 quod
1512 1219 1662 1244 secun-

235 1276 337 1316 dum
370 1278 502 1328 legem
536 1278 706 1319 demere
735 1275 986 1334 juberetur?
1006 1279 1048 1334 ¹)
1103 1280 1191 1321 Nos
1222 1296 1336 1329 vero,
1369 1280 1521 1334 quibus
1553 1279 1663 1319 mili-

234 1352 289 1393 tia
320 1352 546 1407 spiritualis
579 1365 648 1404 est,
680 1366 721 1395 et
751 1371 866 1395 arma
904 1372 994 1396 non
1029 1358 1227 1405 carnalia,
1258 1357 1331 1397 sed
1355 1355 1539 1412 potentia
1563 1356 1660 1396 Deo

234 1429 289 1468 ad
320 1430 576 1470 destruenda
617 1429 816 1481 consilia,
862 1433 1018 1473 decora
1062 1432 1215 1473 mulier
1257 1434 1496 1488 sireperta
1536 1431 1664 1472 suerit

235 1507 349 1560 apud
383 1506 535 1556 hostes,
567 1518 606 1547 et
635 1507 900 1549 rationabilis
941 1509 1080 1565 aliqua
1124 1509 1370 1565 disciplina,
1416 1509 1499 1549 hoc
1529 1509 1661 1549 modo

232 1581 552 1637 purificabimus
583 1601 688 1634 eam,
722 1602 807 1641 quo
839 1585 1032 1642 superius
1075 1585 1265 1628 diximus.
1337 1586 1521 1642 Oportet
1563 1596 1662 1638 ergo

233 1675 344 1708 eum,
376 1660 448 1715 qui
477 1662 662 1702 mundus
695 1673 763 1711 est,
794 1679 883 1704 non
913 1665 1052 1704 solum
1077 1663 1264 1704 dividere
1281 1663 1471 1714 ungulas,
1504 1675 1541 1703 et
1571 1678 1662 1703 non

232 1737 371 1777 solum
403 1738 632 1792 praesentis
671 1737 828 1779 saeculi
873 1750 912 1780 et
951 1740 1084 1780 futuri
1127 1752 1238 1781 actus
1272 1751 1312 1781 et
1344 1755 1473 1794 opera
1505 1738 1664 1801 discer-

231 1829 346 1862 nere,
374 1814 448 1854 scd
480 1825 519 1854 et
549 1815 723 1867 ungulas
755 1816 1007 1870 producere,
1038 1817 1117 1865 vel,
1157 1828 1203 1858 ut
1235 1816 1337 1858 alibi
1367 1815 1556 1866 legimus,
1587 1816 1663 1855 ab-

232 1887 372 1945 jicere,
401 1902 446 1930 ut
476 1890 746 1946 purificantes
777 1909 855 1934 nos
887 1893 939 1933 ab
963 1893 1164 1948 operibus
1191 1892 1382 1942 mortuis,
1413 1903 1663 1948 permanea-

233 1983 326 2008 mus
356 1968 401 2007 in
433 1967 526 2008 vita.

345 2045 382 2088 8.
415 2044 531 2087 Haec
562 2044 734 2102 quidem
767 2047 1016 2097 generaliter
1049 2046 1156 2088 dicta
1186 2046 1268 2088 sint
1300 2048 1353 2088 de
1386 2046 1659 2088 animalibus:

231 2119 302 2161 illa
337 2139 449 2172 vero,
480 2140 587 2178 quae
618 2122 661 2163 in
695 2123 812 2178 aquis
843 2136 950 2173 sunt,
983 2123 1080 2179 (plia
1114 2126 1328 2176 dicuntur,
1359 2124 1567 2180 siquidem
1589 2123 1663 2163 ha-

232 2200 358 2239 beant
388 2200 538 2253 pinnas
570 2212 607 2241 et
637 2217 856 2256 squamas,
903 2202 1064 2242 munda
1110 2218 1219 2242 esse:
1261 2203 1295 2243 si
1337 2219 1435 2242 vero
1468 2218 1556 2241 non
1591 2201 1665 2240 ha-

232 2277 372 2327 beant,
403 2278 636 2328 immunda,
669 2286 752 2319 nec‘
778 2278 845 2319 cdi
877 2280 1052 2320 debere:
1094 2279 1202 2320 illud
1245 2278 1287 2320 in
1321 2277 1382 2319 his
1415 2276 1664 2325 ostenditur,

181 2337 189 2349 i
235 2366 292 2405 ut,
326 2356 357 2394 si
391 2356 482 2410 quis
514 2368 571 2397 est
601 2355 644 2395 in
676 2356 793 2411 aquis
825 2354 920 2406 istis,
951 2368 989 2396 et
1019 2355 1062 2395 in
1094 2355 1200 2397 mari
1232 2355 1337 2397 vitae
1368 2352 1506 2410 hujus,
1536 2366 1662 2408 atque

233 2431 278 2472 in
308 2433 505 2475 fluctibus
535 2433 690 2474 saeculi
722 2432 906 2488 positus,
946 2444 1088 2474 tamen
1120 2434 1273 2474 debeat
1303 2431 1397 2473 satis
1429 2447 1573 2483 agere,
1619 2440 1666 2470 ut

233 2525 323 2549 non
353 2508 396 2549 in
426 2511 651 2565 profundis
684 2509 815 2567 jaceat
855 2526 1086 2566 aquarum,
1131 2509 1237 2552 sicut
1275 2520 1374 2553 sunt
1420 2509 1486 2550 isti
1516 2507 1663 2563 pisces,

235 2584 306 2640 qui
338 2585 538 2627 dicuntur
567 2605 656 2628 non
690 2589 845 2630 habere
875 2589 1047 2644 pinnas,
1085 2603 1227 2644 neque
1265 2603 1472 2643 squamas.
1546 2584 1664 2626 Haec

233 2679 419 2718 namque
452 2680 600 2705 eorum
633 2677 782 2707 natura
813 2664 1078 2722 perhibetur,
1107 2676 1152 2706 ut
1182 2663 1226 2705 in
1257 2664 1351 2706 imis
1386 2679 1581 2720 semper,
1623 2673 1663 2704 et

365 2836 408 2892 ¹)
440 2837 551 2879 Edd.
583 2838 777 2881 Martini:
809 2839 1050 2883 videretur?
1083 2841 1173 2882 Nos
1203 2855 1303 2881 vero
1337 2850 1413 2881 etc.
