1752 3136
146 88 199 130 14
749 88 971 133 Omossms

516 358 1071 407 HOMILIA
1153 359 1208 407 ΙΙ.

649 482 718 523 De
765 482 1074 524 obstetricibus.

265 599 301 639 1.
334 594 474 635 Multa
507 592 678 649 quidem
724 595 945 635 adversum
992 606 1158 646 gentem
1189 592 1273 634 Dei
1303 593 1482 635 molitur
1512 611 1581 635 rex

150 673 251 727 iste,
296 672 367 728 qui
398 687 487 711 non
518 670 639 710 novit
667 669 854 726 Joseph,
886 683 926 711 et
957 683 1064 711 artes
1095 671 1282 712 nocendi
1310 688 1441 712 novas
1471 689 1582 713 sem-

150 767 230 806 per
260 749 448 804 inquirit.
510 747 668 788 Verum
698 764 812 787 nunc
839 747 1042 788 calliditas
1069 747 1156 804 ejus
1175 749 1462 803 supereminet
1491 765 1584 790 mo-

153 828 269 876 dum,
303 843 398 867 cum
433 826 713 866 obstetricum
745 824 981 866 ministerio
1010 826 1206 865 sobolem
1241 826 1371 876 gentis
1405 838 1586 867 conatur

153 905 427 956 exstinguere,
457 919 638 958 quarum
679 913 767 943 arte
805 903 914 943 solet
953 900 1032 942 vita
1071 901 1238 942 servari.
1311 901 1430 956 Quid
1473 903 1584 944 enim

155 980 286 1023 dicit?
319 979 461 1035 „Et¹)
493 980 616 1029 dixit,
655 979 814 1034 inquit,
846 997 915 1020 rex
946 978 1252 1037 Aegyptiorum
1289 980 1585 1021 obstetricibus

154 1060 474 1106 Hebraeorum,
506 1073 687 1112 quarum
714 1057 789 1097 uni
811 1073 971 1098 nomen
996 1069 1084 1097 erat
1113 1056 1324 1108 Sephora,
1357 1069 1395 1097 et
1423 1073 1587 1098 nomen

127 1136 326 1191 *alterius
367 1122 512 1184 Pbua,
559 1146 599 1176 et
645 1134 722 1175 ait:
765 1151 861 1175 cum
902 1134 1228 1175 obstetricabitis
1272 1133 1510 1183 Hebraeas,
1548 1147 1589 1177 et

154 1230 294 1269 prope
325 1224 495 1268 partum
529 1225 665 1261 erunt,
695 1211 729 1253 si
760 1213 970 1252 masculus
1001 1211 1144 1261 fuerit,
1176 1210 1357 1252 occidite
1385 1211 1587 1267 illum32)

155 1290 190 1333 si
221 1290 403 1340 semina,
443 1290 690 1331 vivificate.“
759 1288 846 1329 Sed
877 1288 940 1329 his
972 1288 1217 1344 adjungitur
1245 1288 1292 1329 in
1322 1304 1588 1344 consequen-

157 1369 289 1410 tibus:
337 1368 608 1418 „timuerunt
633 1367 678 1421 3)
720 1377 862 1407 autem
903 1366 1145 1407 obstetrices
1193 1366 1360 1414 Deum,
1407 1378 1446 1407 et
1495 1382 1587 1406 non

156 1448 349 1487 fecerunt
378 1447 485 1485 sicut
514 1455 789 1499 praeceperat
816 1442 897 1484 illis
928 1459 999 1483 rex
1031 1442 1222 1500 Aegypti,
1254 1455 1292 1483 et
1322 1442 1591 1483 vivificabant

157 1524 412 1563 masculos.“
493 1521 539 1562 Si
587 1521 827 1562 secundum
876 1519 1074 1561 historiae
1122 1519 1414 1561 narrationem
1457 1518 1589 1560 susci-

157 1600 315 1657 pienda
347 1610 506 1650 essent,
546 1615 655 1655 quae
692 1597 848 1653 scripta
877 1609 987 1647 sunt,
1017 1597 1232 1639 videretur
1247 1597 1294 1652 4)
1324 1598 1430 1647 hoc,
1471 1597 1591 1652 quod

160 1678 262 1720 dicit
293 1676 536 1731 Scriptura,
582 1676 680 1731 quia
723 1692 814 1716 non
854 1676 1049 1715 fecerunt
1078 1675 1323 1716 obstetrices
1350 1675 1591 1716 secundum

161 1756 279 1811 quod
320 1764 596 1809 praeceperat
614 1753 659 1808 5)
698 1752 746 1794 iis
785 1768 857 1793 rex
896 1752 1097 1810 Aegypti,
1153 1763 1262 1793 stare
1312 1768 1405 1792 non
1453 1767 1590 1807 posse.

158 1833 260 1873 Non
291 1832 405 1872 enim
434 1829 708 1871 inveniuntur
739 1830 984 1871 obstetrices
1014 1846 1105 1870 non
1142 1830 1370 1871 vivificasse
1402 1829 1593 1879 feminas,

161 1926 265 1965 quas
295 1909 514 1963 praecepit
542 1924 614 1948 rex
634 1908 814 1965 Aegypti
843 1907 1056 1948 vivificari.
1117 1907 1189 1948 Sic
1220 1907 1334 1948 enim
1363 1907 1440 1948 ait:
1470 1906 1590 1963 ‚,si⁵)

163 1986 338 2043 quidem
359 1985 569 2026 masculus
591 1996 661 2034 est,
693 1985 875 2026 occidite
902 1984 1047 2025 illum:
1078 1986 1112 2027 si
1140 1986 1315 2035 femina,
1344 1985 1594 2028 vivificate.“

160 2064 218 2104 Et
246 2063 278 2104 si
308 2079 396 2104 non
429 2063 623 2103 fecerunt
653 2063 919 2111 obstetrices,
955 2062 1064 2104 sicut
1092 2075 1369 2118 praeceperat
1409 2080 1478 2103 rex
1509 2063 1594 2103 Ae«

163 2141 288 2200 gypd,
320 2142 556 2185 debuerant
585 2141 731 2196 utique
757 2140 864 2181 sicut
893 2140 1102 2181 masculos
1145 2139 1414 2181 vivificabant
1445 2152 1593 2182 contra

162 2230 438 2275 praeceptum
480 2217 607 2269 regis,
650 2218 706 2258 ita
744 2217 922 2259 feminas
966 2218 1184 2267 occidere,
1227 2230 1275 2258 ut
1307 2229 1345 2258 et
1376 2218 1458 2258 hoc
1490 2229 1593 2259 esset

164 2308 312 2337 contra
344 2307 622 2352 praeceptum
651 2295 770 2349 regis.
828 2296 938 2336 Nam
963 2296 1138 2337 feminas
1168 2293 1408 2344 vivificasse,
1439 2311 1590 2335 secun-

164 2374 268 2414 dum
310 2386 587 2429 praeceptum
631 2384 692 2415 est
733 2372 881 2414 fecisse
930 2365 1177 2415 Pharaonis.
1257 2372 1374 2413 Haec
1419 2371 1590 2414 interim

163 2461 345 2507 propter
375 2466 460 2501 eos,
495 2451 566 2506 qui
598 2450 724 2492 amici
754 2462 850 2492 sunt
878 2452 1046 2501 literae,
1089 2461 1129 2490 et
1156 2445 1247 2491 non
1275 2459 1428 2504 putant
1457 2449 1589 2501 legem

165 2526 425 2583 spiritualem
468 2544 556 2569 esse
596 2540 635 2569 et
673 2527 945 2584 spiritualiter
983 2526 1314 2580 intelligendam.
1381 2526 1468 2568 Sed
1497 2543 1592 2577 nos,

285 2703 329 2757 ¹)
358 2702 493 2744 Exod.
526 2702 557 2752 I,
589 2703 655 2745 15.
686 2703 750 2745 16.
868 2703 914 2758 2)
943 2703 1055 2744 Edd.
1085 2701 1283 2742 Merlini:
1315 2717 1424 2742 eum.

282 2772 330 2828 3)
362 2772 498 2813 Exod.
528 2772 560 2822 I,
592 2773 656 2815 17.
777 2772 824 2828 4)
853 2773 934 2814 Ed.
966 2772 1102 2814 Ruaei
1129 2771 1245 2813 sola:
1276 2769 1454 2812 videtur.

285 2845 330 2897 ⁵)
361 2842 471 2885 Edd.
503 2841 699 2884 Merlini:
730 2843 961 2910 praecepit.
1081 2841 1127 2896 6)
1156 2840 1292 2883 Exod.
1324 2841 1357 2892 I,
1388 2842 1453 2885 16.
