1752 3136
464 150 511 180 m
540 137 795 179 anmcmu
824 132 1024 173 HommA
1054 130 1103 171 V.
1418 131 1501 174 267

92 267 218 308 super
248 251 400 299 altare,
434 259 479 290 set
515 248 591 290 erit
627 243 920 301 pectusculum
952 243 1098 282 Aaron
1129 251 1170 281 et
1199 239 1294 282 filiis
1326 239 1431 297 ejus:
1463 254 1504 283 et

91 327 316 370 brachium
347 328 538 368 dextrum
568 322 718 364 dabitis
746 318 1055 375 separationem
1084 317 1296 359 sacerdoti
1326 335 1348 360 a
1378 318 1506 360 sacri-

94 405 198 447 ficiis
229 402 475 446 salutaribus
505 398 661 441 vestris.
730 397 819 452 Qui
852 397 988 445 *offert
1026 395 1274 447 sanguinem
1303 395 1507 444 salutaris,

97 493 136 522 et
165 480 332 536 adipem
363 494 411 519 ex
439 475 534 518 filiis
564 476 731 523 Aaron,
769 470 848 529 ipsi
879 473 958 513 erit
986 471 1207 514 brachium
1240 474 1432 513 dextrum
1461 471 1509 512 in

94 570 236 615 parte:
265 554 555 612 pectusculum
587 551 699 592 enim
730 548 1035 607 impositionis,
1067 560 1105 589 et
1135 547 1358 590 brachium
1389 549 1509 589 dem-

95 632 219 675 tionis
249 628 390 686 accepi
430 646 453 670 a
490 627 586 670 filiis
617 627 745 669 lsrael
776 644 798 668 a
828 626 1042 668 sacrifieiis
1072 624 1324 668 salutaribus
1352 625 1510 677 vestris,

97 721 137 750 et
165 707 263 749 dedi
293 722 340 748 ea
371 707 520 747 Aaron
548 704 768 753 sacerdoti,
800 714 839 744 et
867 702 963 744 filiis
986 701 1084 759 ejus,
1118 703 1350 754 legitimum
1376 714 1510 743 aeter-

93 801 196 826 num
228 800 250 825 a
278 782 375 825 filiis
403 783 571 824 Israel.“
628 780 726 822 Hoc
745 781 788 837 ¹)
818 791 878 821 est
905 779 1179 829 sacrificium,
1211 781 1329 835 quod
1359 779 1514 822 dicitur

94 862 285 903 salutare.
345 860 478 915 Quod
508 858 760 900 sacrificium
788 874 917 898 nemo
950 858 1077 898 offert
1092 857 1304 906 Domino,
1329 856 1411 898 nisi
1440 857 1515 912 qui

96 954 220 979 sanus
252 949 323 988 est,
354 948 394 978 et
421 935 563 977 salutis
592 951 691 977 suae
720 933 932 983 conscius,
974 932 1120 984 gratias
1151 933 1345 974 Domino
1375 934 1515 975 refert.

95 1015 235 1056 Nemo
268 1030 391 1066 ergo,
424 1012 497 1068 qui
527 1027 647 1064 aeger
677 1023 736 1052 est
765 1012 935 1061 animo,
976 1022 1015 1051 et
1043 1010 1266 1060 languidus
1296 1011 1341 1051 in
1372 1009 1515 1066 operi-

98 1093 190 1142 bus,
222 1093 377 1132 offerre
404 1100 545 1145 potest
573 1088 827 1130 sacrificium
857 1088 1050 1130 salutare.
1110 1085 1183 1128 Vis
1214 1087 1380 1135 videre,
1419 1085 1517 1141 quia

99 1184 226 1209 nemo
258 1182 379 1220 aeger
409 1176 449 1206 et
478 1166 703 1218 languidus
731 1176 875 1222 potest
914 1164 1023 1205 illud
1054 1164 1209 1204 offerre
1234 1162 1519 1205 sacrificium?

98 1246 308 1300 Leprosus
337 1244 422 1295 ille,
454 1259 581 1298 quem
610 1241 656 1283 in
686 1242 915 1295 Evangelio
938 1241 1155 1283 Dominus
1176 1257 1342 1282 curasse
1362 1239 1519 1281 descri-

96 1321 285 1375 bitur,²)
314 1337 406 1361 non
434 1330 605 1376 poterat
635 1320 793 1361 offerre
821 1318 1016 1368 hostiam,
1047 1320 1185 1359 donec
1215 1319 1358 1374 leprae
1388 1317 1522 1368 aegri-

99 1397 247 1440 tudine
274 1398 511 1439 tenebatur.
557 1395 667 1436 Cum
699 1408 838 1438 autem
871 1395 1043 1437 accessit
1063 1395 1117 1436 ad
1135 1395 1297 1443 Jesum,
1329 1407 1367 1435 et
1392 1411 1520 1435 mun-

101 1477 222 1517 datus
252 1485 334 1524 est,
375 1487 476 1514 tunc
515 1471 687 1529 jubetur
727 1474 764 1514 ei
794 1491 818 1515 a
846 1472 1040 1514 Domino
1075 1472 1233 1513 offerre
1260 1457 1440 1512 munera
1467 1473 1524 1513 atl

103 1552 251 1593 altare:
292 1550 498 1606 ‚,quod³)
527 1553 754 1606 praecepit,
784 1550 945 1605 inquit,
988 1537 1134 1590 Moses‘
1160 1549 1205 1589 in
1233 1548 1524 1590 testimonium

105 1627 225 1670 illis.⁴‘
285 1625 449 1668 Audisti
481 1626 572 1681 quis
601 1626 675 1677 sit,
717 1627 787 1682 qui
828 1628 985 1667 offerre
1016 1626 1144 1667 debet
1159 1625 1205 1682 ⁴)
1246 1625 1429 1667 hostiam
1459 1641 1525 1666 sa-

106 1704 274 1746 lutaris:
303 1704 402 1744 audi
431 1719 559 1752 nunc,
588 1704 812 1758 quomodo
845 1705 997 1745 debeat
1027 1704 1195 1744 offerre.
1264 1700 1460 1752 ‚,Manus,
1478 1700 1525 1754 ⁵)

105 1781 261 1838 inquit,
301 1779 390 1837 ejus
431 1781 614 1821 offerent
655 1781 834 1823 hostiam
874 1779 1114 1823 Domin0.“
1188 1777 1397 1834 Nunquid
1435 1794 1528 1817 non

109 1859 323 1901 evidenter
352 1858 504 1899 clamat
533 1857 767 1910 legislator,
813 1857 913 1914 quia
943 1874 1035 1898 non
1064 1858 1196 1898 homo
1231 1867 1310 1906 est,
1358 1854 1431 1910 qui
1461 1857 1528 1896 os-

108 1939 189 1977 fert
217 1936 413 1984 hostiam,
442 1935 516 1976 sed
546 1951 694 1977 manus
726 1933 826 1992 ejus,
856 1934 900 1978 id
932 1946 1013 1984 est,
1046 1950 1177 1991 opera
1209 1931 1326 1991 ejus?
1382 1933 1529 1988 Opera

110 2027 294 2067 namque
324 2024 431 2061 sunt,
464 2028 572 2067 quae
603 2014 906 2054 commendant
936 2011 1118 2054 hostiam
1150 2011 1260 2052 Deo.
1327 2009 1375 2051 Si
1415 2010 1529 2050 enim

112 2100 286 2130 attracta
327 2089 377 2130 sit
414 2105 563 2131 manus
602 2101 674 2131 tua
714 2091 769 2131 ad
801 2091 1013 2140 dandum,
1055 2100 1094 2130 et
1125 2104 1305 2145 expansa
1335 2088 1389 2128 ad
1419 2085 1529 2127 acci-

112 2166 347 2222 piendum,
387 2165 496 2207 intra
532 2177 573 2207 te
613 2179 672 2208 est
710 2169 851 2209 adhuc
889 2168 1008 2221 lepra
1037 2179 1133 2216 tua,
1183 2177 1222 2207 et
1253 2166 1409 2206 offerre
1439 2181 1532 2205 non

114 2253 237 2298 potes
268 2242 449 2282 hostiam
476 2243 676 2286 salutaris.
743 2244 898 2286 B'Ianus
939 2259 1037 2296 ergo
1070 2242 1158 2300 ejus
1193 2244 1376 2283 offerent
1402 2240 1533 2282 sacri-

114 2319 258 2359 ficium
289 2319 493 2368 salutaris,
525 2332 563 2360 et
593 2338 741 2364 manus
773 2320 860 2379 ejus
893 2322 1076 2362 offerent
1107 2337 1167 2370 ea,
1201 2334 1309 2375 quae
1338 2318 1532 2359 Domino

118 2396 338 2436 offerenda
371 2408 486 2446 sunt,
530 2396 575 2437 id
606 2408 685 2446 est,
733 2398 925 2454 adipem,
972 2398 1044 2454 qui
1084 2413 1213 2452 super
1240 2396 1535 2451 pectusculum

121 2483 190 2523 est,
222 2483 262 2513 et
290 2472 466 2529 pinnam
496 2471 668 2529 jecoris:
729 2474 778 2520 In
816 2476 901 2517 hoc
931 2477 1053 2525 loco,
1093 2473 1168 2516 ubi
1197 2490 1275 2516 nos
1307 2473 1539 2521 habemusq

238 2666 284 2721 1)
313 2668 423 2711 Edd.
452 2669 647 2712 Merlini:
679 2672 733 2712 Et
764 2682 822 2712 est
852 2682 927 2712 etc.

238 2737 284 2789 ²)
317 2738 403 2781 Cfr.
433 2739 582 2782 Matth.
613 2741 727 2791 Vlll,
760 2743 900 2784 1--4‚

239 2807 285 2862 ³)
315 2809 464 2850 Matth.
497 2810 607 2860 VIH,
638 2811 677 2853 4.
794 2811 841 2868 4)
871 2813 984 2855 Edd.
1013 2810 1205 2853 Merlini:
1239 2812 1402 2854 debeas.

241 2877 285 2931 ⁵)
315 2878 442 2921 Levit.
475 2879 567 2931 Vll,
595 2880 661 2923 30.
