1752 3136
404 156 449 185 m
482 142 736 184 Luvxrmtnu
764 138 967 181 HomnA
997 138 1069 181 ΙΙΙ.
1373 141 1455 185 211

35 252 337 306 committitur,
378 252 458 295 nisi
487 252 658 304 arietem
695 249 964 307 jugulaverit:
1001 261 1041 292 et
1081 264 1172 292 non
1209 249 1458 307 simpliciter

33 331 220 380 arietem,
248 331 323 373 sed
353 329 522 372 arietem
553 322 690 384 pretio
721 338 906 377 emtum,
945 338 986 368 et
1023 337 1139 369 certo
1169 326 1332 383 pretIo:
1369 326 1453 377 „si-

33 406 176 462 clo,¹)
205 405 364 462 inquit‚‹
382 409 572 447 sanct0.“
630 402 750 458 Quid
778 402 937 457 igitur?
971 403 1005 446 si
1042 402 1137 460 quis
1165 419 1332 460 pauper
1358 405 1453 446 fue—

33 482 99 532 rit,
128 495 168 524 et
195 499 286 524 non
314 479 510 522 habuerit
538 480 688 523 siclum
718 491 911 521 sanctum
928 510 939 530 ,
967 481 1085 522 unde
1113 479 1293 521 mercari
1322 479 1456 535 possit

33 560 218 608 arietem,
248 568 471 613 peccatum
513 555 601 614 ejus
640 573 731 598 non
772 556 987 600 solvetur?
1046 557 1330 613 Quaerendae
1357 567 1457 598 sunt

33 652 130 688 ergo
164 633 396 689 unicuique
426 645 464 674 et
494 632 674 683 divitiae,
702 645 748 674 ut
767 646 990 690 peccatum
1010 633 1098 692 ejus
1121 632 1252 690 possit
1277 633 1453 675 absolvi.

31 712 191 752 Verum
222 710 255 751 si
287 710 483 763 dignetur
511 709 749 759 Dominus,
788 712 852 752 vel
883 711 1008 752 nobis
1040 696 1190 753 oculos
1221 711 1275 752 ad
1304 710 1453 752 viden-

31 788 156 838 dum,
185 787 251 828 vel
279 786 401 828 vobis
433 787 486 827 ad
516 786 779 828 audiendum
809 803 930 828 aures
960 787 1102 829 cordis
1131 786 1318 844 aperire,
1349 778 1455 842 quid

30 863 110 905 sibi
139 863 236 906 velit
264 862 512 915 legislatoris
542 877 690 904 sensus
720 863 955 918 opertus2)
995 862 1225 924 mysteriis,
1262 862 1456 918 require-

30 956 144 982 mus.
202 940 261 981 Et
288 940 432 995 primo
463 939 633 995 quidem
664 938 881 981 videamus
916 939 1001 981 hoc
1030 940 1192 996 ipsum,
1230 940 1349 995 quod
1388 956 1456 981 re-

32 1017 207 1058 citatum
239 1028 318 1066 est,
355 1016 589 1058 secundum
628 1014 793 1056 literam
838 1016 962 1071 quale
999 1015 1064 1057 sit.
1130 1015 1312 1057 Videtur
1340 1015 1454 1057 enim

32 1094 87 1134 de
116 1093 180 1135 his
211 1093 376 1142 dicere,
404 1092 449 1133 in
480 1108 665 1147 quorum
696 1092 892 1133 manibus
921 1103 1061 1134 sancta
1093 1091 1317 1134 commissa
1346 1103 1457 1141 sunt,

32 1169 77 1210 id
108 1181 186 1219 est,
228 1185 336 1224 quae
365 1168 410 1210 in
440 1167 622 1209 Domini
653 1167 778 1210 donis
813 1169 957 1210 oblata
987 1180 1111 1211 sunt:
1154 1168 1272 1210 verbi
1311 1168 1456 1222 gratia,

33 1258 128 1288 vota
159 1257 198 1287 et
226 1262 419 1294 munera,
449 1261 558 1301 quae
588 1244 633 1286 in
664 1243 847 1287 ecclesiis
867 1245 952 1287 Dei
981 1247 1036 1287 ad
1065 1264 1164 1289 usus
1191 1257 1456 1297 sanctorum,

32 1334 72 1364 et
100 1321 379 1364 ministerium
410 1323 695 1372 sacerdotum,
724 1322 788 1363 vel
815 1338 923 1377 quae
954 1324 1012 1363 ob
1033 1323 1320 1366 necessitatem
1349 1339 1457 1379 pau-

30 1415 211 1454 perum,
251 1415 275 1440 a
318 1397 479 1440 devotis
519 1409 558 1438 et
595 1397 799 1449 religiosis
827 1399 1042 1441 mentibus
1073 1401 1329 1447 offeruntur,
1388 1400 1458 1442 De

31 1475 95 1517 his
125 1476 159 1516 si
189 1474 281 1530 quis
310 1473 501 1529 qualibet
527 1475 844 1530 praesumtione
863 1475 1127 1526 subtraxerit,
1158 1476 1350 1522 decernit
1377 1477 1456 1527 lex,

33 1565 81 1593 ut
110 1552 142 1592 si
173 1563 479 1592 rememoratus
508 1549 637 1591 suerit
664 1567 862 1606 peccasse
889 1568 955 1602 se,
993 1564 1034 1594 et
1061 1564 1217 1606 sponte
1246 1536 1457 1610 compun-

0 1621 8 1622 ἶ
37 1627 225 1669 ctionem
257 1626 398 1668 cordis
431 1625 656 1681 acceperit:
687 1651 740 1659 —
772 1630 835 1695 de·
852 1645 903 1670 eo
927 1629 1054 1680 enim,
1086 1629 1160 1685 qui
1187 1645 1277 1671 non
1306 1640 1460 1685 sponte

34 1703 351 1760 compungitur,
377 1703 452 1744 sed
483 1703 566 1743 alio
596 1716 798 1755 arguente
827 1704 1114 1756 convincitur,
1143 1705 1359 1747 difficilius
1388 1721 1459 1745 re·-

33 1780 224 1822 medium
257 1791 315 1821 est
344 1804 410 1821 --.
469 1777 553 1821 Hic
585 1795 708 1832 ergo,
750 1781 824 1838 qui
859 1794 1013 1838 sponte
1053 1782 1304 1823 recordatus
1333 1782 1462 1822 fuerit

32 1868 255 1913 peccatum
284 1874 421 1907 suum,
451 1858 611 1907 reddet,
640 1857 792 1914 inquit,
820 1858 928 1900 illud
955 1860 1110 1916 ipsum,
1142 1859 1261 1914 quod
1291 1860 1459 1900 subtra-

35 1946 162 1984 xerat,
193 1946 232 1975 et
261 1935 390 1975 addet
420 1935 474 1975 ad
505 1933 613 1975 illud
652 1933 838 1990 quintaS,
891 1947 931 1977 et
973 1938 1126 1978 offeret
1164 1934 1337 1976 arietem
1376 1951 1459 1990 pro

38 2022 214 2067 peccato
255 2023 415 2051 emtum
452 2010 593 2066 pretio
634 2011 740 2054 siclo
779 2024 938 2055 sancto.
999 2013 1134 2068 Quod
1165 2012 1289 2053 dicit:
1334 2011 1462 2051 addet

39 2088 94 2128 ad
123 2087 232 2127 illud
263 2087 448 2142 quimas:
476 2086 751 2143 simpliciores
769 2090 927 2145 quique
945 2090 1178 2131 existimant
1198 2089 1254 2130 ita
1287 2088 1462 2138 dictum,

39 2174 109 2213 ut,
146 2164 264 2205 verbi
295 2180 442 2213 causa,
471 2164 504 2204 si
533 2163 722 2221 quinque
763 2168 930 2209 nummi
958 2167 1163 2208 subtracti
1191 2178 1309 2215 sunt,
1352 2180 1461 2205 unus

41 2241 242 2290 addatur,
287 2253 333 2281 ut
369 2257 450 2296 pro
484 2240 672 2296 quinque
701 2258 771 2284 sex
799 2244 980 2285 reddere
1007 2244 1211 2286 videatur.
1270 2243 1357 2284 Sed
1387 2241 1461 2297 qui

40 2315 85 2357 in
124 2316 344 2372 disciplina
382 2332 660 2358 numerorum
709 2318 904 2373 peritiam
957 2332 1126 2373 gerunt,
1172 2320 1300 2372 longe
1342 2318 1464 2359 aliter

38 2393 154 2434 istius
182 2392 381 2435 vocabuli
410 2409 639 2434 numerum
669 2408 911 2451 supputant.
988 2399 1098 2439 Nam
1138 2408 1178 2438 et
1207 2397 1252 2438 in
1293 2394 1461 2436 Graeco

41 2485 132 2510 non
162 2470 291 2511 habet
318 2474 558 2529 πέμπτον,
608 2471 727 2526 quod
766 2472 1012 2530 simpliciter
1049 2474 1215 2532 quintas
1249 2472 1363 2523 facit,
1388 2473 1464 2514 sed

162 2635 206 2691 1)
237 2633 326 2677 cfr.
360 2636 488 2680 Lavit.
520 2638 571 2689 v,
604 2641 669 2685 15.

159 2705 206 2760 ²)
239 2704 402 2747 Omnes
439 2706 562 2749 Mss.:
592 2719 794 2764 „opertus
824 2707 1068 2768 mysteriis.“
1125 2707 1245 2750 Libri
1273 2707 1372 2752 editi
1402 2709 1463 2763 (v.

45 2778 83 2802 c.
118 2762 212 2802 edd.
243 2761 351 2815 M.):
390 2763 568 2818 „apertis
603 2764 850 2823 mysteriis.“
889 2766 939 2808 R.
978 2789 1033 2797 —
1073 2766 1125 2808 In
1164 2766 1259 2807 edd.
1288 2766 1350 2808 M.
1381 2765 1465 2804 hoc

45 2817 200 2881 ordine
238 2821 367 2861 verba
406 2821 668 2875 procedunt:
715 2839 912 2877 ‚‚sensus,
956 2822 1108 2879 apertis
1145 2823 1360 2879 'mysteriis
1398 2836 1464 2863 re-

47 2879 302 2929 quiremus.“

996 2957 1120 3001 '14⁸‘
