1768 3107
549 619 1100 669 ORIGENIS

786 755 856 796 IN

359 892 1270 955 EXODUM

565 1087 990 1129 HOMILIA
1049 1085 1080 1128 I.

112 1234 151 1274 1.
253 1227 394 1269 idetur
421 1225 527 1268 mihi
559 1226 848 1282 unusquisque
877 1242 1017 1267 sermo
1050 1224 1215 1267 divinae
1233 1226 1274 1280 ¹)
1303 1227 1538 1286 scripturae

112 1311 256 1354 similis
289 1328 372 1353 esse
403 1311 530 1352 alicui
559 1311 791 1360 seminum,
839 1308 957 1367 cujus
1002 1321 1153 1350 natura
1200 1311 1304 1353 haec
1354 1324 1434 1362 est,
1478 1327 1537 1365 ut,

112 1405 208 1429 cum
249 1387 408 1445 jactum
456 1388 583 1429 suerit
620 1389 662 1430 in
704 1400 883 1435 terram,
936 1398 1230 1440 regeneratum
1279 1387 1324 1429 in
1362 1390 1538 1445 spicam,

111 1466 176 1505 vel
224 1465 267 1505 in
317 1481 616 1520 quamcunque
674 1464 798 1505 aliam
842 1464 906 1506 sui
952 1464 1113 1516 generis
1157 1465 1345 1520 speciem
1396 1468 1541 1509 multi-

110 1541 278 1598 pliciter
309 1543 598 1591 diffundatur,
631 1552 670 1582 et
698 1552 816 1582 tanto
849 1539 1128 1589 cumulatius,
1160 1543 1335 1595 quando
1366 1545 1432 1584 vel
1462 1562 1539 1600 pe—

107 1618 213 1660 ritus
245 1618 426 1671 agricola
458 1619 553 1674 plus
596 1617 830 1659 seminibus
870 1617 1030 1658 laboris
1057 1616 1339 1671 impenderit,
1368 1622 1432 1662 vel
1466 1623 1542 1663 be-

109 1694 311 1736 neficium
340 1706 479 1736 terrae
507 1693 770 1735 fecundioris
798 1693 1032 1734 indulserit.
1108 1691 1178 1735 Sic
1216 1710 1314 1747 ergo
1349 1698 1546 1749 efficitur,

111 1782 157 1812 ut
189 1772 379 1812 culturae
411 1771 628 1823 diligentia
653 1769 848 1822 exiguum
868 1786 1026 1819 semen,
1057 1769 1175 1812 verbi
1206 1788 1343 1823 causa,
1372 1774 1543 1831 sinapis,

114 1848 231 1903 quod
263 1859 323 1890 est
352 1847 579 1889 minimum
600 1848 808 1897 omnium,
838 1843 1050 1888 ‘efficiatur
1069 1845 1205 1904 majus
1230 1849 1429 1891 omnibus
1453 1853 1543 1893 ole-

49 1934 60 1975 ᾖ
113 1923 248 1974 ribus,
289 1936 328 1966 et
368 1925 441 1965 fiat
472 1926 621 1966 arhor:
661 1923 742 1974 „ita
761 1923 806 1980 2)
836 1936 884 1965 ut
913 1923 1082 1965 veniant
1117 1924 1304 1967 volatilia
1336 1927 1466 1978 coeli,
1508 1940 1548 1970 et

112 1999 303 2042 habitent
330 2002 377 2043 in
407 2002 534 2043 ramis
567 1999 696 2059 ejuS.“
771 2001 832 2042 Ita
865 2012 904 2042 et
934 2001 1001 2042 hie
1031 2017 1186 2051 serm0‚
1216 2001 1290 2057 qui
1319 2019 1435 2044 nunc
1464 2021 1547 2045 no-

112 2077 176 2118 bis
207 2093 254 2118 ex
286 2078 435 2119 divinis
467 2079 754 2120 voluminibus
785 2078 983 2120 recitatus
1019 2090 1099 2127 est,
1139 2078 1173 2120 si
1212 2078 1396 2134 peritum
1427 2081 1543 2122 inve-

112 2151 202 2193 niat
231 2165 272 2195 et
304 2155 547 2208 diligentem
580 2156 811 2207 colonum,
856 2173 952 2197 cum
995 2155 1137 2211 primo
1170 2167 1325 2196 attactu
1354 2158 1548 2199 videatur

116 2228 284 2281 exiguus
317 2241 356 2270 et
385 2231 543 2281 brevis,
584 2244 631 2272 ut
662 2232 851 2287 coeperit
884 2233 1031 2282 excoli,
1070 2245 1111 2274 et
1151 2231 1425 2288 spiritualiter
1461 2245 1547 2275 tra-

116 2305 232 2354 ctari,
251 2304 297 2360 3)
330 2306 477 2348 crescit
506 2306 550 2348 in
582 2308 807 2358 arborem,
850 2309 895 2350 in
934 2325 1076 2351 ramos
1115 2321 1154 2359 et
1184 2308 1227 2348 in
1258 2309 1433 2363 virgulta
1464 2312 1547 2352 dif-

48 2384 50 2386 ’
114 2380 330 2423 funditur:
370 2385 428 2426 ita
466 2394 514 2425 ut
555 2384 719 2440 possint
762 2384 906 2427 venire
937 2385 1302 2441 disputatores‚‘¹)
1342 2387 1547 2439 rhetores,

14 2831 54 2854 1³7

14 2899 15 2902 =
40 2868 52 2920 ἐ

232 2555 276 2611 Ι)
305 2556 416 2598 Edd.
446 2556 646 2599 Merlini:
678 2559 912 2616 scripturae
943 2558 1124 2602 divinae.

231 2625 278 2681 2)
308 2625 464 2668 Matth.
493 2627 613 2677 XIII,
643 2628 710 2672 32.

234 2693 280 2750 ³)
309 2695 420 2738 Edd.
449 2696 649 2738 Merlini:
681 2700 912 2741 retractari.

232 2762 280 2818 4)
312 2764 383 2806 Sic
418 2765 519 2806 Mss.
552 2766 664 2808 Alias
705 2768 765 2823 (v.
811 2785 844 2812 e.
875 2769 919 2810 in
958 2771 1053 2812 edd.
1092 2770 1153 2812 M.
1192 2788 1199 2811 :
1239 2769 1549 2827 „disputatores

121 2832 153 2860 ·ἒ
191 2820 382 2863 rhetores
413 2820 537 2878 hujus
568 2825 730 2874 mundi,
763 2825 835 2881 qui
864 2825 1003 2869 velut“
1035 2839 1109 2869 etc.

121 2911 128 2924 2
171 2907 346 2939 uenus
379 2895 551 2941 OPERA.
587 2898 707 2941 Tom.
740 2901 814 2942 IX.
1189 2906 1211 2945 1
