1752 3136
171 126 260 170 250
776 123 999 167 OmGEms

173 249 274 282 sunt
302 237 562 280 intellectum
595 252 747 293 capere
776 237 1018 294 sapientiae,
1049 248 1089 279 et
1120 236 1217 278 ideo
1242 234 1482 276 Dominum
1512 236 1603 276 iau-

175 319 281 358 dare
309 333 398 357 non
433 326 623 372 possunt.
683 313 819 369 Quod
865 316 898 356 si
939 317 1126 356 ablatum
1167 314 1292 355 suerit
1325 328 1454 353 omne
1484 313 1601 367 quod

173 394 332 450 pingue
363 405 423 434 est
453 394 507 434 de
537 392 722 441 renibus,
751 403 792 432 et
824 392 876 432 de
895 392 938 447 ¹)
959 393 1158 433 omnibus
1180 389 1453 432 interioribus
1475 390 1602 429 visce-

171 546 296 588 stiam
325 563 405 602 pro
439 547 608 595 delicto,
640 557 678 586 et
710 545 900 587 obtulisti
931 545 1184 587 sacrificium
1217 534 1313 585 Deo
1347 543 1389 584 in
1422 543 1603 584 odorem

170 623 398 668 suavitatis.
458 621 811 678 „Sacerdotis,²)
843 621 1001 677 inquit,
1034 622 1106 678 qui
1139 621 1352 676 offeret³)
1385 632 1423 662 et
1453 636 1603 674 repro-

173 700 342 756 pitiabit
386 700 514 749 illud,
555 699 685 754 ipsius
729 699 846 739 erit.“
914 699 1091 740 Discant
1127 700 1368 740 sacerdotes
1407 696 1603 745 Domini,

173 777 249 833 qui
280 776 461 818 ecclesiis
491 785 705 831 praesunt,
737 774 834 829 quia
865 791 961 830 pars
991 774 1039 816 iis
1071 776 1165 815 data
1187 787 1246 815 est
1269 791 1362 815 cum
1386 774 1463 822 his,
1493 790 1601 829 quo-

173 871 270 895 rum
311 852 464 894 delicta
503 850 889 907 repropitiaverint.
967 851 1085 906 Quid
1126 862 1265 891 autem
1310 862 1369 892 est
1407 849 1603 906 repropi-

172 932 278 972 tiare
293 929 338 986 ⁴)
372 927 606 970 delictum?
640 928 686 969 Si
718 928 957 972 assumseris
984 939 1270 985 peccatorem,
1303 939 1342 968 et
1370 927 1604 974 monendo,

172 1008 406 1056 hortando,
428 1006 642 1054 docendo,
663 1005 928 1055 instruendo,
945 1004 1167 1047 adduxeris
1186 1022 1280 1046 eum
1307 1005 1359 1045 ad
1378 1002 1603 1059 poeniten-

172 1084 288 1133 tiam,
321 1085 373 1126 ab
397 1098 543 1124 errore
574 1083 818 1131 correxeris,
847 1100 868 1124 a
892 1082 997 1124 vitiis
1030 1082 1330 1132 emendaveris,
1349 1094 1390 1123 et
1413 1079 1602 1122 effeceris

173 1178 274 1203 eum
303 1161 446 1209 talem,
471 1171 519 1200 ut
546 1158 582 1199 ei
610 1176 813 1201 converso
834 1159 1044 1216 propitius
1076 1161 1147 1201 fiat
1177 1159 1354 1214 Deus⁵)
1385 1174 1465 1214 pro
1500 1157 1604 1199 deli—-

173 1250 258 1288 cto,
280 1236 577 1293 repropitiasse
592 1235 637 1291 ⁶)
661 1236 823 1278 diceris.
870 1237 914 1278 Si
934 1253 1034 1290 ergo
1056 1236 1148 1278 talis
1171 1236 1298 1277 fueris
1319 1237 1531 1285 sacerdos,
1562 1246 1604 1276 et

173 1313 267 1356 talis
298 1313 427 1356 fuerit
457 1312 651 1354 doctrina
682 1324 766 1364 tua,
801 1325 840 1354 et
870 1331 1009 1355 sermo
1040 1325 1150 1363 tuus,
1180 1330 1276 1370 pars
1307 1312 1385 1353 tibi
1416 1313 1540 1354 datur
1557 1312 1600 1368 ⁷)

174 1409 339 1440 eorum,
371 1407 477 1446 quos
510 1391 761 1431 correxeris:
802 1402 850 1431 ut
889 1391 1063 1431 illorum
1106 1389 1307 1431 meritum
1337 1402 1408 1431 tua
1440 1407 1603 1432 merces

173 1468 239 1519 sit,
271 1481 310 1509 et
339 1468 514 1508 illorum
554 1467 665 1508 salus
704 1479 774 1508 tua
817 1467 964 1519 gloria.
1037 1468 1122 1507 Aut
1165 1482 1255 1506 non
1287 1479 1326 1508 et
1367 1468 1601 1521 Apostolus

174 1547 278 1587 haec
311 1544 508 1593 ostendit,
537 1542 614 1583 ubi
645 1542 766 1592 dicit,
805 1543 905 1600 quia
946 1543 1154 1600 ,‚quod‘³)
1195 1543 1604 1600 superaedificaverit

175 1623 268 1679 quis
306 1623 550 1664 mercedem
600 1621 774 1677 accipiet
788 1620 835 1663 ?⁴‘
903 1621 1144 1674 Intelligant
1191 1621 1317 1673 igitur
1365 1624 1603 1664 sacerdotes

174 1699 379 1750 Domini,
417 1699 493 1741 ubi
508 1698 553 1753 ⁹)
592 1699 639 1740 iis
672 1700 766 1740 data
798 1700 942 1754 portio
977 1710 1047 1746 est,
1078 1710 1116 1738 et
1146 1696 1190 1737 in
1222 1698 1305 1738 hoc
1336 1710 1503 1748 vacent,
1542 1711 1603 1739 at-

175 1794 259 1834 que
289 1776 351 1818 his
384 1793 560 1832 operam
592 1777 706 1820 dent.
765 1777 865 1817 Non
906 1793 948 1818 se
976 1775 1173 1817 inanibus
1205 1786 1245 1815 et
1276 1776 1498 1831 superfluis
1530 1793 1599 1816 ac—

296 1972 339 2026 ¹)
364 1973 495 2013 Deest
525 1973 632 2022 „de“
663 1973 708 2014 in
737 1972 827 2013 sola
859 1972 923 2013 ed.
956 1970 1007 2011 R.

291 2042 338 2099 ²)
373 2041 459 2084 Cfr.
490 2042 618 2083 Levit.
650 2042 740 2092 Vll,
770 2042 809 2083 5.
839 2042 878 2084 9.
908 2041 947 2083 S.

288 2114 334 2170 ³)
369 2112 476 2154 Cod.
509 2112 784 2164 Sangerman.
827 2111 1006 2159 „offeret
1047 2120 1086 2149 et
1127 2109 1425 2165 repropitiabit
1454 2109 1601 2151 illud.“

176 2171 295 2213 Libri
326 2169 426 2211 editi
456 2171 516 2224 (v.
549 2185 584 2210 c.
617 2169 713 2209 edd.
745 2167 851 2223 M.):
894 2168 1052 2217 „offert
1089 2165 1195 2207 illud
1235 2179 1274 2207 et
1304 2165 1603 2224 repropitiabit

176 2245 258 2285 pro
293 2228 493 2269 delicto.‘⁴
526 2225 576 2267 R.

291 2298 337 2352 ⁴)
370 2296 479 2338 Cod.
513 2295 788 2346 Sangerman.
827 2292 1136 2350 „repropitiare
1168 2293 1366 2335 delictum
1383 2293 1430 2336 ?“
1487 2292 1603 2334 Libri

177 2355 279 2397 editi
309 2357 369 2410 (v.
402 2370 437 2394 c.
469 2354 566 2395 edd.
597 2353 704 2407 M.):
734 2349 1041 2407 „repropitiare
1072 2367 1152 2405 pro
1185 2350 1340 2392 delicto
1355 2349 1398 2391 ?“
1426 2350 1477 2390 R.

295 2425 340 2479 ⁵)
370 2423 481 2465 Edd.
513 2421 709 2465 MerlinI:
736 2421 869 2471 Deus,
897 2437 977 2477 pro
1011 2420 1166 2462 delicto
1198 2431 1272 2461 etc.

294 2494 339 2551 ⁶)
373 2494 481 2535 Cod.
534 2492 808 2544 Sangerman.
861 2490 1184 2546 „repropitiasse
1226 2488 1417 2532 diceris.“
1485 2486 1602 2528 Libri

178 2551 279 2594 editi
309 2554 368 2607 (v.
404 2568 438 2592 e.
470 2552 566 2592 edd.
596 2547 701 2603 M.):
731 2547 1041 2604 „repropitiare
1072 2547 1260 2600 diceris.“
1290 2545 1340 2588 R.

297 2623 342 2678 ⁷)
375 2620 483 2663 Cod.
517 2621 793 2671 Sangerman.
827 2619 1021 2670 ,‚datur.“
1079 2616 1196 2660 Libri
1219 2614 1317 2659 editi
1349 2615 1411 2672 (v.
1441 2631 1473 2657 c.
1505 2614 1601 2655 edd.

177 2679 287 2735 1510:
318 2678 556 2728 „dabitur.“
586 2676 636 2716 R.

293 2749 341 2803 ⁸)
374 2747 461 2788 Cfr.
492 2747 512 2786 I
545 2745 645 2787 Cor.
677 2745 751 2797 III,
780 2746 846 2788 14.

178 2878 208 2919 h
295 2818 341 2874 9)
373 2816 486 2861 Edd.
534 2813 730 2859 Merlini:
785 2813 859 2857 ubi
905 2827 968 2858 est
1009 2814 1074 2858 his
1118 2815 1214 2857 data
1259 2808 1426 2869 portio,
1475 2817 1515 2850 et
1560 2805 1602 2848 iu

213 2894 264 2919 oc.
295 2886 372 2918 etc.
