<?xml version="1.0" encoding="UTF-8"?>
<!DOCTYPE html PUBLIC "-//W3C//DTD XHTML 1.0 Transitional//EN"
    "http://www.w3.org/TR/xhtml1/DTD/xhtml1-transitional.dtd">
<html xmlns="http://www.w3.org/1999/xhtml" xml:lang="en" lang="en">
 <head>
  <title>
</title>
<meta http-equiv="Content-Type" content="text/html;charset=utf-8" />
  <meta name='ocr-system' content='tesseract 3.04.00' />
  <meta name='ocr-capabilities' content='ocr_page ocr_carea ocr_par ocr_line ocrx_word'/>
</head>
<body>
  <div class='ocr_page' id='page_1' title='image "./operaomniaquaegr09orig_0192.png"; bbox 0 0 1752 3136; ppageno 0'>
   <div class='ocr_carea' id='block_1_1' title="bbox 187 156 1004 200">
    <p class='ocr_par' dir='ltr' id='par_1_1' title="bbox 187 156 1004 200">
     <span class='ocr_line' id='line_1_1' title="bbox 187 156 1004 200; baseline 0 -2"><span class='ocrx_word' id='word_1_1' title='bbox 187 156 268 200; x_wconf 80' lang='lat'>180</span> <span class='ocrx_word' id='word_1_2' title='bbox 785 156 1004 199; x_wconf 64' lang='lat' dir='ltr'>Omcmrs</span> 
     </span>
    </p>
   </div>
   <div class='ocr_carea' id='block_1_2' title="bbox 185 269 1614 2248">
    <p class='ocr_par' dir='ltr' id='par_1_2' title="bbox 185 269 1614 2248">
     <span class='ocr_line' id='line_1_2' title="bbox 191 269 1604 326; baseline 0 -16"><span class='ocrx_word' id='word_1_3' title='bbox 191 269 280 326; x_wconf 82' lang='lat' dir='ltr'>ejus</span> <span class='ocrx_word' id='word_1_4' title='bbox 320 269 582 320; x_wconf 70' lang='lat' dir='ltr'>recubuisse,</span> <span class='ocrx_word' id='word_1_5' title='bbox 623 269 728 325; x_wconf 86' lang='lat' dir='ltr'>quid</span> <span class='ocrx_word' id='word_1_6' title='bbox 765 271 919 313; x_wconf 81' lang='lat' dir='ltr'>habeat</span> <span class='ocrx_word' id='word_1_7' title='bbox 957 270 1219 312; x_wconf 82' lang='lat' dir='ltr'>eminentiae.</span> <span class='ocrx_word' id='word_1_8' title='bbox 1307 269 1475 311; x_wconf 80' lang='lat' dir='ltr'>Horum</span> <span class='ocrx_word' id='word_1_9' title='bbox 1508 284 1604 322; x_wconf 82' lang='lat' dir='ltr'>ergo</span> 
     </span>
     <span class='ocr_line' id='line_1_3' title="bbox 188 346 1608 409; baseline -0.001 -23"><span class='ocrx_word' id='word_1_10' title='bbox 188 347 449 399; x_wconf 80' lang='lat' dir='ltr'>singulorum</span> <span class='ocrx_word' id='word_1_11' title='bbox 482 363 627 409; x_wconf 75' lang='lat' dir='ltr'>causas</span> <span class='ocrx_word' id='word_1_12' title='bbox 658 346 880 398; x_wconf 76' lang='lat' dir='ltr'><strong>disserere,</strong></span> <span class='ocrx_word' id='word_1_13' title='bbox 912 360 950 388; x_wconf 91' lang='lat' dir='ltr'>et</span> <span class='ocrx_word' id='word_1_14' title='bbox 983 349 1060 389; x_wconf 81' lang='lat' dir='ltr'>alia</span> <span class='ocrx_word' id='word_1_15' title='bbox 1094 349 1264 403; x_wconf 84' lang='lat' dir='ltr'>quidem</span> <span class='ocrx_word' id='word_1_16' title='bbox 1294 346 1608 403; x_wconf 73' lang='lat' dir='ltr'>incipientibus,</span> 
     </span>
     <span class='ocr_line' id='line_1_4' title="bbox 190 423 1607 482; baseline -0.001 -18"><span class='ocrx_word' id='word_1_17' title='bbox 190 423 268 464; x_wconf 82' lang='lat' dir='ltr'>alia</span> <span class='ocrx_word' id='word_1_18' title='bbox 300 440 398 464; x_wconf 85' lang='lat' dir='ltr'>vcro</span> <span class='ocrx_word' id='word_1_19' title='bbox 430 423 489 473; x_wconf 80' lang='lat' dir='ltr'>iis,</span> <span class='ocrx_word' id='word_1_20' title='bbox 521 424 593 479; x_wconf 87' lang='lat' dir='ltr'>qui</span> <span class='ocrx_word' id='word_1_21' title='bbox 624 424 706 482; x_wconf 82' lang='lat' dir='ltr'>jam</span> <span class='ocrx_word' id='word_1_22' title='bbox 738 426 967 481; x_wconf 82' lang='lat' dir='ltr'>proficiunt</span> <span class='ocrx_word' id='word_1_23' title='bbox 1000 425 1042 466; x_wconf 87' lang='lat' dir='ltr'>in</span> <span class='ocrx_word' id='word_1_24' title='bbox 1075 425 1160 465; x_wconf 78' lang='lat' dir='ltr'>fide</span> <span class='ocrx_word' id='word_1_25' title='bbox 1192 425 1367 473; x_wconf 80' lang='lat' dir='ltr'>Christi,</span> <span class='ocrx_word' id='word_1_26' title='bbox 1414 423 1493 464; x_wconf 85' lang='lat' dir='ltr'>alia</span> <span class='ocrx_word' id='word_1_27' title='bbox 1533 439 1607 463; x_wconf 86' lang='lat' dir='ltr'>au-</span> 
     </span>
     <span class='ocr_line' id='line_1_5' title="bbox 185 499 1609 557; baseline -0.001 -16"><span class='ocrx_word' id='word_1_28' title='bbox 185 513 269 542; x_wconf 83' lang='lat' dir='ltr'>tem</span> <span class='ocrx_word' id='word_1_29' title='bbox 302 500 394 550; x_wconf 85' lang='lat' dir='ltr'>illis,</span> <span class='ocrx_word' id='word_1_30' title='bbox 424 500 496 556; x_wconf 88' lang='lat' dir='ltr'>qui</span> <span class='ocrx_word' id='word_1_31' title='bbox 526 499 610 557; x_wconf 82' lang='lat' dir='ltr'>jam</span> <span class='ocrx_word' id='word_1_32' title='bbox 640 502 816 557; x_wconf 78' lang='lat' dir='ltr'>perfecti</span> <span class='ocrx_word' id='word_1_33' title='bbox 845 514 942 543; x_wconf 87' lang='lat' dir='ltr'>sunt</span> <span class='ocrx_word' id='word_1_34' title='bbox 972 502 1015 542; x_wconf 89' lang='lat' dir='ltr'>in</span> <span class='ocrx_word' id='word_1_35' title='bbox 1048 502 1216 543; x_wconf 86' lang='lat' dir='ltr'>scientia</span> <span class='ocrx_word' id='word_1_36' title='bbox 1248 514 1287 544; x_wconf 90' lang='lat' dir='ltr'>et</span> <span class='ocrx_word' id='word_1_37' title='bbox 1315 501 1486 543; x_wconf 84' lang='lat' dir='ltr'>caritate</span> <span class='ocrx_word' id='word_1_38' title='bbox 1509 499 1609 557; x_wconf 83' lang='lat' dir='ltr'>ejus,</span> 
     </span>
     <span class='ocr_line' id='line_1_6' title="bbox 189 575 1610 633; baseline -0.002 -15"><span class='ocrx_word' id='word_1_39' title='bbox 189 590 347 633; x_wconf 85' lang='lat' dir='ltr'>aptare,</span> <span class='ocrx_word' id='word_1_40' title='bbox 379 579 460 618; x_wconf 88' lang='lat' dir='ltr'>hoc</span> <span class='ocrx_word' id='word_1_41' title='bbox 492 590 551 619; x_wconf 88' lang='lat' dir='ltr'>est</span> <span class='ocrx_word' id='word_1_42' title='bbox 581 579 849 620; x_wconf 79' lang='lat' dir='ltr'>membratim</span> <span class='ocrx_word' id='word_1_43' title='bbox 881 579 1057 619; x_wconf 81' lang='lat' dir='ltr'>vitulum</span> <span class='ocrx_word' id='word_1_44' title='bbox 1089 578 1283 620; x_wconf 82' lang='lat' dir='ltr'>divisisse.</span> <span class='ocrx_word' id='word_1_45' title='bbox 1352 578 1437 618; x_wconf 78' lang='lat' dir='ltr'>Sed</span> <span class='ocrx_word' id='word_1_46' title='bbox 1470 588 1508 617; x_wconf 89' lang='lat' dir='ltr'>et</span> <span class='ocrx_word' id='word_1_47' title='bbox 1538 575 1610 631; x_wconf 88' lang='lat' dir='ltr'>qui</span> 
     </span>
     <span class='ocr_line' id='line_1_7' title="bbox 188 652 1609 711; baseline -0.002 -17"><span class='ocrx_word' id='word_1_48' title='bbox 188 655 307 695; x_wconf 76' lang='lat' dir='ltr'>novit</span> <span class='ocrx_word' id='word_1_49' title='bbox 339 657 581 704; x_wconf 79' lang='lat' dir='ltr'>ostendere,</span> <span class='ocrx_word' id='word_1_50' title='bbox 618 671 729 710; x_wconf 82' lang='lat' dir='ltr'>quae</span> <span class='ocrx_word' id='word_1_51' title='bbox 766 655 922 695; x_wconf 88' lang='lat' dir='ltr'>suerint</span> <span class='ocrx_word' id='word_1_52' title='bbox 962 655 1060 706; x_wconf 75' lang='lat' dir='ltr'>legis</span> <span class='ocrx_word' id='word_1_53' title='bbox 1099 654 1330 711; x_wconf 82' lang='lat' dir='ltr'>principia,</span> <span class='ocrx_word' id='word_1_54' title='bbox 1370 653 1440 709; x_wconf 84' lang='lat' dir='ltr'>qui</span> <span class='ocrx_word' id='word_1_55' title='bbox 1484 652 1609 693; x_wconf 83' lang='lat' dir='ltr'>etiam</span> 
     </span>
     <span class='ocr_line' id='line_1_8' title="bbox 185 728 1609 786; baseline -0.003 -14"><span class='ocrx_word' id='word_1_56' title='bbox 185 732 229 772; x_wconf 81' lang='lat' dir='ltr'>in</span> <span class='ocrx_word' id='word_1_57' title='bbox 261 731 484 786; x_wconf 84' lang='lat' dir='ltr'>prophetis</span> <span class='ocrx_word' id='word_1_58' title='bbox 513 732 730 785; x_wconf 76' lang='lat' dir='ltr'>profectus</span> <span class='ocrx_word' id='word_1_59' title='bbox 762 732 1003 779; x_wconf 87' lang='lat' dir='ltr'>accesserit,</span> <span class='ocrx_word' id='word_1_60' title='bbox 1033 746 1142 785; x_wconf 76' lang='lat' dir='ltr'>‘quae</span> <span class='ocrx_word' id='word_1_61' title='bbox 1171 748 1270 772; x_wconf 76' lang='lat' dir='ltr'>vero</span> <span class='ocrx_word' id='word_1_62' title='bbox 1300 731 1342 771; x_wconf 86' lang='lat' dir='ltr'>in</span> <span class='ocrx_word' id='word_1_63' title='bbox 1374 728 1609 781; x_wconf 47' lang='lat' dir='ltr'>Evangelii-5</span> 
     </span>
     <span class='ocr_line' id='line_1_9' title="bbox 186 806 1611 864; baseline -0.003 -15"><span class='ocrx_word' id='word_1_64' title='bbox 186 809 410 864; x_wconf 78' lang='lat' dir='ltr'>plenitudo</span> <span class='ocrx_word' id='word_1_65' title='bbox 448 806 722 862; x_wconf 83' lang='lat' dir='ltr'>perfectionis</span> <span class='ocrx_word' id='word_1_66' title='bbox 762 807 992 848; x_wconf 78' lang='lat' dir='ltr'>habeatur:</span> <span class='ocrx_word' id='word_1_67' title='bbox 1042 809 1105 847; x_wconf 72' lang='lat' dir='ltr'>vel</span> <span class='ocrx_word' id='word_1_68' title='bbox 1145 807 1216 861; x_wconf 87' lang='lat' dir='ltr'>qui</span> <span class='ocrx_word' id='word_1_69' title='bbox 1258 810 1411 849; x_wconf 88' lang='lat' dir='ltr'>docere</span> <span class='ocrx_word' id='word_1_70' title='bbox 1458 817 1611 862; x_wconf 78' lang='lat' dir='ltr'>potest,</span> 
     </span>
     <span class='ocr_line' id='line_1_10' title="bbox 188 882 1609 940; baseline -0.004 -14"><span class='ocrx_word' id='word_1_71' title='bbox 188 902 276 940; x_wconf 89' lang='lat' dir='ltr'>quo</span> <span class='ocrx_word' id='word_1_72' title='bbox 310 883 426 925; x_wconf 86' lang='lat' dir='ltr'>verbi</span> <span class='ocrx_word' id='word_1_73' title='bbox 455 883 562 924; x_wconf 86' lang='lat' dir='ltr'>lacte</span> <span class='ocrx_word' id='word_1_74' title='bbox 602 884 744 925; x_wconf 82' lang='lat' dir='ltr'>alendi</span> <span class='ocrx_word' id='word_1_75' title='bbox 772 883 916 938; x_wconf 86' lang='lat' dir='ltr'>sint¹)</span> <span class='ocrx_word' id='word_1_76' title='bbox 945 883 1112 939; x_wconf 79' lang='lat' dir='ltr'>parvuli</span> <span class='ocrx_word' id='word_1_77' title='bbox 1140 883 1184 923; x_wconf 88' lang='lat' dir='ltr'>in</span> <span class='ocrx_word' id='word_1_78' title='bbox 1217 882 1411 931; x_wconf 87' lang='lat' dir='ltr'>Christo,</span> <span class='ocrx_word' id='word_1_79' title='bbox 1450 895 1488 923; x_wconf 88' lang='lat' dir='ltr'>et</span> <span class='ocrx_word' id='word_1_80' title='bbox 1524 898 1609 937; x_wconf 91' lang='lat' dir='ltr'>quo</span> 
     </span>
     <span class='ocr_line' id='line_1_11' title="bbox 188 958 1613 1016; baseline -0.003 -15"><span class='ocrx_word' id='word_1_81' title='bbox 188 960 306 1002; x_wconf 86' lang='lat' dir='ltr'>verbi</span> <span class='ocrx_word' id='word_1_82' title='bbox 338 963 453 1003; x_wconf 90' lang='lat' dir='ltr'>olere</span> <span class='ocrx_word' id='word_1_83' title='bbox 485 960 704 1002; x_wconf 80' lang='lat' dir='ltr'>reficiendi</span> <span class='ocrx_word' id='word_1_84' title='bbox 724 960 770 1016; x_wconf 87' lang='lat'>²)</span> <span class='ocrx_word' id='word_1_85' title='bbox 795 961 889 1011; x_wconf 85' lang='lat' dir='ltr'>sint,</span> <span class='ocrx_word' id='word_1_86' title='bbox 922 961 994 1016; x_wconf 86' lang='lat' dir='ltr'>qui</span> <span class='ocrx_word' id='word_1_87' title='bbox 1023 960 1295 1001; x_wconf 83' lang='lat' dir='ltr'>infirmantur</span> <span class='ocrx_word' id='word_1_88' title='bbox 1324 960 1366 1000; x_wconf 87' lang='lat' dir='ltr'>in</span> <span class='ocrx_word' id='word_1_89' title='bbox 1387 960 1484 1008; x_wconf 82' lang='lat' dir='ltr'>fide,</span> <span class='ocrx_word' id='word_1_90' title='bbox 1521 958 1613 1014; x_wconf 88' lang='lat' dir='ltr'>quis</span> 
     </span>
     <span class='ocr_line' id='line_1_12' title="bbox 190 1035 1612 1094; baseline -0.004 -15"><span class='ocrx_word' id='word_1_91' title='bbox 190 1039 313 1080; x_wconf 85' lang='lat' dir='ltr'>etiam</span> <span class='ocrx_word' id='word_1_92' title='bbox 358 1038 408 1079; x_wconf 91' lang='lat' dir='ltr'>sit</span> <span class='ocrx_word' id='word_1_93' title='bbox 449 1038 566 1079; x_wconf 83' lang='lat' dir='ltr'>cibus</span> <span class='ocrx_word' id='word_1_94' title='bbox 603 1038 764 1079; x_wconf 88' lang='lat' dir='ltr'>solidus</span> <span class='ocrx_word' id='word_1_95' title='bbox 807 1050 846 1079; x_wconf 88' lang='lat' dir='ltr'>et</span> <span class='ocrx_word' id='word_1_96' title='bbox 882 1039 1022 1087; x_wconf 85' lang='lat' dir='ltr'>sortis,</span> <span class='ocrx_word' id='word_1_97' title='bbox 1071 1055 1156 1094; x_wconf 90' lang='lat' dir='ltr'>quo</span> <span class='ocrx_word' id='word_1_98' title='bbox 1199 1037 1494 1094; x_wconf 79' lang='lat' dir='ltr'>impinguandi</span> <span class='ocrx_word' id='word_1_99' title='bbox 1531 1035 1612 1076; x_wconf 87' lang='lat' dir='ltr'>sint</span> 
     </span>
     <span class='ocr_line' id='line_1_13' title="bbox 191 1112 1613 1172; baseline -0.003 -15"><span class='ocrx_word' id='word_1_100' title='bbox 191 1116 372 1157; x_wconf 75' lang='lat' dir='ltr'>athletae</span> <span class='ocrx_word' id='word_1_101' title='bbox 405 1113 578 1156; x_wconf 81' lang='lat' dir='ltr'>Christi:</span> <span class='ocrx_word' id='word_1_102' title='bbox 621 1113 692 1169; x_wconf 88' lang='lat' dir='ltr'>qui</span> <span class='ocrx_word' id='word_1_103' title='bbox 731 1114 835 1155; x_wconf 86' lang='lat' dir='ltr'>haec</span> <span class='ocrx_word' id='word_1_104' title='bbox 873 1115 1034 1166; x_wconf 84' lang='lat' dir='ltr'>singula</span> <span class='ocrx_word' id='word_1_105' title='bbox 1065 1115 1182 1156; x_wconf 89' lang='lat' dir='ltr'>novit</span> <span class='ocrx_word' id='word_1_106' title='bbox 1211 1115 1417 1172; x_wconf 78' lang='lat' dir='ltr'>spirituali</span> <span class='ocrx_word' id='word_1_107' title='bbox 1447 1112 1613 1155; x_wconf 85' lang='lat' dir='ltr'>ratione</span> 
     </span>
     <span class='ocr_line' id='line_1_14' title="bbox 189 1189 1612 1247; baseline -0.003 -14"><span class='ocrx_word' id='word_1_108' title='bbox 189 1194 388 1243; x_wconf 82' lang='lat' dir='ltr'>dividere,</span> <span class='ocrx_word' id='word_1_109' title='bbox 416 1202 555 1247; x_wconf 87' lang='lat' dir='ltr'>potest</span> <span class='ocrx_word' id='word_1_110' title='bbox 584 1190 830 1247; x_wconf 85' lang='lat' dir='ltr'>hujusmodi</span> <span class='ocrx_word' id='word_1_111' title='bbox 862 1193 1016 1233; x_wconf 90' lang='lat' dir='ltr'>doctor</span> <span class='ocrx_word' id='word_1_112' title='bbox 1045 1192 1116 1233; x_wconf 89' lang='lat' dir='ltr'>ille</span> <span class='ocrx_word' id='word_1_113' title='bbox 1143 1193 1340 1234; x_wconf 84' lang='lat' dir='ltr'>sacerdos</span> <span class='ocrx_word' id='word_1_114' title='bbox 1366 1191 1510 1240; x_wconf 84' lang='lat' dir='ltr'>videri,</span> <span class='ocrx_word' id='word_1_115' title='bbox 1539 1189 1612 1246; x_wconf 88' lang='lat' dir='ltr'>qui</span> 
     </span>
     <span class='ocr_line' id='line_1_15' title="bbox 186 1268 1610 1326; baseline -0.004 -14"><span class='ocrx_word' id='word_1_116' title='bbox 186 1270 371 1326; x_wconf 84' lang='lat' dir='ltr'>imponit</span> <span class='ocrx_word' id='word_1_117' title='bbox 400 1286 529 1326; x_wconf 85' lang='lat' dir='ltr'>super</span> <span class='ocrx_word' id='word_1_118' title='bbox 566 1269 697 1308; x_wconf 85' lang='lat' dir='ltr'>altare</span> <span class='ocrx_word' id='word_1_119' title='bbox 734 1269 1029 1311; x_wconf 84' lang='lat' dir='ltr'>holocaustum</span> <span class='ocrx_word' id='word_1_120' title='bbox 1070 1286 1149 1325; x_wconf 83' lang='lat' dir='ltr'>per</span> <span class='ocrx_word' id='word_1_121' title='bbox 1186 1271 1377 1312; x_wconf 84' lang='lat' dir='ltr'>membra</span> <span class='ocrx_word' id='word_1_122' title='bbox 1420 1268 1610 1309; x_wconf 83' lang='lat' dir='ltr'>divisum.</span> 
     </span>
     <span class='ocr_line' id='line_1_16' title="bbox 189 1344 1610 1400; baseline -0.003 -12"><span class='ocrx_word' id='word_1_123' title='bbox 189 1346 321 1388; x_wconf 83' lang='lat' dir='ltr'>Addit</span> <span class='ocrx_word' id='word_1_124' title='bbox 349 1358 387 1386; x_wconf 87' lang='lat' dir='ltr'>et</span> <span class='ocrx_word' id='word_1_125' title='bbox 416 1346 529 1397; x_wconf 83' lang='lat' dir='ltr'>ligna</span> <span class='ocrx_word' id='word_1_126' title='bbox 561 1344 706 1395; x_wconf 83' lang='lat' dir='ltr'>altari,</span> <span class='ocrx_word' id='word_1_127' title='bbox 746 1362 832 1400; x_wconf 93' lang='lat' dir='ltr'>quo</span> <span class='ocrx_word' id='word_1_128' title='bbox 864 1347 970 1397; x_wconf 83' lang='lat' dir='ltr'>ignis</span> <span class='ocrx_word' id='word_1_129' title='bbox 999 1348 1221 1398; x_wconf 82' lang='lat' dir='ltr'>animetur,</span> <span class='ocrx_word' id='word_1_130' title='bbox 1253 1359 1293 1389; x_wconf 84' lang='lat' dir='ltr'>et</span> <span class='ocrx_word' id='word_1_131' title='bbox 1323 1347 1480 1397; x_wconf 71' lang='lat' dir='ltr'>ardeat,</span> <span class='ocrx_word' id='word_1_132' title='bbox 1510 1345 1555 1393; x_wconf 87' lang='lat' dir='ltr'>is,</span> <span class='ocrx_word' id='word_1_133' title='bbox 1588 1361 1610 1384; x_wconf 86' lang='lat' dir='ltr'>a</span> 
     </span>
     <span class='ocr_line' id='line_1_17' title="bbox 191 1422 1611 1480; baseline -0.001 -16"><span class='ocrx_word' id='word_1_134' title='bbox 191 1441 277 1480; x_wconf 86' lang='lat' dir='ltr'>quo</span> <span class='ocrx_word' id='word_1_135' title='bbox 316 1439 405 1464; x_wconf 88' lang='lat' dir='ltr'>non</span> <span class='ocrx_word' id='word_1_136' title='bbox 445 1424 585 1464; x_wconf 89' lang='lat' dir='ltr'>solum</span> <span class='ocrx_word' id='word_1_137' title='bbox 626 1423 679 1463; x_wconf 87' lang='lat' dir='ltr'>de</span> <span class='ocrx_word' id='word_1_138' title='bbox 718 1423 1017 1478; x_wconf 86' lang='lat' dir='ltr'>corporalibus</span> <span class='ocrx_word' id='word_1_139' title='bbox 1055 1424 1276 1466; x_wconf 76' lang='lat' dir='ltr'>virtutibus</span> <span class='ocrx_word' id='word_1_140' title='bbox 1321 1423 1494 1472; x_wconf 84' lang='lat' dir='ltr'>Christi,</span> <span class='ocrx_word' id='word_1_141' title='bbox 1536 1422 1611 1462; x_wconf 84' lang='lat' dir='ltr'>sed</span> 
     </span>
     <span class='ocr_line' id='line_1_18' title="bbox 188 1497 1611 1555; baseline -0.002 -13"><span class='ocrx_word' id='word_1_142' title='bbox 188 1502 313 1542; x_wconf 84' lang='lat' dir='ltr'>etiam</span> <span class='ocrx_word' id='word_1_143' title='bbox 345 1501 398 1540; x_wconf 87' lang='lat' dir='ltr'>de</span> <span class='ocrx_word' id='word_1_144' title='bbox 429 1498 645 1540; x_wconf 84' lang='lat' dir='ltr'>divinitate</span> <span class='ocrx_word' id='word_1_145' title='bbox 671 1497 762 1555; x_wconf 84' lang='lat' dir='ltr'>ejus</span> <span class='ocrx_word' id='word_1_146' title='bbox 792 1517 932 1542; x_wconf 90' lang='lat' dir='ltr'>sermo</span> <span class='ocrx_word' id='word_1_147' title='bbox 963 1502 1175 1543; x_wconf 88' lang='lat' dir='ltr'>miscetur.</span> <span class='ocrx_word' id='word_1_148' title='bbox 1229 1499 1466 1542; x_wconf 88' lang='lat' dir='ltr'>Desursum</span> <span class='ocrx_word' id='word_1_149' title='bbox 1498 1499 1611 1540; x_wconf 87' lang='lat' dir='ltr'>enim</span> 
     </span>
     <span class='ocr_line' id='line_1_19' title="bbox 187 1575 1614 1632; baseline -0.001 -13"><span class='ocrx_word' id='word_1_150' title='bbox 187 1589 248 1620; x_wconf 88' lang='lat' dir='ltr'>est</span> <span class='ocrx_word' id='word_1_151' title='bbox 272 1576 471 1618; x_wconf 63' lang='lat' dir='ltr'>&#39;divinitas</span> <span class='ocrx_word' id='word_1_152' title='bbox 505 1575 682 1629; x_wconf 78' lang='lat' dir='ltr'>Christi,</span> <span class='ocrx_word' id='word_1_153' title='bbox 728 1592 813 1632; x_wconf 87' lang='lat' dir='ltr'>quo</span> <span class='ocrx_word' id='word_1_154' title='bbox 857 1576 961 1630; x_wconf 84' lang='lat' dir='ltr'>ignis</span> <span class='ocrx_word' id='word_1_155' title='bbox 990 1577 1066 1620; x_wconf 88' lang='lat' dir='ltr'>iste</span> <span class='ocrx_word' id='word_1_156' title='bbox 1095 1577 1273 1622; x_wconf 81' lang='lat' dir='ltr'>festinat.</span> <span class='ocrx_word' id='word_1_157' title='bbox 1344 1577 1614 1619; x_wconf 81' lang='lat' dir='ltr'>Convenien-</span> 
     </span>
     <span class='ocr_line' id='line_1_20' title="bbox 187 1654 1612 1711; baseline -0.001 -15"><span class='ocrx_word' id='word_1_158' title='bbox 187 1668 251 1697; x_wconf 86' lang='lat' dir='ltr'>ter</span> <span class='ocrx_word' id='word_1_159' title='bbox 281 1669 380 1707; x_wconf 84' lang='lat' dir='ltr'>ergo</span> <span class='ocrx_word' id='word_1_160' title='bbox 414 1654 558 1695; x_wconf 84' lang='lat' dir='ltr'>omnia</span> <span class='ocrx_word' id='word_1_161' title='bbox 589 1654 714 1703; x_wconf 85' lang='lat' dir='ltr'>haec,</span> <span class='ocrx_word' id='word_1_162' title='bbox 761 1670 869 1709; x_wconf 87' lang='lat' dir='ltr'>quae</span> <span class='ocrx_word' id='word_1_163' title='bbox 898 1655 943 1696; x_wconf 86' lang='lat' dir='ltr'>in</span> <span class='ocrx_word' id='word_1_164' title='bbox 984 1672 1169 1711; x_wconf 84' lang='lat' dir='ltr'>corpore</span> <span class='ocrx_word' id='word_1_165' title='bbox 1200 1672 1222 1697; x_wconf 85' lang='lat' dir='ltr'>a</span> <span class='ocrx_word' id='word_1_166' title='bbox 1255 1657 1472 1698; x_wconf 83' lang='lat' dir='ltr'>Salvatore</span> <span class='ocrx_word' id='word_1_167' title='bbox 1502 1665 1612 1707; x_wconf 82' lang='lat' dir='ltr'>gesta</span> 
     </span>
     <span class='ocr_line' id='line_1_21' title="bbox 188 1729 1611 1790; baseline 0.001 -17"><span class='ocrx_word' id='word_1_168' title='bbox 188 1744 299 1781; x_wconf 87' lang='lat' dir='ltr'>sunt,</span> <span class='ocrx_word' id='word_1_169' title='bbox 329 1731 518 1772; x_wconf 81' lang='lat' dir='ltr'>coelestis</span> <span class='ocrx_word' id='word_1_170' title='bbox 548 1729 653 1782; x_wconf 84' lang='lat' dir='ltr'>ignis</span> <span class='ocrx_word' id='word_1_171' title='bbox 684 1730 959 1786; x_wconf 81' lang='lat' dir='ltr'>absumsit,³)</span> <span class='ocrx_word' id='word_1_172' title='bbox 999 1743 1039 1773; x_wconf 89' lang='lat' dir='ltr'>et</span> <span class='ocrx_word' id='word_1_173' title='bbox 1076 1733 1130 1773; x_wconf 86' lang='lat' dir='ltr'>ad</span> <span class='ocrx_word' id='word_1_174' title='bbox 1161 1733 1385 1774; x_wconf 84' lang='lat' dir='ltr'>divinitatis</span> <span class='ocrx_word' id='word_1_175' title='bbox 1418 1732 1504 1790; x_wconf 89' lang='lat' dir='ltr'>ejus</span> <span class='ocrx_word' id='word_1_176' title='bbox 1535 1749 1611 1774; x_wconf 85' lang='lat' dir='ltr'>na-</span> 
     </span>
     <span class='ocr_line' id='line_1_22' title="bbox 188 1806 1612 1862; baseline 0 -13"><span class='ocrx_word' id='word_1_177' title='bbox 188 1821 328 1849; x_wconf 83' lang='lat' dir='ltr'>turam</span> <span class='ocrx_word' id='word_1_178' title='bbox 357 1818 507 1848; x_wconf 74' lang='lat' dir='ltr'>cuncta</span> <span class='ocrx_word' id='word_1_179' title='bbox 545 1806 737 1849; x_wconf 86' lang='lat' dir='ltr'>restituit.</span> <span class='ocrx_word' id='word_1_180' title='bbox 802 1807 942 1859; x_wconf 83' lang='lat' dir='ltr'>Lignis</span> <span class='ocrx_word' id='word_1_181' title='bbox 980 1819 1124 1850; x_wconf 85' lang='lat' dir='ltr'>tamen</span> <span class='ocrx_word' id='word_1_182' title='bbox 1165 1809 1363 1851; x_wconf 83' lang='lat' dir='ltr'>adhibitis</span> <span class='ocrx_word' id='word_1_183' title='bbox 1403 1808 1506 1862; x_wconf 84' lang='lat' dir='ltr'>ignis</span> <span class='ocrx_word' id='word_1_184' title='bbox 1535 1809 1612 1852; x_wconf 87' lang='lat' dir='ltr'>iste</span> 
     </span>
     <span class='ocr_line' id='line_1_23' title="bbox 189 1883 1607 1940; baseline -0.001 -14"><span class='ocrx_word' id='word_1_185' title='bbox 189 1884 473 1926; x_wconf 87' lang='lat' dir='ltr'>succenditur.</span> <span class='ocrx_word' id='word_1_186' title='bbox 535 1883 699 1939; x_wconf 88' lang='lat' dir='ltr'>Usque-</span> <span class='ocrx_word' id='word_1_187' title='bbox 727 1884 782 1924; x_wconf 81' lang='lat' dir='ltr'>ad</span> <span class='ocrx_word' id='word_1_188' title='bbox 819 1883 981 1935; x_wconf 86' lang='lat' dir='ltr'>lignum</span> <span class='ocrx_word' id='word_1_189' title='bbox 1023 1884 1136 1926; x_wconf 85' lang='lat' dir='ltr'>enim</span> <span class='ocrx_word' id='word_1_190' title='bbox 1167 1884 1272 1940; x_wconf 67' lang='lat' dir='ltr'>in4)</span> <span class='ocrx_word' id='word_1_191' title='bbox 1314 1902 1440 1927; x_wconf 82' lang='lat' dir='ltr'>carne</span> <span class='ocrx_word' id='word_1_192' title='bbox 1469 1884 1607 1940; x_wconf 82' lang='lat' dir='ltr'>passio</span> 
     </span>
     <span class='ocr_line' id='line_1_24' title="bbox 187 1959 1608 2017; baseline 0.001 -16"><span class='ocrx_word' id='word_1_193' title='bbox 187 1961 268 2002; x_wconf 78' lang='lat' dir='ltr'>suit</span> <span class='ocrx_word' id='word_1_194' title='bbox 299 1959 467 2001; x_wconf 85' lang='lat' dir='ltr'>Christi.</span> <span class='ocrx_word' id='word_1_195' title='bbox 529 1959 618 2002; x_wconf 89' lang='lat' dir='ltr'>Ubi</span> <span class='ocrx_word' id='word_1_196' title='bbox 657 1972 798 2002; x_wconf 85' lang='lat' dir='ltr'>autem</span> <span class='ocrx_word' id='word_1_197' title='bbox 837 1978 1063 2017; x_wconf 89' lang='lat' dir='ltr'>suspensus</span> <span class='ocrx_word' id='word_1_198' title='bbox 1093 1962 1138 2003; x_wconf 83' lang='lat' dir='ltr'>in</span> <span class='ocrx_word' id='word_1_199' title='bbox 1169 1963 1285 2014; x_wconf 82' lang='lat' dir='ltr'>ligno</span> <span class='ocrx_word' id='word_1_200' title='bbox 1319 1974 1395 2011; x_wconf 89' lang='lat' dir='ltr'>cst,</span> <span class='ocrx_word' id='word_1_201' title='bbox 1437 1961 1608 2016; x_wconf 89' lang='lat' dir='ltr'>dispen-</span> 
     </span>
     <span class='ocr_line' id='line_1_25' title="bbox 186 2036 1609 2090; baseline 0.001 -13"><span class='ocrx_word' id='word_1_202' title='bbox 186 2038 293 2079; x_wconf 77' lang='lat' dir='ltr'>satio</span> <span class='ocrx_word' id='word_1_203' title='bbox 327 2036 459 2077; x_wconf 88' lang='lat' dir='ltr'>carnis</span> <span class='ocrx_word' id='word_1_204' title='bbox 488 2037 608 2078; x_wconf 81' lang='lat' dir='ltr'>finita</span> <span class='ocrx_word' id='word_1_205' title='bbox 639 2049 709 2080; x_wconf 84' lang='lat' dir='ltr'>est.</span> <span class='ocrx_word' id='word_1_206' title='bbox 766 2038 1004 2090; x_wconf 81' lang='lat' dir='ltr'>Resurgens</span> <span class='ocrx_word' id='word_1_207' title='bbox 1030 2040 1141 2080; x_wconf 86' lang='lat' dir='ltr'>enim</span> <span class='ocrx_word' id='word_1_208' title='bbox 1173 2056 1196 2079; x_wconf 87' lang='lat' dir='ltr'>a</span> <span class='ocrx_word' id='word_1_209' title='bbox 1225 2040 1402 2080; x_wconf 86' lang='lat' dir='ltr'>mortuis</span> <span class='ocrx_word' id='word_1_210' title='bbox 1433 2040 1609 2079; x_wconf 83' lang='lat' dir='ltr'>adscen-</span> 
     </span>
     <span class='ocr_line' id='line_1_26' title="bbox 187 2115 1609 2173; baseline 0 -18"><span class='ocrx_word' id='word_1_211' title='bbox 187 2115 249 2156; x_wconf 85' lang='lat' dir='ltr'>dit</span> <span class='ocrx_word' id='word_1_212' title='bbox 276 2116 320 2155; x_wconf 86' lang='lat' dir='ltr'>in</span> <span class='ocrx_word' id='word_1_213' title='bbox 352 2116 533 2164; x_wconf 80' lang='lat' dir='ltr'>coelum,</span> <span class='ocrx_word' id='word_1_214' title='bbox 564 2130 651 2170; x_wconf 86' lang='lat' dir='ltr'>quo</span> <span class='ocrx_word' id='word_1_215' title='bbox 681 2115 761 2156; x_wconf 88' lang='lat' dir='ltr'>iter</span> <span class='ocrx_word' id='word_1_216' title='bbox 791 2115 877 2173; x_wconf 86' lang='lat' dir='ltr'>ejus</span> <span class='ocrx_word' id='word_1_217' title='bbox 909 2128 1060 2157; x_wconf 84' lang='lat' dir='ltr'>natura</span> <span class='ocrx_word' id='word_1_218' title='bbox 1089 2115 1193 2168; x_wconf 82' lang='lat' dir='ltr'>ignis</span> <span class='ocrx_word' id='word_1_219' title='bbox 1227 2116 1424 2158; x_wconf 86' lang='lat' dir='ltr'>ostendit.</span> <span class='ocrx_word' id='word_1_220' title='bbox 1481 2115 1609 2155; x_wconf 88' lang='lat' dir='ltr'>Unde</span> 
     </span>
     <span class='ocr_line' id='line_1_27' title="bbox 189 2192 1607 2248; baseline 0.001 -17"><span class='ocrx_word' id='word_1_221' title='bbox 189 2204 228 2232; x_wconf 87' lang='lat' dir='ltr'>et</span> <span class='ocrx_word' id='word_1_222' title='bbox 259 2192 495 2248; x_wconf 89' lang='lat' dir='ltr'>Apostolus</span> <span class='ocrx_word' id='word_1_223' title='bbox 528 2192 707 2241; x_wconf 79' lang='lat' dir='ltr'>dicebat,</span> <span class='ocrx_word' id='word_1_224' title='bbox 739 2192 836 2247; x_wconf 87' lang='lat' dir='ltr'>quia</span> <span class='ocrx_word' id='word_1_225' title='bbox 865 2193 992 2246; x_wconf 87' lang='lat' dir='ltr'>„et⁵)</span> <span class='ocrx_word' id='word_1_226' title='bbox 1021 2193 1054 2234; x_wconf 86' lang='lat' dir='ltr'>si</span> <span class='ocrx_word' id='word_1_227' title='bbox 1087 2192 1360 2245; x_wconf 81' lang='lat' dir='ltr'>cognovimus</span> <span class='ocrx_word' id='word_1_228' title='bbox 1392 2192 1607 2234; x_wconf 82' lang='lat' dir='ltr'>Christum</span> 
     </span>
    </p>
   </div>
   <div class='ocr_carea' id='block_1_3' title="bbox 185 2267 1607 2326">
    <p class='ocr_par' dir='ltr' id='par_1_3' title="bbox 185 2267 1607 2326">
     <span class='ocr_line' id='line_1_28' title="bbox 185 2267 1607 2326; baseline 0 -17"><span class='ocrx_word' id='word_1_229' title='bbox 185 2272 421 2311; x_wconf 80' lang='lat' dir='ltr'>secundum</span> <span class='ocrx_word' id='word_1_230' title='bbox 454 2285 647 2319; x_wconf 88' lang='lat' dir='ltr'>carnem,</span> <span class='ocrx_word' id='word_1_231' title='bbox 686 2271 760 2310; x_wconf 86' lang='lat' dir='ltr'>sed</span> <span class='ocrx_word' id='word_1_232' title='bbox 788 2285 903 2311; x_wconf 86' lang='lat' dir='ltr'>nunc</span> <span class='ocrx_word' id='word_1_233' title='bbox 932 2267 1018 2326; x_wconf 84' lang='lat' dir='ltr'>jam</span> <span class='ocrx_word' id='word_1_234' title='bbox 1046 2287 1137 2312; x_wconf 89' lang='lat' dir='ltr'>non</span> <span class='ocrx_word' id='word_1_235' title='bbox 1168 2271 1401 2313; x_wconf 78' lang='lat' dir='ltr'>novimus.“</span> <span class='ocrx_word' id='word_1_236' title='bbox 1468 2270 1607 2311; x_wconf 73' lang='lat' dir='ltr'>Holo-</span> 
     </span>
    </p>
   </div>
   <div class='ocr_carea' id='block_1_4' title="bbox 307 2445 850 2494">
    <p class='ocr_par' dir='ltr' id='par_1_4' title="bbox 307 2445 850 2494">
     <span class='ocr_line' id='line_1_29' title="bbox 307 2445 850 2494; baseline 0.004 -9"><span class='ocrx_word' id='word_1_237' title='bbox 307 2445 350 2494; x_wconf 66' lang='grc' dir='ltr'>Ι)</span> <span class='ocrx_word' id='word_1_238' title='bbox 377 2445 486 2486; x_wconf 87' lang='lat' dir='ltr'>Edd.</span> <span class='ocrx_word' id='word_1_239' title='bbox 517 2445 711 2487; x_wconf 80' lang='lat' dir='ltr'>Merlini:</span> <span class='ocrx_word' id='word_1_240' title='bbox 741 2457 850 2487; x_wconf 86' lang='lat' dir='ltr'>sunt.</span> 
     </span>
    </p>
   </div>
   <div class='ocr_carea' id='block_1_5' title="bbox 186 2513 1606 2756">
    <p class='ocr_par' dir='ltr' id='par_1_5' title="bbox 186 2513 1606 2677">
     <span class='ocr_line' id='line_1_30' title="bbox 304 2513 1606 2570; baseline -0.001 -15"><span class='ocrx_word' id='word_1_241' title='bbox 304 2513 350 2563; x_wconf 75' lang='lat'>²)</span> <span class='ocrx_word' id='word_1_242' title='bbox 383 2514 492 2559; x_wconf 89' lang='lat' dir='ltr'>Cod.</span> <span class='ocrx_word' id='word_1_243' title='bbox 523 2516 819 2568; x_wconf 81' lang='lat' dir='ltr'>Sangerman.:</span> <span class='ocrx_word' id='word_1_244' title='bbox 859 2516 1145 2567; x_wconf 75' lang='lat' dir='ltr'>,‚reficiendi.“</span> <span class='ocrx_word' id='word_1_245' title='bbox 1203 2514 1317 2557; x_wconf 87' lang='lat' dir='ltr'>Libri</span> <span class='ocrx_word' id='word_1_246' title='bbox 1349 2513 1447 2555; x_wconf 82' lang='lat' dir='ltr'>editi</span> <span class='ocrx_word' id='word_1_247' title='bbox 1478 2515 1535 2570; x_wconf 83' lang='lat' dir='ltr'>(e.</span> <span class='ocrx_word' id='word_1_248' title='bbox 1570 2531 1606 2560; x_wconf 77' lang='lat' dir='ltr'>c,</span> 
     </span>
     <span class='ocr_line' id='line_1_31' title="bbox 187 2568 1603 2624; baseline 0.001 -14"><span class='ocrx_word' id='word_1_249' title='bbox 187 2570 282 2611; x_wconf 87' lang='lat' dir='ltr'>edd.</span> <span class='ocrx_word' id='word_1_250' title='bbox 315 2568 421 2624; x_wconf 84' lang='lat' dir='ltr'><strong>M.):</strong></span> <span class='ocrx_word' id='word_1_251' title='bbox 451 2574 741 2620; x_wconf 82' lang='lat' dir='ltr'>„refovendi.“</span> <span class='ocrx_word' id='word_1_252' title='bbox 815 2573 954 2615; x_wconf 87' lang='lat' dir='ltr'>Codd.</span> <span class='ocrx_word' id='word_1_253' title='bbox 989 2572 1193 2615; x_wconf 79' lang='lat' dir='ltr'>Gemetic.</span> <span class='ocrx_word' id='word_1_254' title='bbox 1237 2583 1275 2612; x_wconf 87' lang='lat' dir='ltr'>et</span> <span class='ocrx_word' id='word_1_255' title='bbox 1306 2570 1603 2613; x_wconf 79' lang='lat' dir='ltr'>Cadomensis:</span> 
     </span>
     <span class='ocr_line' id='line_1_32' title="bbox 186 2627 506 2677; baseline 0 -11"><span class='ocrx_word' id='word_1_256' title='bbox 186 2627 426 2677; x_wconf 75' lang='lat' dir='ltr'>,‚love11di.“</span> <span class='ocrx_word' id='word_1_257' title='bbox 455 2627 506 2667; x_wconf 83' lang='lat' dir='ltr'>R.</span> 
     </span>
    </p>

    <p class='ocr_par' dir='ltr' id='par_1_6' title="bbox 299 2694 1210 2756">
     <span class='ocr_line' id='line_1_33' title="bbox 299 2694 1210 2756; baseline 0.011 -23"><span class='ocrx_word' id='word_1_258' title='bbox 299 2694 345 2747; x_wconf 84' lang='lat'>3)</span> <span class='ocrx_word' id='word_1_259' title='bbox 375 2695 486 2735; x_wconf 85' lang='lat' dir='ltr'>Edd.</span> <span class='ocrx_word' id='word_1_260' title='bbox 517 2696 689 2739; x_wconf 86' lang='lat' dir='ltr'>Merlini</span> <span class='ocrx_word' id='word_1_261' title='bbox 719 2715 965 2756; x_wconf 84' lang='lat' dir='ltr'>perperam:</span> <span class='ocrx_word' id='word_1_262' title='bbox 997 2698 1210 2743; x_wconf 80' lang='lat' dir='ltr'>adsumsit.</span> 
     </span>
    </p>
   </div>
   <div class='ocr_carea' id='block_1_6' title="bbox 297 2764 1600 2822">
    <p class='ocr_par' dir='ltr' id='par_1_7' title="bbox 297 2764 1600 2822">
     <span class='ocr_line' id='line_1_34' title="bbox 297 2764 1600 2822; baseline 0.002 -18"><span class='ocrx_word' id='word_1_263' title='bbox 297 2764 343 2818; x_wconf 76' lang='lat'>⁴²)</span> <span class='ocrx_word' id='word_1_264' title='bbox 376 2764 538 2806; x_wconf 81' lang='lat' dir='ltr'>Omnes</span> <span class='ocrx_word' id='word_1_265' title='bbox 578 2767 700 2809; x_wconf 88' lang='lat' dir='ltr'>Mss.:</span> <span class='ocrx_word' id='word_1_266' title='bbox 731 2770 803 2822; x_wconf 80' lang='lat' dir='ltr'>„in</span> <span class='ocrx_word' id='word_1_267' title='bbox 843 2775 1009 2814; x_wconf 56' lang='grc' dir='ltr'>σαι-υθέ(</span> <span class='ocrx_word' id='word_1_268' title='bbox 1068 2768 1184 2809; x_wconf 85' lang='lat' dir='ltr'>Libri</span> <span class='ocrx_word' id='word_1_269' title='bbox 1216 2767 1317 2809; x_wconf 83' lang='lat' dir='ltr'>editi</span> <span class='ocrx_word' id='word_1_270' title='bbox 1347 2768 1404 2821; x_wconf 80' lang='lat' dir='ltr'>(v.</span> <span class='ocrx_word' id='word_1_271' title='bbox 1438 2784 1472 2807; x_wconf 83' lang='lat' dir='ltr'>c.</span> <span class='ocrx_word' id='word_1_272' title='bbox 1506 2768 1600 2807; x_wconf 70' lang='lat' dir='ltr'>edd.</span> 
     </span>
    </p>
   </div>
   <div class='ocr_carea' id='block_1_7' title="bbox 182 2820 721 2944">
    <p class='ocr_par' dir='ltr' id='par_1_8' title="bbox 182 2820 721 2944">
     <span class='ocr_line' id='line_1_35' title="bbox 182 2820 601 2875; baseline 0.005 -14"><span class='ocrx_word' id='word_1_273' title='bbox 182 2820 287 2875; x_wconf 78' lang='grc' dir='ltr'>Μ.&gt;;</span> <span class='ocrx_word' id='word_1_274' title='bbox 318 2825 522 2873; x_wconf 86' lang='lat' dir='ltr'>‚,carnis.“</span> <span class='ocrx_word' id='word_1_275' title='bbox 551 2823 601 2863; x_wconf 86' lang='lat' dir='ltr'>R.</span> 
     </span>
     <span class='ocr_line' id='line_1_36' title="bbox 301 2890 721 2944; baseline 0.007 -14"><span class='ocrx_word' id='word_1_276' title='bbox 301 2890 344 2944; x_wconf 83' lang='lat'><em>)</em></span> <span class='ocrx_word' id='word_1_277' title='bbox 375 2891 412 2931; x_wconf 86' lang='grc' dir='ltr'>ΙΙ</span> <span class='ocrx_word' id='word_1_278' title='bbox 446 2890 544 2933; x_wconf 91' lang='lat' dir='ltr'>Cor.</span> <span class='ocrx_word' id='word_1_279' title='bbox 576 2893 627 2942; x_wconf 82' lang='lat' dir='ltr'>V,</span> <span class='ocrx_word' id='word_1_280' title='bbox 659 2893 721 2937; x_wconf 83' lang='lat'>16.</span> 
     </span>
    </p>
   </div>
  </div>
 </body>
</html>
