1752 3136
442 127 490 158 m
518 112 721 157 Exonmu
751 111 954 156 Humum
978 113 1055 157 XI.
1391 120 1474 164 129

55 243 133 279 res,
164 225 323 268 animas
341 225 385 282 ι)
412 225 667 281 insipientes,
694 235 830 280 ponat
859 224 1045 267 animam
1071 242 1153 283 pro
1184 225 1338 280 anima,
1368 246 1474 271 ocu-

54 305 144 346 lum
174 320 255 359 pro
289 303 439 354 oculo,
486 304 654 343 dentem
684 316 765 356 pro
797 301 936 342 dente.
1009 301 1134 345 Tales
1170 316 1268 347 sunt
1305 317 1347 348 et
1373 306 1473 348 illae

55 381 236 431 animae,
268 396 369 435 quas
401 378 524 420 etiam
554 375 768 418 Dominus
798 377 844 419 in
865 378 1081 432 evangelio
1106 382 1246 435 deflet,
1278 399 1377 424 cum
1406 382 1473 426 di-

55 457 130 498 cit:
174 473 273 508 „vae
289 456 334 511 ²)
370 454 719 511 praegnantibus,
767 464 808 495 et
847 454 1131 500 nutrientibus
1169 458 1214 501 in
1256 459 1338 503 illis
1377 459 1471 503 die-

2 575 12 580 ,
51 535 174 585 bus‚“
202 533 247 574 in
276 531 427 588 quibus
456 530 869 581 scandalizabuntur,
898 531 994 588 si3)
1023 534 1143 583 „fieri
1161 547 1314 592 potest,
1344 536 1472 580 etiam

52 608 209 651 electi.“
264 606 494 650 Sciendum
525 619 667 649 tamen
700 619 781 658 est,
822 610 942 665 quod
970 626 1062 652 non
1093 622 1150 654 est
1177 614 1470 669 perfectorum

50 684 342 734 scandalizari,
372 685 446 726 sed
477 696 548 726 aut
576 684 828 736 mulierum,
859 697 932 727 aut
960 687 1263 742 parvulorum,
1291 688 1400 731 sicut
1429 701 1470 732 et

48 761 262 803 Dominus
301 760 346 802 in
385 760 600 813 evangelio
646 762 768 804 dicit:
814 761 938 817 ‚‚si⁴)
989 763 1080 818 quis
1122 766 1470 809 scandalizaverit

47 855 182 881 unum
212 838 264 879 de
293 837 453 893 pusillis
483 838 568 879 istis
600 837 824 880 minimis.⁴‘
881 838 1065 881 Pusillus
1095 856 1194 893 ergo
1227 853 1298 890 est,
1329 853 1368 883 et
1385 842 1470 884 mi·

47 915 203 964 nimus,
233 916 306 970 qui
335 913 608 956 scandalizari
636 926 796 971 potest:
839 915 1091 971 „spiritualis
1107 916 1152 972 ⁵)
1183 929 1324 959 autem
1355 917 1468 976 diju-

8 1004 10 1006 “
49 992 143 1034 dica
174 990 318 1033 omnia
334 995 371 1032 :“
404 990 548 1032 omnia
565 990 609 1046 ⁶)
639 992 807 1047 probat,
839 1004 879 1033 et
910 995 1028 1048 quod
1057 995 1224 1036 bonum
1256 1004 1330 1049 est,
1360 1011 1469 1037 con-

47 1069 174 1118 tinet,
214 1079 254 1109 et
283 1068 336 1109 ab
369 1066 486 1109 omni
515 1083 558 1109 se
588 1069 727 1123 specie
754 1069 866 1110 mala
897 1070 1090 1111 abstinet.
1156 1068 1297 1123 Haec,
1337 1083 1471 1127 prout

46 1144 234 1200 nobis7)
266 1160 490 1186 occurrere
518 1155 777 1201 potuerunt,
816 1145 861 1188 in
899 1147 1112 1203 praesenti
1142 1146 1330 1203 capitulo
1363 1147 1470 1189 dixi-

46 1239 153 1264 mus.
211 1221 442 1263 Poscamus
471 1238 572 1263 vero
604 1238 626 1263 a
657 1222 868 1273 Domino,
900 1235 959 1275 ut,
990 1241 1098 1280 quae
1127 1226 1316 1281 perfecta
1345 1225 1468 1277 fiunt,

45 1298 136 1355 ipse
164 1299 288 1341 nobis
318 1299 504 1340 revelare
534 1298 733 1352 dignetur
767 1316 844 1356 per
858 1299 905 1356 Θ)
945 1301 1091 1343 Jesum
1125 1301 1342 1344 Christum
1371 1302 1468 1343 Do-

45 1375 210 1418 minum
239 1387 458 1427 nostrum,
499 1376 565 1418 cui
605 1388 666 1418 est
703 1377 838 1431 gloria
878 1389 918 1419 et
955 1378 1184 1436 imperium
1224 1377 1269 1421 in
1300 1379 1468 1422 saecula

46 1454 324 1496 saeculorum.
365 1455 447 1494 Am
454 1469 505 1495 en
517 1451 525 1494 !

393 1823 948 1878 HOMILIA
1022 1828 1115 1878 XI.

49 1948 118 1990 De
148 1945 215 1989 siti
243 1947 396 2004 populi
426 1947 469 1990 in
501 1947 742 2005 Raplfidin,
784 1963 824 1993 et
862 1952 916 1993 de
944 1952 1061 1994 bello
1094 1949 1470 2002 Amalechitarum,

463 2036 504 2066 et
536 2027 589 2067 de
617 2027 856 2092 praesentia
887 2028 1051 2071 Jethro.

161 2150 200 2191 1.
230 2148 451 2205 Quoniam
483 2151 643 2203 omnis,
685 2153 759 2209 qui
796 2154 885 2195 vult
901 2153 946 2210 9)
983 2153 1054 2210 pie
1091 2153 1230 2197 vivere
1266 2153 1312 2195 in
1344 2153 1470 2196 Chri-

50 2236 129 2274 sto,
158 2226 500 2282 persecutionem
539 2230 722 2285 patitur,
776 2241 816 2271 et
865 2231 918 2271 ab
953 2230 1147 2273 hostibus
1186 2231 1474 2288 impugnatur,

8 2328 12 2334 ι
53 2318 174 2355 agens
203 2302 284 2344 iter
313 2304 422 2346 vitae
452 2303 578 2362 hujus
609 2322 778 2362 semper
806 2307 935 2348 debet
959 2322 1045 2349 esse
1064 2319 1267 2358 armatus,
1296 2320 1337 2350 et
1363 2320 1473 2351 stare

166 2427 210 2485 1)
244 2429 354 2470 Edd.
385 2430 582 2473 MerlinI:
614 2432 790 2474 animos.
910 2432 957 2488 2>
988 2432 1140 2475 Matth.
1169 2433 1331 2484 XXIV,
1362 2434 1428 2477 19.

163 2499 210 2554 3)
243 2498 330 2540 Cfr.
362 2499 514 2542 Matth.
545 2501 704 2551 XXIV,
733 2503 800 2545 24.
921 2501 966 2557 ⁴)
997 2503 1148 2545 Matth.
1178 2503 1339 2555 XVIII,
1369 2505 1408 2549 6.

165 2567 210 2622 ⁵)
242 2569 261 2608 I
293 2568 394 2611 Cor.
424 2570 478 2622 ll,
515 2571 583 2613 15.

165 2637 212 2692 ⁶)
242 2638 354 2680 Edd.
386 2639 583 2681 Merlini:
616 2652 656 2682 et
686 2642 832 2684 omnia
866 2653 944 2684 etc.

162 2706 209 2760 ⁷)
238 2707 370 2749 Deest
399 2709 579 2759 ,‚nobis“
609 2711 652 2752 in
686 2713 751 2753 ed.
782 2711 929 2754 Ruaei.

163 2775 209 2831 ⁸)
240 2776 351 2820 Edd.
388 2779 591 2822 Merlini:
622 2798 700 2837 per
734 2782 952 2827 Christum
981 2782 1141 2826 Jcsum.

167 2846 212 2900 ⁹)
244 2846 333 2889 Cfr.
365 2848 403 2888 Il
438 2848 551 2891 Tim.
581 2850 654 2902 III,
687 2855 751 2896 12.

53 2919 274 2966 Omossms
308 2923 483 2969 OPERA.
519 2926 638 2972 Tom.
671 2930 745 2973 IX.
1115 2931 1145 2973 9
