1752 3136
509 139 557 170 m
584 125 786 167 Exonum
816 122 1018 164 ΗοΜιιιΛ
1040 122 1120 165 XI.
1453 123 1536 169 139

98 240 268 283 'mentis
296 239 483 282 incurro.
523 236 640 278 Dicit
670 235 782 277 enim
813 233 1056 291 Scriptura:
1087 233 1216 290 ,‚et¹)
1249 233 1406 275 audivit
1433 234 1534 276 Μο-

119 336 180 361 ses
210 335 358 360 vocem
387 313 521 358 soceri
549 311 626 361 sui,
657 323 698 353 et
725 311 825 353 fecit
856 328 1137 368 quaecunque
1168 310 1272 353 dixit
1303 310 1380 353 ei.“
1433 311 1535 352 Non

121 395 234 444 dixit,
265 394 360 450 quia
398 391 502 432 mihi
539 389 658 430 Deus
695 389 908 445 loquitur,
958 402 997 431 et
1039 390 1142 445 quid
1182 404 1303 442 agere
1342 387 1536 437 debeam,

122 471 293 513 coelesti
332 471 387 511 ad
424 484 493 508 me
533 482 730 508 sermone
772 467 980 516 defertur,
1036 477 1076 507 et
1130 466 1356 522 quomodo
1397 463 1537 506 consi-

117 549 222 589 lium
260 549 312 588 ab
352 545 526 586 homine
565 542 791 599 accipiam,
834 554 876 584 et
904 543 956 583 ab
988 542 1165 584 homine
1195 542 1364 594 gentili,
1396 542 1535 582 alieno

118 641 142 665 a
170 624 335 680 populo
375 619 491 663 Dei?
552 620 638 662 Sed
678 619 797 661 audit
838 635 985 661 vocem
1020 618 1131 677 ejus,
1179 629 1220 660 et
1247 618 1348 660 facit
1379 617 1538 677 omnia,

118 717 227 757 quae
275 699 400 749 dicit,
448 709 488 740 et
535 714 628 739 non
679 696 771 752 qu'is
817 696 948 747 dicat,
999 698 1073 738 sed
1121 696 1225 752 quid
1272 695 1406 744 dicat,
1461 712 1536 736 au-

117 779 278 820 scultat.
372 776 503 817 Unde
550 786 591 816 et
637 790 739 825 nos,
781 772 815 815 si
863 775 974 832 forte
1013 772 1245 829 aliquando
1297 771 1536 814 invenimus

117 853 280 910 aliquid
333 853 545 909 sapienter
596 869 619 893 a
667 851 890 904 gentilibus
945 851 1127 900 dictum,
1187 866 1282 891 non
1328 851 1535 891 continuo

120 947 219 972 cum
249 929 434 972 auctoris
461 929 638 970 nomine
676 944 876 985 spernere
907 928 1111 969 debemus
1142 937 1184 967 et
1206 926 1328 975 dicta,
1348 943 1426 967 nee
1455 943 1538 981 pro

123 1024 189 1061 eo,
222 1008 342 1064 quod
370 1008 506 1059 legem
537 1023 560 1048 a
589 1006 686 1047 Deo
719 1006 862 1046 datam
891 1016 1104 1052 tenemus,
1135 1001 1334 1044 convenit
1364 1019 1443 1043 nos
1473 1014 1541 1043 tu-

119 1101 237 1127 mere
265 1084 483 1140 superbia,
525 1093 566 1124 et
594 1098 796 1138 spernere
826 1082 953 1123 verba
982 1078 1284 1137 prudentium,
1323 1080 1397 1120 sed
1435 1078 1541 1121 sicut

123 1162 353 1217 Apostolus
384 1159 502 1202 dicit:
544 1158 718 1212 „omnia
734 1157 780 1214 ²)
820 1159 1074 1215 probantes,
1123 1157 1242 1213 quod
1278 1158 1446 1198 bonum
1484 1167 1544 1198 est

118 1243 347 1279 tenentes.“
414 1236 522 1292 Quis
553 1248 692 1277 autem
725 1236 857 1278 hodie
885 1252 1058 1285 eorum,
1097 1234 1171 1291 qui
1212 1233 1388 1290 populis
1416 1250 1542 1290 prae-

117 1326 229 1366 sunt,
259 1331 349 1356 non
382 1314 495 1364 dico,
525 1314 560 1356 si
585 1313 673 1370 jam
704 1315 844 1369 aliqua
876 1313 914 1354 ei
943 1329 966 1353 a
987 1312 1084 1353 Deo
1116 1311 1299 1352 revelata
1328 1321 1439 1361 sunt,
1467 1311 1543 1352 sed

118 1391 162 1434 in
192 1391 292 1445 legis
321 1390 492 1433 scientia
524 1390 686 1446 aliquid
717 1389 858 1432 meriti
888 1389 1039 1439 habet,
1089 1387 1316 1430 consillum
1347 1387 1545 1440 dignatur

119 1467 332 1510 inferioris
362 1469 511 1509 saltem
540 1467 768 1509 sacerdotis
800 1464 1027 1521 accipere?
1056 1466 1218 1506 nedum
1243 1463 1417 1506 dixerim
1434 1463 1546 1515 laici,

121 1546 186 1587 vel
217 1544 392 1598 gentilis.
452 1544 539 1585 Sed
567 1545 724 1593 Moses,
758 1542 831 1599 qui
862 1543 1008 1598 erat3)
1039 1543 1174 1584 homo
1199 1553 1443 1584 mansuetus
1473 1542 1544 1583 su-

122 1638 201 1678 per
232 1638 391 1671 omnes,
422 1621 586 1676 accepit
617 1619 842 1662 consilium
871 1619 1106 1670 inferioris,
1146 1630 1196 1660 ut
1210 1618 1255 1676 4)
1287 1631 1327 1661 et
1356 1621 1543 1661 formam

123 1697 372 1740 humilitatis
401 1698 668 1754 populorum
697 1695 962 1752 principibus
993 1698 1133 1745 daret,
1173 1707 1214 1736 et
1242 1697 1374 1738 futuri
1402 1712 1542 1738 sacra-

122 1773 257 1816 menti
287 1775 524 1827 designaret
551 1773 793 1827 imaginem.
852 1772 1023 1813 Sciebat
1052 1772 1165 1814 enim
1186 1774 1377 1814 futurum
1408 1790 1544 1829 quan-

124 1853 281 1907 doque,
311 1863 358 1892 ut
386 1851 558 1905 gentiles
587 1851 754 1892 bonum
784 1849 1011 1892 consilium
1041 1849 1286 1906 proferrent
1310 1850 1425 1905 apud
1444 1849 1545 1890 Mo-

64 1974 68 1975 ⁷
121 1945 209 1979 sen,
237 1940 285 1970 ut
313 1931 480 1971 bonum
512 1939 552 1968 et
581 1927 839 1983 spiritualem
869 1926 1132 1968 intellectum
1154 1928 1370 1969 adferrent
1400 1928 1453 1968 ad
1484 1927 1546 1968 le-

125 2021 220 2058 gem
248 2006 355 2047 Dei:
387 2017 427 2047 et
454 2005 624 2055 sciebat,
654 2004 752 2061 quia
783 2005 927 2047 audiet
959 2020 1031 2046 eos
1061 2004 1140 2053 lex,
1175 2016 1215 2045 et
1243 2003 1368 2044 faciet
1402 2004 1546 2045 omnia

124 2082 232 2124 sicut
262 2083 420 2124 dicunt.
477 2083 579 2123 Non
611 2081 724 2123 enim
753 2081 952 2138 potest⁵)
992 2083 1133 2123 facere
1160 2082 1226 2122 lex
1256 2080 1362 2122 sicut
1391 2080 1547 2122 Judaei

129 2161 288 2209 dicunt,
318 2158 416 2216 quia
445 2159 684 2202 infirmatur
712 2160 778 2200 lex
807 2159 851 2200 in
882 2175 1028 2210 carne,
1072 2159 1118 2200 id
1149 2169 1220 2209 est,
1249 2158 1294 2199 in
1324 2157 1466 2208 litera,
1507 2170 1548 2199 et

124 2236 233 2278 nihil
262 2247 404 2292 potest
430 2239 666 2279 secundum
696 2237 861 2278 literam
891 2237 1053 2278 facere:
1083 2235 1193 2277 nihil
1221 2234 1334 2277 enim
1366 2236 1418 2276 ad
1449 2251 1548 2292 per-

131 2314 293 2355 sectum
324 2313 498 2356 adducit
525 2315 603 2355 lex.
671 2313 919 2356 Secundum
962 2324 1104 2354 autem
1144 2311 1389 2362 consilium,
1428 2314 1548 2368 quod

104 2407 206 2433 ¹nos
236 2389 453 2433 afferimus
484 2392 539 2433 ad
567 2391 725 2445 legem,
760 2401 942 2448 possunt
972 2389 1116 2431 omnia
1144 2388 1416 2446 spiritualiter
1444 2388 1547 2431 fieri.

129 2466 315 2510 Possunt
345 2479 385 2510 et
413 2467 617 2510 sacrificia
645 2467 921 2524 spiritualiter
955 2466 1122 2518 offerri,
1154 2483 1264 2523 quae
1292 2469 1424 2510 modo
1457 2483 1546 2510 car·
1602 2479 1613 2492 t

251 2649 297 2705 1)
319 2620 463 2693 Exodi.
492 2651 652 2700 xvm,
683 2650 753 2693 24.
873 2649 920 2706 2>
950 2649 968 2689 Ι
1001 2648 1145 2694 Thess·
1176 2650 1228 2701 v,
1257 2650 1324 2694 21.

246 2719 294 2773 3)
327 2720 414 2762 Cfr.
443 2721 572 2762 Num.
607 2721 705 2770 XII,
734 2722 773 2764 3.

251 2788 297 2845 ⁴)
328 2790 441 2831 Edd.
472 2791 671 2833 Mcrlini:
704 2803 742 2832 et
771 2802 819 2831 ut
844 2792 1029 2832 formam
1062 2801 1135 2832 cte.

253 2859 296 2914 Ι3)
330 2860 418 2905 Cfr.
450 2860 575 2906 Rom.
606 2861 720 2912 VIII,
750 2863 789 2906 3.
824 2862 919 2903 coll.
951 2861 1083 2904 Hebr.
1112 2861 1189 2913 IX,
1219 2860 1259 2903 9.
1290 2862 1353 2905 10,
