1752 3136
446 137 492 166 rs
521 125 772 168 Li-:vmcnm
802 126 1001 169 nomm
1033 127 1087 169 X.
1370 134 1454 178 369

41 234 236 276 Domino
269 236 493 279 offeratur:
524 237 692 279 alterius
721 252 821 278 vero
843 253 933 279 sors
955 238 1041 289 siat,
1070 250 1116 281 ut
1142 240 1379 285 dimittatur
1406 244 1452 287 in

41 326 230 353 eremum
259 313 386 363 vivus,
416 314 489 369 qui
519 326 558 355 et
588 316 742 356 habeat
769 314 812 354 in
844 329 886 354 se
914 329 1084 369 peccata
1113 319 1276 375 populi.
1334 319 1452 362 Haec

40 388 119 428 tibi
147 389 289 431 omnia
320 382 625 445 consequenter
655 391 861 447 explenda
882 403 1000 441 sunt,
1032 394 1104 448 qui
1135 396 1194 436 vis
1214 398 1451 440 secundum

39 478 311 521 praeceptum
340 467 438 519 legis
470 468 692 509 observare
721 467 952 525 jejunium:
997 470 1049 510 dc
1091 472 1242 527 quibus
1273 490 1295 514 a
1325 475 1452 517 nobis

40 543 226 595 quidem,
255 554 384 598 prout
412 542 643 599 potuimus,
672 545 881 601 superiori
914 547 1198 601 disputatione
1229 550 1451 594 dissertum

42 631 112 661 est.
171 620 334 660 Tamen
366 621 568 676 quoniam
601 621 713 664 dives
745 634 803 663 est
834 639 972 664 sermo
1004 624 1105 673 Dei,
1148 636 1188 665 ct
1215 629 1451 671 secundum

37 694 288 737 sententiam
319 696 566 740 Salomonis
600 715 691 739 non
730 699 998 755 simpliciter,
1035 701 1109 743 sed
1142 714 1189 743 ‘ct
1229 704 1455 761 dupliciter

39 783 81 812 et
109 772 331 829 tripliciter
359 775 661 817 describendus
701 776 747 816 in
786 778 918 817 corde
957 789 1036 827 est,
1073 789 1284 822 tentemus
1325 783 1452 825 etiam

36 831 153 891 nun'c
182 852 341 892 addere
372 851 514 907 aliqua
543 854 597 893 ad
628 869 688 903 ea,
719 870 827 909 quae
859 855 1023 896 dudum
1054 873 1133 911 pro
1151 856 1308 899 viribus
1338 861 1451 903 dicta

36 938 147 977 sunt,
177 940 224 969 ut
254 929 545 978 ostendamus,
586 932 809 984 quomodo
840 931 884 971 in
916 944 1017 990 typo
1050 934 1294 976 futurorum
1327 937 1452 979 etiam

36 1004 106 1046 hic
137 1022 246 1047 unus
275 1004 415 1047 hircus
444 1006 641 1058 Domino
671 1008 838 1049 oblatus
865 1020 925 1049 est
955 1009 1102 1058 hostia,
1133 1021 1171 1050 et
1201 1012 1306 1053 alius
1336 1014 1451 1056 vivus

38 1082 243 1124 dimissus.
263 1081 306 1137 ¹)
362 1082 477 1123 Audi
506 1082 551 1123 in
580 1083 818 1136 Evangeliis
841 1083 1027 1125 Pilatum
1056 1086 1269 1128 dicentem
1300 1091 1353 1130 ad
1385 1108 1450 1132 sa-

38 1161 253 1208 cerdotes,
300 1170 338 1199 et
377 1159 592 1214 populum
629 1160 919 1203 Judaeorum:
968 1164 1186 1218 „quem²)
1235 1166 1356 1208 vultis
1397 1169 1450 1210 de

39 1237 207 1277 duobus
238 1235 446 1277 dimittam
475 1237 618 1286 vobis,
659 1238 828 1287 Jesum,
860 1238 933 1295 qui
964 1239 1117 1281 dicitur
1149 1234 1356 1294 Christus,
1396 1262 1451 1288 an

37 1312 337 1355 Barahbam?“
368 1312 492 1354 Tunc
524 1315 718 1379 claomavit
748 1316 882 1357 omnis
912 1318 1112 1372 populus,
1143 1330 1189 1359 ut
1207 1317 1452 1365 Barabham

39 1390 289 1441 dimitteret,
332 1392 480 1432 Jesum
518 1408 618 1433 vero
649 1393 779 1434 morti
809 1394 1004 1434 traderet.
1061 1394 1173 1435 Ecce
1202 1395 1332 1437 habes
1362 1399 1450 1440 hir-

38 1485 156 1518 cum,
202 1468 274 1523 qui
305 1466 497 1509 dimissus
540 1480 600 1509 est
628 1469 741 1510 vivus
771 1468 818 1512 in
849 1485 1060 1520 eremum,
1109 1483 1280 1526 peccata
1308 1491 1452 1516 secum

36 1545 190 1602 populi
218 1547 380 1594 ferens,
421 1545 638 1586 clamantis
670 1557 719 1607 *et
749 1545 944 1587 dicentis:
986 1547 1285 1604 ,‚crucifige,³)
1316 1552 1452 1593 cruci-

37 1621 162 1674 fige!“
222 1622 301 1663 Iste
332 1632 390 1663 est
419 1636 518 1673 ergo
550 1621 691 1663 hircus
722 1622 837 1664 vivus
868 1624 1060 1665 dimissus
1087 1625 1132 1665 in
1168 1641 1379 1677 eremum:
1412 1640 1452 1669 et

35 1699 106 1741 ille
138 1710 196 1740 est
223 1697 377 1747 hircus,
409 1698 481 1753 qui
514 1697 709 1739 Domino
741 1699 910 1741 oblatus
950 1712 1010 1741 est
1048 1701 1186 1767 hostia
1217 1704 1271 1743 ad
1301 1721 1450 1760 repro-

35 1775 226 1833 pitianda
256 1768 441 1830 peccata,
473 1786 512 1816 et
540 1791 681 1816 veram
715 1770 1064 1832 propitiationem
1094 1777 1139 1818 in
1168 1795 1212 1819 se
1243 1782 1453 1823 credenti-

34 1856 113 1896 bus
143 1852 315 1910 populis
344 1851 453 1892 fecit.
514 1847 650 1906 Quod
678 1852 711 1894 si
744 1865 782 1894 et
812 1854 894 1895 hoc
924 1855 1130 1910 requiras,
1164 1855 1254 1911 quis
1284 1857 1347 1908 sit,
1379 1859 1453 1914 qui

35 1932 149 1972 hunc
179 1930 345 1971 hircum
374 1929 572 1986 perduxit
587 1929 632 1984 ⁴)
662 1929 708 1970 in
740 1946 952 1981 eremum,
993 1943 1040 1973 ut
1078 1934 1287 1988 probetur
1325 1936 1367 1976 in
1400 1954 1451 1978 eo

36 2008 160 2050 etiam
193 2009 312 2063 quod
340 2009 451 2049 lotus
480 2005 555 2056 sit,
599 2018 638 2047 et
667 2008 852 2048 mundus
885 2009 1080 2058 effectus,
1117 2021 1255 2064 potest
1294 2010 1453 2054 Pilatus

35 2072 126 2141 ipse
165 2083 301 2139 accipi
342 2084 474 2124 homo
512 2095 694 2139 paratus.
772 2085 912 2125 Judex
953 2084 1114 2141 quippe
1154 2087 1285 2138 gentis
1322 2088 1453 2144 ipsius

38 2173 148 2210 erat,
185 2159 258 2216 qui
297 2176 393 2201 eum
433 2176 511 2215 per
548 2160 796 2202 sententiam
834 2177 954 2202 suam
997 2161 1134 2203 emisit
1174 2162 1218 2204 in
1250 2180 1453 2208 eremum.

40 2238 154 2279 Audi
183 2249 321 2278 autem
354 2238 578 2292 quomodo
609 2238 721 2279 lotus
752 2237 815 2288 sit,
846 2248 886 2278 et
906 2240 1093 2280 mundus
1111 2242 1294 2283 effectus.
1342 2241 1453 2284 Cum

38 2318 92 2357 ad
121 2316 334 2372 populum
366 2315 544 2356 diceret:
575 2313 724 2364 „vultis
743 2314 787 2370 ⁵)
818 2315 1026 2357 dimittam
1048 2317 1168 2358 vobis
1192 2318 1350 2368 Jesum,
1383 2319 1456 2375 qui

39 2392 196 2435 dicitur
228 2391 416 2442 Christus
430 2390 477 2434 ?“
518 2402 558 2433 et
583 2391 855 2435 acclamasset
887 2392 1023 2435 omnis
1052 2394 1260 2450 populus,
1291 2394 1454 2439 dicens:

154 2596 198 2651 ¹)
229 2595 340 2637 Edd.
368 2593 568 2636 Merlini:
600 2594 793 2640 dimissus
826 2607 896 2638 est.
954 2597 1069 2638 Audi
1102 2608 1178 2640 etc.

155 2664 202 2721 ²)
232 2665 385 2706 Matth.
415 2664 598 2715 XXVII,
627 2666 694 2708 17.
813 2665 862 2722 3)
891 2667 992 2709 Luc.
1026 2665 1188 2718 XXIII,
1217 2670 1286 2714 21.

41 2792 67 2832 d
129 2733 202 2798 .⁴)
229 2733 332 2832 glss.
364 2735 626 2790 „perduxit.“
667 2735 784 2778 Libri
805 2737 903 2778 editi
935 2738 994 2794 (c.
1017 2754 1050 2778 c.
1074 2740 1170 2781 edd.
1188 2740 1296 2795 M.):
1324 2756 1452 2796 „pro-

73 2796 199 2832 uxit.“
271 2822 278 2830 .

160 2859 206 2915 ⁵)
239 2858 314 2900 cfr
359 2859 513 2903 Mami.
545 2862 728 2912 xxvii,
759 2865 826 2907 17.
858 2866 954 2906 c011.
986 2843 1120 2908 mire.
1151 2867 1245 2923 xv,
1275 2867 1314 2910 9.

43 2934 269 2993 Omuems
302 2936 475 2980 OPERA.
507 2938 627 2981 Tom.
660 2940 734 2982 lX.
1073 2944 1130 2985 24
