1752 3136
284 63 368 107 338
886 53 1106 96 Omossms

284 191 415 233 purus
454 184 493 215 et
528 170 713 212 mundus
752 179 939 209 servetur
978 168 1165 210 auditus:
1212 179 1251 208 et
1291 184 1465 209 manum
1508 170 1710 218 dextram,

284 264 331 294 ut
359 251 522 293 munda
551 248 635 290 sint
665 260 796 301 opera
826 257 992 295 nostra,
1030 261 1110 286 nec
1153 244 1315 300 aliquid
1344 244 1617 288 immundum
1648 245 1711 287 his

286 328 570 372 admisceatur
599 334 640 364 et
669 323 904 365 sordidum.
965 323 1052 364 Sed
1083 335 1122 364 et
1152 323 1282 378 pedes
1311 323 1570 378 purificandi
1601 334 1709 371 sunt,

285 419 330 448 nt
360 406 415 447 ad
445 419 553 460 opus
581 403 749 442 bonum
778 400 1080 441 tantummodo
1113 398 1370 452 dirigantur,
1401 416 1480 440 nec
1512 400 1620 440 ultra
1651 399 1711 439 la·

286 499 386 539 psus
414 478 640 537 juventutis
669 478 899 519 incurrant.
971 477 1133 533 Septies
1173 489 1311 518 autem
1343 475 1546 532 respergit
1574 491 1712 517 sacer-

289 561 368 601 dos
398 568 548 598 contra
577 554 821 596 Dominum
852 571 898 595 ex
932 556 1042 597 oleo.
1102 554 1206 595 Post
1237 553 1380 595 omnia
1403 553 1573 601 etenim,
1605 566 1714 607 quae

289 654 368 692 pro
398 633 622 690 purificato
654 633 865 673 celebrata
895 643 1005 681 sunt,
1030 643 1261 686 postquam
1293 647 1540 680 conversus,
1578 641 1618 670 et
1647 645 1714 670 re·

290 711 539 754 conciliatus
570 719 630 749 est
659 708 770 756 Deo,
802 720 900 763 post
928 709 1168 749 immolatas
1198 708 1378 759 hostias,
1420 706 1580 748 ordinis
1613 716 1713 753 crat,

291 802 337 830 ut
377 800 415 828 et
452 786 650 825 virtutem
687 800 816 840 super
855 800 949 824 eum
998 784 1318 839 septemplicem
1359 783 1490 826 sancti
1534 781 1714 838 Spiritus

291 864 496 912 invitaret,
525 861 761 903 secundum
794 877 903 911 cum,
934 860 1007 917 qui
1028 861 1211 902 dixerat:
1243 861 1402 910 „redde
1422 860 1465 914 ι)
1495 857 1600 898 mihi
1629 859 1716 898 lae-

290 942 423 983 titiam
465 938 655 981 salutaris
697 938 779 988 tui,
823 951 862 979 et
900 938 1049 993 spiritu
1094 937 1321 994 principali
1359 935 1566 977 confirma
1608 939 1716 974 me.“

292 1019 373 1059 Vel
404 1029 517 1059 certe
548 1015 754 1071 quoniam
783 1027 1064 1070 peccatorum
1092 1015 1226 1055 corda
1256 1012 1471 1054 Dominus
1501 1011 1542 1051 in
1574 1011 1714 1051 Evan-

292 1095 401 1149 gelio
432 1080 670 1146 testatur2)
708 1108 730 1132 a
769 1104 931 1147 septem
973 1090 1258 1132 daemonibus
1291 1089 1499 1139 obsideri,
1542 1104 1717 1143 compe-

291 1183 430 1214 tenter
456 1168 606 1225 septies
635 1168 996 1209 ante'Dominum
1020 1169 1219 1210 sacerdos
1248 1168 1294 1209 in
1323 1166 1622 1223 purificatione
1652 1180 1718 1205 re-

291 1247 460 1304 spergit,
489 1258 535 1287 ut
565 1244 754 1301 expulsio
784 1257 948 1300 septem
972 1245 1198 1301 spirituum
1226 1245 1516 1297 malignorum
1554 1243 1607 1283 de
1636 1259 1716 1297 pu-

294 1324 444 1366 rificati
476 1324 623 1373 corde,
651 1321 802 1377 septies
834 1338 1005 1364 excusso
1039 1321 1175 1374 digitis
1209 1324 1305 1363 oleo
1338 1323 1588 1364 declaretur.
1647 1318 1718 1359 Sic

295 1419 393 1455 ergo
426 1400 634 1442 conversis
665 1416 688 1440 a
718 1411 896 1454 peccato
915 1399 1156 1455 purificatio
1178 1400 1349 1456 quidem
1368 1414 1446 1455 per
1470 1397 1541 1438 illa
1575 1395 1718 1437 omnia

296 1481 432 1527 datur,
464 1493 573 1533 quae
602 1474 795 1532 superius
827 1475 1017 1516 diximus.
1061 1476 1243 1518 Donum
1276 1488 1417 1518 autem
1448 1473 1602 1526 gratiae
1631 1472 1716 1528 spi-

296 1556 397 1597 ritus
428 1571 506 1611 per
537 1553 621 1594 olei
650 1551 877 1605 imaginem
911 1552 1168 1604 designatur,
1197 1566 1244 1594 ut
1272 1570 1363 1595 non
1393 1552 1534 1594 solum
1564 1566 1719 1607 purga-

294 1632 458 1674 tionem
490 1629 693 1685 consequi
722 1629 854 1685 possit
883 1629 938 1680 is,
979 1630 1051 1685 qui
1084 1630 1344 1672 convertitur
1370 1646 1394 1688 a
1424 1640 1615 1685 peccato,
1645 1628 1719 1670 sed

297 1722 337 1750 et
365 1708 526 1764 Spiritu
554 1718 700 1749 sancto
732 1707 902 1762 repleri,
933 1723 1018 1762 quo
1052 1718 1092 1748 et
1120 1706 1308 1762 recipere
1335 1706 1523 1762 priorem
1553 1707 1718 1753 stolam,

297 1798 338 1827 ct
369 1785 575 1827 annulum
605 1784 751 1839 possit,
783 1794 821 1823 et
849 1800 927 1839 per
957 1784 1102 1824 omnia
1123 1782 1419 1825 reconciliatus
1439 1782 1548 1839 patri
1577 1781 1621 1823 in
1652 1783 1717 1822 lo-

298 1880 394 1904 cum
424 1861 501 1903 filii
530 1860 739 1917 reparari,
777 1876 854 1915 per
891 1860 1031 1916 ipsum
1064 1860 1304 1901 Dominum
1335 1872 1531 1902 nostrum
1569 1860 1715 1901 Jesum

299 1939 528 1988 Christum,
560 1938 627 1979 cui
659 1948 718 1979 est
748 1937 882 1990 gloria
914 1951 953 1979 et
981 1937 1210 1994 imperium
1249 1938 1293 1979 in
1324 1937 1491 1979 saecula
1520 1936 1713 1980 saeculo-

298 2034 406 2058 rum.
466 2019 618 2059 Amen.

415 2246 459 2301 ¹)
488 2246 645 2288 Psalm.
676 2246 743 2296 LI,
775 2247 840 2288 12.
874 2246 967 2300 (L)

416 2315 462 2371 ²)
494 2316 581 2358 Cfr.
612 2317 711 2359 Luc.
742 2316 819 2367 XI,
846 2316 911 2360 26.
