1752 3136
502 133 549 163 m
578 121 832 162 LEVITmum
861 119 1061 163 HOMILIA
1085 123 1116 163 Ι.
1448 132 1532 175 175

115 250 206 276 non
234 233 382 282 homo,
409 233 483 273 sed
512 232 651 273 anima
688 234 838 273 offerat
866 248 1022 272 munus
1052 232 1165 282 Deo,
1210 250 1259 275 ex
1286 235 1434 289 simila,
1461 240 1530 281 in..

115 313 216 368 quit,
245 312 395 352 offerat
422 324 550 365 panes
579 324 746 365 azymos
778 320 920 349 coctos
949 308 994 349 in
1027 309 1212 359 clibano,
1241 312 1306 352 vel
1337 326 1447 356 certe
1477 317 1533 358 si-

115 387 262 428 milam
293 403 340 427 ex
370 384 572 434 sartagine
600 383 644 424 in
677 384 772 424 oleo
805 402 1098 441 conspersam,
1143 400 1215 429 aut
1252 405 1299 430 ex
1330 390 1532 436 craticula

113 463 219 518 in¹)
252 465 346 504 oleo
376 459 649 501 nihilominus
679 462 910 503 subactam.
957 463 1070 504 Tum
1102 465 1257 507 deinde
1288 468 1532 521 edocemur,

119 541 216 596 quia
244 542 540 581 fermentatum
571 537 678 577 nihil
711 538 886 580 omnino
921 553 1089 596 oportet
1131 542 1277 583 offerri
1317 546 1370 585 ad
1400 548 1531 588 altare

115 618 211 665 Dei,
240 632 377 670 neque
407 615 552 668 mel2)
591 632 767 671 usquam
806 617 1017 658 sacrificiis
1057 618 1299 670 admisceri,
1342 625 1416 663 sed
1447 625 1532 665 sale

113 691 225 735 saliri
256 707 382 732 omne
412 691 664 733 sacrificium
694 694 758 733 vel
787 710 956 735 munus.
1028 695 1228 737 Secundo
1265 696 1310 737 in
1349 699 1445 739 loco
1480 702 1533 741 de

115 769 399 825 primitiarum
428 771 646 824 praecepit
673 769 903 819 sacrificiis,
936 787 1044 826 quae
1072 773 1256 814 recentia
1284 786 1391 816 tosta
1422 777 1532 832 210³)

111 850 221 888 bene
251 858 427 902 purgata
457 845 605 887 offerri
641 845 834 887 Domino
869 846 1000 903 jubet.
1068 849 1172 891 Post
1211 851 1314 892 haec
1352 855 1431 894 sub
1464 871 1533 896 ea-

115 926 212 966 dem
242 923 342 974 legis
373 921 631 964 continentia
663 924 715 963 de
753 923 964 965 sacrificiis
1002 927 1254 969 salutaribus
1288 928 1534 986 injungitur,

114 1002 257 1058 primo
289 1017 335 1042 ex
367 1001 521 1048 bobus,
550 1000 737 1039 secundo
771 1016 817 1040 ex
849 1001 1017 1050 ovibus,
1053 1002 1098 1042 in
1131 1005 1282 1059 quibus
1312 1019 1452 1049 tamen
1482 1009 1535 1050 li-

115 1091 217 1128 ceat‚
245 1078 328 1120 sive
357 1077 401 1117 in
433 1076 569 1127 agnis,
599 1075 681 1117 sive
710 1075 754 1116 in
784 1075 932 1117 hoedis
961 1080 1026 1118 vel
1056 1080 1231 1124 feminas
1262 1085 1440 1135 offerre,
1467 1088 1534 1128 vel

114 1171 270 1204 mares,
311 1166 351 1194 et
387 1153 492 1194 nihil
521 1165 687 1208 praeter
724 1153 828 1194 haec
858 1153 1055 1196 animalia
1087 1157 1275 1198 decernit
1302 1159 1346 1199 in
1375 1161 1533 1204 sacrifi-

118 1232 188 1274 ciis
217 1230 468 1272 salutaribus
501 1230 784 1271 offerendum.
843 1232 929 1273 Sed
960 1245 1199 1287 repetamus
1228 1237 1465 1291 paululum,
1497 1251 1536 1280 et

111 1309 328 1350 videamus
357 1306 497 1364 primo
517 1307 561 1361 ⁴)
604 1306 796 1348 omnium
839 1307 940 1363 quid
972 1322 1051 1361 est,
1096 1313 1215 1367 quod
1260 1313 1380 1355 dicit:
1425 1317 1532 1366 „ho-

113 1404 187 1427 mo
206 1386 251 1442 5)
284 1402 331 1426 ex
361 1384 480 1425 vobis
509 1383 542 1425 si
574 1385 725 1424 offerat
754 1401 908 1425 munus
923 1391 958 1425 :“
988 1387 1105 1441 quasi
1136 1406 1233 1430 vero
1265 1393 1396 1445 possit
1428 1395 1532 1435 alius

114 1463 263 1518 aliquis
295 1463 450 1502 offerre
481 1477 608 1515 quam
640 1462 788 1506 homo,
842 1462 896 1502 Et
925 1463 1072 1518 utique
1111 1467 1342 1509 suffecisset
1372 1471 1533 1513 dicere:

114 1539 268 1594 siquis
311 1555 359 1579 ex
395 1537 515 1578 vobis
556 1539 706 1578 offerat
749 1555 924 1580 munus:
966 1543 1040 1582 sed
1077 1559 1194 1584 nunc
1238 1546 1361 1587 dicit:
1411 1548 1471 1597 „si
1487 1548 1532 1604 6)

113 1619 246 1658 homo
280 1632 325 1655 ex
356 1615 475 1655 vobis
510 1615 661 1654 offerat
698 1621 891 1656 munus.“
959 1616 1008 1657 In
1048 1622 1402 1676 consequentibus
1431 1642 1531 1667 vero

115 1693 236 1733 dicit:
267 1690 385 1744 ‚,si⁷)
416 1701 556 1731 autem
589 1690 726 1731 anima
759 1693 911 1733 offerat
948 1701 1140 1736 munus.“
1205 1698 1255 1739 In
1286 1701 1534 1755 posteriori-

110 1771 190 1810 hus
218 1784 375 1824 porro,
415 1783 510 1807 cum
539 1769 725 1808 secundo
765 1766 849 1825 jam
885 1769 1078 1825 loquitur
1105 1772 1319 1816 Dominus
1349 1780 1402 1819 ad
1432 1780 1533 1821 Mo-

112 1863 210 1896 sen,
252 1857 292 1886 et
323 1845 496 1886 mandat
528 1845 579 1885 de
608 1844 820 1886 sacrificiis
849 1863 930 1902 pro
962 1860 1136 1902 peccato
1170 1852 1426 1904 offerendis,
1473 1855 1533 1898 ita

113 1923 237 1965 dicit:
271 1922 390 1978 „si⁸)
431 1921 621 1978 pontifex
664 1923 923 1978 peccaverit,
973 1926 1125 1967 offerat
1162 1927 1271 1970 illud
1311 1943 1350 1972 et
1385 1931 1533 1975 illud.“

232 2144 276 2198 ¹)
309 2143 469 2185 Omnes
497 2144 620 2186 Mss.:
649 2144 720 2196 „in
753 2148 891 2189 ole0.“
937 2150 1052 2191 Alias
1083 2150 1143 2207 (v.
1176 2168 1209 2193 c.
1240 2151 1284 2193 in
1316 2154 1410 2196 edd.
1443 2153 1528 2210 M.)

114 2202 228 2243 deest
257 2201 367 2249 „in.“
396 2200 445 2240 R.

229 2270 275 2324 ²)
307 2269 445 2311 Codd.
497 2270 768 2322 sangerman.
816 2287 854 2316 et
896 2276 1123 2319 Gemetic.:
1155 2280 1263 2326 „mel
1311 2288 1530 2336 usquam.“

114 2327 227 2369 Alias
258 2326 316 2381 (e.
349 2343 384 2366 e.
415 2327 458 2367 in
492 2327 584 2367 edd.
616 2328 721 2382 M.):
750 2332 910 2379 „mellis
943 2333 1212 2389 quicquam.“
1243 2334 1293 2377 R.

227 2395 274 2451 ³)
305 2395 436 2436 Deest
466 2402 567 2445 ‚,ac“
597 2397 640 2437 in
671 2399 765 2440 edd.
796 2402 860 2442 ἼΜ.

139 2522 149 2531 .
226 2466 271 2520 ⁴)
301 2465 409 2506 Edd.
442 2465 634 2507 Merh'ni:
676 2468 816 2523 primo
860 2472 1052 2515 omnium
1097 2473 1267 2529 quidem
1308 2478 1426 2531 quod
1463 2478 1528 2521 di-

114 2533 169 2563 clt
200 2534 275 2563 etc.

228 2591 272 2646 ⁵)
302 2590 428 2632 Levit.
457 2592 487 2642 I,
520 2593 558 2634 2.
592 2618 642 2625 -
671 2593 782 2637 Edd.
813 2596 872 2637 Μ.
900 2610 939 2639 et
964 2598 1012 2638 R.
1034 2598 1251 2651 hocloco,
1280 2612 1318 2642 et
1347 2618 1528 2659 sequen-

112 2647 237 2697 tibus,
269 2649 342 2688 cfr.
374 2663 466 2703 pag.
498 2650 590 2692 174.
621 2662 709 2694 not.
743 2652 801 2693 7.:
831 2656 1058 2708 ‚,offerat,“

225 2716 270 2772 6)
304 2717 545 2761 Cfr.-Levit.
574 2720 604 2762 I.
635 2723 672 2763 2,
705 2722 800 2763 coll.
832 2739 923 2779 pag.
955 2723 1040 2782 huj.
1070 2738 1158 2770 not.
1191 2729 1228 2770 5.

224 2787 268 2842 ⁷)
299 2788 427 2830 Levit.
457 2789 510 2838 II,
540 2793 576 2834 1.
985 2815 988 2818 ·

221 2857 268 2912 8)
299 2857 424 2901 Lex-it.
455 2859 525 2911 IV,
555 2862 593 2905 3.
626 2878 737 2919 seqq.
