1752 3136
224 122 309 166 382
703 171 710 179 Ι
825 119 1047 161 Omossms

229 237 324 285 lum,
355 233 479 289 hujus
521 231 778 274 contumelia
819 235 872 274 ad
914 244 1076 289 patrem
1121 230 1406 286 spirhuum')
1445 231 1571 273 redit:
1611 245 1651 273 et

229 313 263 353 si
295 310 494 368 injuriam
525 310 671 352 feceris
702 312 825 353 matri
857 310 1038 359 carnali,
1079 311 1131 350 ad
1163 308 1281 349 illam
1314 312 1493 350 matrem
1526 308 1649 351 Jeru-

229 389 360 429 salem
393 387 617 429 coelestem
650 389 861 429 redundat
891 386 1056 444 injuria.
1131 386 1202 427 Sic
1245 397 1285 425 et
1314 402 1455 427 servus
1495 387 1527 427 si
1558 387 1652 427 Do—

230 465 351 505 mino
383 465 614 506 irreverens
644 468 716 514 sit,
758 482 834 521 per
865 466 977 506 hunc
1012 462 1284 520 corporalem
1316 464 1580 513 Dominum,
1609 462 1654 504 in

230 541 471 582 Dominum
503 541 727 599 majestatis
759 543 1062 584 contumeliam
1093 541 1230 598 jactat.
1303 542 1380 582 Ille
1413 540 1525 582 enim
1556 539 1656 581 hu'ic

233 620 390 661 carnali
423 621 616 662 Domino
649 637 773 661 suum
814 636 973 660 nomen
1013 620 1230 675 imposuit.
1301 618 1355 659 Et
1391 618 1491 659 ideo
1532 617 1654 658 nullo

232 714 383 749 genere
416 699 635 739 adversum
673 708 838 753 petrem
871 709 942 737 aut
971 709 1173 745 matrem,
1218 713 1273 738 ne
1304 697 1434 737 verbo
1469 695 1658 751 quidem,

234 775 479 816 babendum
511 786 725 815 certamen
759 785 828 822 est,
862 784 934 813 aut
964 774 1178 813 movenda
1220 772 1514 814 contradictio.
1575 771 1658 811 Pa-

234 864 296 892 ter
326 864 398 901 est,
433 863 569 892 mater
599 863 671 900 est,
701 863 747 892 ut
785 850 884 905 ipsis
924 849 1100 899 videtur,
1132 861 1268 901 agant,
1296 849 1466 898 faciant,
1496 850 1658 890 dicant:

231 929 312 985 ipsi
341 929 550 970 noverint.
601 928 996 984 Quantumcunque
1018 927 1292 969 detulerimus
1319 925 1524 981 obsequii,
1546 941 1658 966 non—

236 1009 339 1048 dum
372 1007 588 1048 reddimus
621 1006 754 1048 vicem
784 1007 956 1061 gratiae,
990 1022 1074 1061 qua
1104 1005 1232 1058 geniti
1254 1021 1413 1053 sumus,
1445 1018 1527 1059 qua
1557 1018 1662 1058 por-

235 1085 322 1134 tati,
355 1101 437 1140 qua
467 1085 684 1126 hausimus
714 1084 878 1131 lucem,
919 1100 1001 1138 qua
1030 1081 1177 1124 nutriti
1207 1099 1371 1131 sumus,
1409 1079 1593 1121 fortassis
1624 1090 1664 1120 et

240 1163 408 1214 cruditi,
440 1176 479 1204 et
509 1161 694 1203 honestis
727 1162 889 1202 artibus
919 1159 1110 1201 instituti.
1170 1160 1227 1200 Et
1256 1158 1354 1214 ipsis
1384 1157 1559 1199 fortasse
1588 1173 1664 1197 au-

238 1228 425 1282 ctoribus
458 1240 706 1293 agnovimus
735 1239 903 1288 Deum,
944 1249 984 1278 et
1013 1238 1067 1277 ad
1098 1237 1316 1278 ecclesiam
1349 1235 1431 1276 Dei
1462 1235 1665 1283 venimus,

239 1330 279 1358 et
308 1333 551 1359 sermonem
584 1317 753 1356 divinae
783 1316 881 1366 legis
912 1315 1162 1355 audivimus.
1214 1314 1400 1369 Propter
1429 1315 1533 1355 haec
1564 1329 1662 1366 ergo

241 1396 398 1445 onmia,
430 1394 675 1450 quicunque
704 1392 970 1433 maledixerit
999 1392 1122 1447 Patri,
1152 1402 1224 1431 aut
1247 1390 1384 1440 matri,
1413 1402 1552 1430 morte
1571 1406 1666 1429 mo-

243 1473 384 1513 rietur.
448 1472 582 1526 Quod
613 1471 645 1512 si
676 1470 780 1511 haec
811 1471 864 1510 de
907 1469 1201 1524 corporalibus
1239 1467 1486 1523 parentibus
1518 1468 1664 1507 decer-

240 1562 416 1602 nuntur,
447 1549 551 1605 quid
581 1547 644 1590 illi
673 1548 842 1598 facient,
872 1546 944 1603 qui
975 1547 1118 1588 Deum
1149 1558 1315 1602 patrem
1344 1544 1561 1586 maledicis
1591 1561 1666 1587 vo-

243 1628 362 1669 cibus
393 1625 632 1668 lacessunt?
666 1626 739 1682 qui
768 1642 864 1667 eum
896 1637 1050 1677 negant
1079 1623 1348 1665 conditorem
1379 1639 1466 1664 esse
1494 1621 1667 1663 mundi:

243 1716 315 1744 aut
345 1704 417 1760 qui
449 1705 672 1745 coelestem
701 1694 952 1751 Jerusalem,
981 1718 1089 1758 quae
1121 1713 1179 1744 est
1196 1713 1332 1742 mater
1358 1700 1553 1742 omnium
1586 1716 1668 1740 no-

245 1794 395 1831 strum,
422 1781 604 1833 indignis
634 1780 823 1822 sensibus
852 1779 1129 1834 intelligentes
1162 1779 1274 1819 dicta
1303 1778 1578 1833 prophetica,
1612 1777 1668 1818 ad

247 1860 539 1900 conditionem
583 1871 775 1900 terrenae
814 1856 990 1915 alicujus
1031 1851 1147 1899 urbss
1188 1854 1436 1898 adducunt?
1492 1854 1668 1896 Bonum

248 1953 347 1989 ergo
380 1948 438 1977 est
469 1937 714 1986 observare,
744 1951 798 1976 ne
829 1936 1001 1990 quando
1035 1945 1107 1975 aut
1139 1936 1350 1975 carnalem
1380 1944 1569 1990 patrem,
1598 1943 1670 1973 aut

247 2016 473 2056 coelestem
503 2016 641 2056 minus
674 2015 798 2065 digna
828 2012 1157 2054 honorificentia
1186 2028 1449 2061 veneremur,
1478 2009 1672 2053 similiter

249 2103 289 2132 et
317 2072 519 2134 matrem:
559 2092 784 2133 observare
821 2090 946 2133 etiam
982 2106 1111 2131 omne
1138 2090 1410 2139 mandatum,
1442 2089 1560 2144 qu'od
1589 2103 1672 2128 no-

248 2170 312 2210 his
350 2168 622 2224 pudicitiam,
669 2169 984 2224 castitatemque
1026 2166 1413 2217 commendat,tut
1449 2180 1590 2221 neque
1627 2165 1673 2205 in

250 2247 461 2302 praesenti
490 2245 573 2287 vita
601 2249 837 2288 secundum
868 2247 1003 2298 legem
1034 2244 1210 2286 obnoxii
1246 2244 1374 2287 sim'us
1403 2242 1555 2292 morti,
1594 2258 1669 2283 ne-

251 2341 334 2380 que
364 2325 599 2366 secundum
629 2324 891 2380 spiritualem
922 2324 1117 2378 legem2)
1148 2324 1290 2363 futura
1316 2338 1394 2363 nos
1411 2336 1552 2377 poena
1581 2336 1673 2360 ma-

250 2413 350 2442 neat
378 2402 484 2455 ignis
515 2401 693 2443 aeterni:
733 2418 780 2442 ex
822 2418 906 2457 quo
949 2403 1136 2454 effugere
1173 2412 1213 2442 et
1253 2399 1430 2440 evadere
1474 2396 1672 2439 omnibus

252 2479 378 2522 nobis
408 2481 617 2522 concedat
654 2479 869 2521 Dominus
908 2490 1054 2520 noster
1090 2479 1212 2520 Jesus
1254 2475 1466 2524 Christus,
1513 2473 1581 2516 cui
1613 2483 1674 2514 est

254 2557 388 2610 gloria
419 2569 459 2598 et
488 2555 716 2613 imperium
746 2556 791 2597 in
820 2557 985 2599 saecula
1014 2557 1296 2599 saeculorum.
1358 2551 1517 2593 Amen!

375 2705 419 2759 ¹)
456 2704 563 2745 Cod.
604 2704 877 2756 Sangerman.
920 2703 1230 2759 ‚,spirituum.“
1313 2701 1419 2742 Tres
1460 2698 1531 2740 alii
1573 2697 1674 2738 RIss.

257 2762 587 2820 ‚,spiritualem.“
653 2761 771 2801 Libri
801 2760 902 2802 editi
933 2762 993 2813 (v.
1025 2777 1058 2802 e.
1090 2760 1185 2820 edd.
1217 2758 1325 2813 Ma)
1355 2755 1593 2812 ‚‚spi1·itus.“
1622 2754 1675 2793 R.

376 2835 422 2890 ²)
453 2833 583 2874 Deest
611 2831 799 2881 „legem“
827 2831 870 2870 in
895 2829 1011 2871 libris
1043 2828 1162 2870 editis
1192 2829 1253 2883 (v,
1286 2845 1319 2870 e.
1349 2828 1444 2871 edd.
1473 2825 1573 2882 M),
1602 2824 1676 2866 sed

261 2892 482 2951 suppletur
512 2906 534 2930 e
566 2886 676 2929 Cod.
707 2887 834 2931 Mser.
865 2886 1229 2939 sangermanensi.
1259 2884 1295 2925 R
