1752 3136
1338 77 1347 96 ί

184 104 238 146 94
782 107 1009 150 ORIGENIS

182 221 346 280 peccati
377 223 469 270 -—,“
499 234 589 260 non
618 218 705 276 jam
735 220 948 280 Aegyptiis
978 220 1098 271 solis,
1140 221 1214 261 sed
1246 221 1446 263 omnibus
1477 224 1608 275 genti-

183 303 263 343 bus
292 298 488 342 scrviunt.
546 296 661 349 Ergo
695 297 850 338 dicitur
881 310 921 339 et
949 298 1052 349 tibi,
1092 297 1165 354 qui
1195 315 1273 354 per
1301 299 1448 341 Jesum
1483 299 1609 342 Chri-

182 390 291 421 stum
325 375 438 418 existi
470 375 523 415 de
555 375 767 430 Aegypto,
798 387 836 416 ct
868 377 920 416 (le
951 377 1083 416 domo
1106 375 1311 418 servitutis
1334 378 1510 418 eductus
1543 393 1608 419 es:

184 472 300 507 „non
321 454 362 509 ¹)
394 463 517 493 erunt
548 450 621 492 tibi
654 451 727 493 Dii
759 452 828 493 alii
859 465 1026 509 praeter
1055 459 1163 494 me.“

295 533 333 574 3.
363 530 466 570 Post
495 531 598 570 haec
627 528 856 580 videamus,
886 530 988 585 quid
1021 531 1146 571 etiam
1175 532 1410 571 secundum
1444 530 1610 572 videtur

184 608 402 650 continere
431 607 698 647 mandatum:
729 608 909 662 „n0n²)
939 607 1064 648 facies
1094 607 1170 648 tibi
1200 606 1280 662 ipsi
1310 608 1505 658 idolum,
1534 623 1610 648 ne-

183 703 265 743 que
307 701 481 726 omnem
519 682 838 725 similitudinem
889 700 1060 732 eorum,
1102 699 1210 738 quae
1247 697 1344 726 sunt
1385 684 1428 725 in
1473 685 1612 734 coelo,

182 765 247 805 vel
278 779 386 819 quae
417 763 461 802 in
490 772 615 808 terra,
644 761 709 800 vel
741 776 849 815 quae
879 761 922 801 in
953 760 1091 815 aquiS,
1139 771 1179 800 et
1211 777 1319 815 quae
1348 763 1496 802 subtus
1525 773 1612 802 ter-

182 846 313 881 ram.“
370 840 515 890 Longe
545 837 661 878 aliud
691 847 791 878 sunt
818 836 948 887 idola,
982 848 1021 878 ct
1051 837 1165 878 aliud
1193 837 1264 887 dii,
1294 837 1513 894 sicutipse
1532 855 1611 880 nos

182 915 460 959 nihilominus
491 914 725 969 Apostolus
757 914 893 956 docet.
948 915 1058 955 Nam
1083 916 1136 955 de
1159 913 1236 955 diis
1267 915 1387 956 dixit:
1419 914 1611 970 „sieut-³)

181 1005 279 1037 sunt
310 993 368 1034 dii
398 992 536 1041 multi,
568 1003 608 1032 ct
639 991 802 1033 domini
833 991 995 1034 multif‘
1054 992 1123 1033 De
1152 992 1279 1034 idolis
1311 991 1608 1033 autemdicit:

182 1071 310 1128 „quia
324 1070 369 1126 4)
402 1069 509 1111 nibil
542 1080 601 1110 est
628 1068 796 1110 idolum
825 1070 869 1111 in
900 1071 1110 1111 mundo.“
1178 1069 1308 1111 Unde
1348 1069 1455 1111 mihi
1493 1068 1611 1110 vide-

185 1161 255 1190 tur
283 1165 373 1189 non
409 1145 653 1188 transitorie
683 1147 786 1187 haec
817 1147 984 1199 legisse,
1023 1162 1131 1202 quae
1162 1148 1226 1188 lex
1258 1147 1370 1189 dicit.
1391 1146 1436 1201 ⁵)
1493 1145 1613 1187 Vidit
1648 1201 1653 1204 A

183 1226 294 1267 enim
328 1223 612 1265 differentiam
643 1223 862 1274 Deorum,
908 1236 946 1265 et
975 1225 1219 1266 idolorum:
1252 1235 1292 1265 et
1328 1240 1496 1266 rursum
1529 1223 1611 1264 dif-

183 1302 408 1344 ferentiam
438 1300 669 1351 idolorum,
703 1312 743 1342 et
771 1301 1106 1342 similitudinem.
1153 1302 1265 1342 Nam
1298 1302 1370 1357 qui
1402 1302 1456 1342 de
1484 1300 1612 1342 idolis

183 1380 299 1431 dixit,
332 1378 430 1434 quia
459 1394 551 1418 non
580 1389 689 1426 sunt,
719 1379 870 1432 nonss)
902 1377 1079 1430 addidit,
1114 1378 1213 1433 quia
1247 1389 1287 1419 et
1315 1377 1611 1420 similitudines

180 1474 272 1498 non
302 1467 412 1497 sunt.
461 1454 544 1495 Hic
571 1466 711 1495 autem
734 1454 857 1496 dicit:
886 1454 1063 1510 „n0n7)
1093 1455 1220 1496 facies
1238 1454 1284 1510 ⁸)
1305 1455 1383 1496 tibi
1407 1455 1487 1511 ipsi
1513 1454 1613 1496 ido-

1051 1534 1078 1555 ‘G

182 1535 287 1584 lum,
316 1549 456 1589 neque
485 1531 806 1574 similitudinem
840 1531 1047 1572 omnium.
1146 1532 1277 1573 Aliud
1320 1544 1378 1574 est
1417 1549 1516 1585 ergo
1546 1532 1613 1574 fa-

183 1627 278 1652 cere
306 1611 498 1659 idolum,
545 1609 661 1650 aliud
700 1608 1035 1651 similitudinem.
1102 1609 1158 1650 Et
1185 1609 1219 1651 si
1249 1610 1422 1665 quidem
1454 1610 1614 1652 Domi-

183 1706 264 1729 nus
294 1705 374 1730 nos
407 1689 461 1728 ad
494 1703 563 1736 ea,
609 1702 720 1742 quae
751 1685 933 1727 dicenda
963 1697 1084 1738 sunt,
1124 1686 1367 1729 illuminare
1404 1689 1613 1741 dignetur,

185 1781 260 1816 ego
291 1765 350 1806 sic
382 1763 568 1805 arbitror
598 1763 920 1819 accipiendum,
954 1764 1093 1819 quod,
1125 1764 1242 1804 verbi
1275 1780 1419 1813 causa,
1457 1764 1491 1805 si
1520 1763 1613 1819 quis

182 1844 227 1884 in
259 1841 452 1897 quolibet
480 1840 653 1881 metallo
686 1840 792 1891 auri,
821 1839 887 1880 vel
918 1839 1092 1892 argenti,
1121 1841 1186 1881 vel
1215 1839 1330 1894 ligni,
1359 1842 1425 1882 vel
1459 1840 1610 1897 lapidis

300 2044 343 2101 1)
374 2044 510 2085 Exod.
542 2043 641 2093 XX,
670 2044 711 2086 3.

298 2116 344 2170 2)
377 2115 512 2155 Exod.
544 2113 644 2162 XX,
674 2114 714 2154 4.
748 2113 845 2155 coll.
875 2128 970 2169 pag.
1000 2114 1067 2156 91.
1100 2125 1190 2155 not.
1223 2117 1261 2158 1.
1290 2114 1330 2155 2.
1363 2123 1403 2153 et
1432 2114 1471 2155 5.

299 2187 345 2240 3)
378 2186 396 2225 I
429 2185 529 2226 Cor.
561 2183 676 2233 VIII,
706 2184 745 2225 5.
865 2182 910 2240 4)
944 2184 962 2223 Ι
996 2183 1094 2224 Cor.
1126 2183 1239 2235 VIII,
1268 2183 1308 2225 4.

300 2256 345 2310 5)
376 2256 488 2297 Edd.
517 2253 713 2295 lWerlini:
745 2252 859 2294 dixit.

297 2326 344 2381 ὅ)
377 2326 457 2367 ΕἉά
487 2323 624 2365 Ruaei
652 2323 765 2365 sola:
796 2340 887 2364 non
918 2324 1037 2365 addit
1068 2325 1166 2380 quia
1204 2321 1501 2366 similitudines
1533 2334 1608 2364 etc.

299 2396 344 2451 7)
374 2396 511 2437 Exod.
541 2394 640 2443 XX,
669 2394 707 2435 4.
742 2394 842 2435 coll.
873 2410 964 2450 pag
997 2393 1082 2451 huj.
1114 2406 1202 2436 not.
1231 2396 1270 2437 2.

300 2466 346 2519 8)
379 2465 541 2506 Graeca
574 2462 700 2520 hujus
729 2464 952 2516 fmgmenti
984 2466 1137 2515 verba,
1169 2466 1362 2506 desumta
1393 2478 1416 2504 e
1444 2462 1610 2504 schedis

182 2521 580 2570 Mss.Combcf1sii,
611 2522 715 2561 haec
744 2532 863 2561 sunt:
896 2519 997 2588 „013
1031 2519 1236 2575 ποιήσεις
1266 2534 1438 2575 σεαυτῳ
1471 2521 1609 2562 είδω-

182 2582 282 2636 λον,
317 2578 421 2621 οὐδὲ
451 2576 621 2625 παντὸς
651 2575 878 2633 ὁμοίωμα.
887 2554 920 2602 ‘⁶
966 2573 1099 2621 ”Amo
1145 2580 1356 2645 εἴδωλον,
1403 2579 1480 2619 καὶ
1512 2576 1610 2620 ἕτε-

183 2651 273 2704 ρον
308 2633 534 2703 ὁμοίωμα.
585 2631 820 2703 Ὁμοιωμα
855 2634 944 2691 μὲν
970 2631 1061 2692 γάρ
1093 2636 1239 2689 ἐστιν,
1284 2631 1367 2677 {av
1401 2635 1535 2688 ποιῆς
1564 2636 1609 2674 ἷ-

177 2689 340 2749 χθύος,
372 2688 399 2745 ἢ
430 2688 726 2759 τετραπόδου,
767 2688 795 2744 ἢ
825 2695 988 2748 θηρίου
1022 2690 1099 2736 δια
1128 2695 1435 2761 τεχνουργίας,
1467 2693 1496 2746 ἢ
1529 2688 1608 2733 δια

184 2753 445 2818 ζωγραᾳίας
475 2745 705 2817 ὁμοίωμα·
738 2733 930 2814 εἴιξωλον
961 2749 1026 2803 δὲ,
1061 2745 1146 2791 ὅσα
1182 2748 1480 2791 ἀνατυποῦσα
1509 2756 1607 2803 ψυ-

176 2804 239 2862 χὴ
271 2810 405 2859 ποιεῖ,
440 2803 522 2846 οὐκ
554 2805 600 2852 ἐξ
629 2802 949 2874 ὑγζαοχόντων
961 2801 1280 2862 πρωτοτύπως·
1314 2808 1414 2848 οἱον
1431 2803 1608 2861 ἀναμε-

182 2866 414 2920 μιγμένον
442 2858 492 2904 τὸ
526 2862 641 2911 ζῶον
672 2859 763 2904 ἀπὸ
796 2858 1046 2917 ἀνθοώπου
1076 2864 1153 2905 καὶ
1185 2864 1347 2906 ι’ππου.
1380 2861 1430 2902 R.
