1752 3136
556 160 609 192 m
639 147 895 190 anrncum
924 145 1125 187 ΗοΜηῙΑ
1154 145 1185 188 Ι.
1502 148 1586 192 173

175 259 261 302 Sed
291 261 394 302 haec
422 260 653 301 secundum
684 257 862 306 literam,
894 272 1001 312 quae
1029 269 1232 311 tanquam
1263 272 1362 298 caro
1381 256 1425 312 ¹)
1455 258 1587 302 Verbi

172 337 258 378 Dei
289 348 371 392 est,
416 348 455 377 et
482 336 780 376 indumentum
826 332 1050 374 divinitatis
1088 332 1198 390 ejus,
1243 333 1359 385 digni
1398 335 1586 377 fortassis

172 416 237 455 vel
268 412 512 468 adspiciam,
548 412 608 451 vel
638 411 811 450 audiant
843 421 882 450 et
911 410 1085 461 indigni.
1158 410 1243 451 Sed
1283 422 1320 450 et
1349 411 1458 451 beati
1487 422 1587 451 sunt

172 490 234 531 illi
265 489 388 537 oculi,
420 487 492 543 qui
521 488 729 528 velamine
758 487 904 527 literae
944 488 1159 527 obt-ectum
1199 487 1446 528 intrinsecus
1478 487 1584 528 divi-

170 584 272 607 num
306 564 511 620 Spiritum
539 563 699 615 vident;
730 574 768 603 et
798 564 909 604 beati
935 576 1044 613 sunt,
1076 565 1147 619 qui
1177 566 1229 605 ad
1251 564 1350 604 haec
1375 564 1587 604 audienda

168 642 346 682 mundas
376 657 496 681 aures
526 639 734 682 interioris
755 641 937 683 hominis
960 642 1164 681 deferunt.
1217 640 1417 696 Alioquin
1441 651 1587 695 aperte

166 717 210 757 1’11
242 717 304 757 his
333 716 601 758 sermonibus
633 718 892 758 occidentem
934 717 1096 758 literam
1135 719 1325 759 sentient.
1394 718 1440 759 Si
1471 720 1585 758 enim

164 795 399 836 secundum
432 794 639 849 quosdam
681 793 802 834 etiam
842 807 1085 835 nostrorum
1124 794 1382 836 intellectum
1420 795 1586 850 simpli-

171 888 262 912 cem
285 888 450 926 sequar,
483 882 522 910 et
552 871 710 924 absque
733 870 830 919 ulla,
852 894 903 900 —
922 883 967 911 ut
989 871 1067 926 ipsi
1086 872 1224 912 ridere
1253 889 1332 912 nos
1363 873 1500 912 solent
1517 897 1584 922 —-,

167 949 340 1003 stropha
370 947 487 988 verbi
519 958 559 987 et
588 946 810 997 allegoriae
841 948 992 987 nubilo
1024 964 1170 988 vocem
1196 947 1441 1000 legislatoris
1473 947 1584 989 exci-

166 1025 296 1080 piam,
326 1041 400 1077 ego
434 1023 729 1064 ecclesiasticus
760 1025 837 1063 sub
868 1024 954 1064 fide
985 1023 1138 1065 Christi
1168 1025 1318 1073 vivens,
1351 1037 1388 1065 et
1417 1025 1462 1065 in
1491 1041 1582 1066 me·-

167 1101 239 1142 dio
272 1101 467 1141 ecclesiae
495 1099 682 1155 positus,
728 1102 779 1140 ad
809 1100 1131 1141 sacrificandum
1170 1101 1322 1142 vitulos
1361 1112 1400 1141 et
1440 1091 1600 1154 331103,Α

166 1189 206 1218 et
236 1179 290 1218 ad
321 1178 586 1217 offerendam
616 1176 795 1216 similam
820 1194 914 1217 cum
932 1179 1056 1217 thure
1087 1189 1126 1218 et
1157 1179 1268 1227 olet),
1300 1177 1428 1220 divini
1458 1194 1583 1233 prae-

165 1254 275 1310 cepti
306 1253 554 1295 auctoritate
585 1254 836 1309 compellor.
897 1254 993 1294 Hoc
1024 1253 1137 1294 enim
1166 1267 1307 1306 agunt,
1339 1259 1410 1312 qui
1442 1257 1583 1297 deser-

162 1333 249 1373 vire
278 1347 355 1372 nos
386 1330 605 1380 historiae,
645 1342 685 1371 et
720 1347 884 1372 servare
923 1332 1020 1385 legis
1057 1331 1220 1372 literam
1261 1318 1430 1385 cogunt.
1494 1335 1580 1375 Sed

161 1421 326 1463 tempus
359 1418 418 1448 est
447 1424 526 1449 nos
557 1409 752 1449 adversus
781 1407 1003 1463 improbos
1025 1411 1293 1466 presbyteros
1323 1410 1384 1450 uti
1414 1423 1581 1452 sanctae

163 1486 380 1526 Susannae
409 1485 596 1533 vocibus,
626 1502 726 1540 quas
757 1484 819 1524 illi
850 1485 1022 1539 quidem
1051 1486 1330 1541 repudiantes,
1360 1487 1581 1528 historiam

163 1562 382 1603 susannae
412 1562 464 1602 de
495 1561 686 1613 catalogo
727 1559 969 1602 divinorum
1013 1563 1281 1603 voluminum
1321 1565 1580 1606 desecarunt.

161 1639 252 1679 Nos
289 1651 427 1679 autem
459 1650 498 1678 et
529 1637 777 1693 suscipimus
809 1649 848 1678 et
880 1651 1123 1694 opportune
1155 1652 1300 1680 contra
1329 1641 1443 1696 ipsos
1473 1658 1579 1696 pro-

160 1714 346 1762 ferimus,
378 1713 584 1755 dicentes:
614 1714 914 1769 ,‚angustiae²)
946 1715 1050 1756 mihi
1079 1717 1310 1772 undique.“
1378 1716 1424 1758 Si
1466 1718 1579 1758 enim

159 1791 244 1832 hoe
298 1807 550 1832 consensero
596 1791 735 1840 vobis,
782 1803 829 1831 ut
867 1791 966 1843 Iegis
1009 1793 1172 1834 literam
1215 1810 1390 1849 sequar:
1436 1811 1580 1843 „mors

158 1868 264 1909 mihi
296 1867 422 1909 erit:“
450 1868 483 1909 si
515 1879 653 1908 autem
683 1883 772 1908 non
804 1884 1079 1910 consensero:
1109 1887 1226 1919 „non
1257 1871 1454 1922 effugiam
1485 1889 1577 1913 ma-

158 1963 237 1987 nus
266 1958 429 1987 vestras.
487 1946 580 1987 Sed‘
602 1944 750 1986 melius
781 1956 838 1986 est
866 1960 935 1985 me
963 1946 1113 2000 sine3)
1133 1948 1223 1988 ullo
1252 1960 1364 2001 gestu
1389 1948 1577 1991 incidere

158 2022 204 2063 in
234 2038 383 2063 manus
413 2033 584 2071 vestras,
628 2037 755 2076 quam
797 2037 976 2077 peccare
1013 2022 1057 2063 in
1099 2037 1326 2080 conspectu
1358 2026 1577 2068 Domini.“

157 2098 397 2139 lucidamus
430 2114 527 2150 ergo
560 2109 598 2139 et
626 2115 727 2151 nos,
765 2099 798 2140 si
828 2099 884 2140 ita
911 2116 1081 2142 necesse
1111 2113 1192 2151 est,
1227 2103 1272 2144 in
1305 2103 1579 2145 obtrectatio-

159 2190 232 2216 nes
260 2187 424 2225 vestras‚
452 2186 618 2216 tantum
648 2187 695 2217 ut
724 2175 939 2217 veritatem
969 2178 1087 2218 verbi
1105 2178 1187 2219 Dei
1216 2181 1292 2221 sub
1312 2179 1457 2221 literae
1485 2193 1574 2234 teg-

160 2252 276 2292 mine
314 2263 562 2307 coopertam
604 2254 658 2294 ad
700 2252 917 2294 Christum
953 2253 1042 2311 jam
1090 2254 1334 2297 Dominum
1373 2273 1576 2300 conversa

278 2404 319 2460 ¹)
345 2403 468 2468 ⁹Libri
506 2404 604 2445 editi
634 2405 693 2460 (v.
726 2422 760 2447 c.
802 2408 896 2447 edd.
928 2406 1032 2463 Μ.>;
1061 2424 1187 2457 „caro
1226 2408 1357 2450 Verbi
1389 2410 1472 2452 Dei
1503 2423 1575 2462 est,

160 2472 200 2502 et
229 2488 284 2498 —-
315 2477 427 2556 Ejus,
467 2461 582 2514 digni
617 2464 817 2504 fortasse“
860 2475 957 2513 etc.‚
999 2465 1074 2506 sed
1120 2465 1219 2506 Mss.
1261 2476 1309 2510 ut
1345 2466 1390 2507 in
1423 2480 1572 2510 nostro

157 2527 284 2559 textu.
358 2550 366 2559 .

272 2587 318 2642 ²)
349 2587 455 2630 Hist.
489 2588 669 2629 Susann.
699 2605 836 2630 versus
867 2592 933 2632 22.
963 2591 1029 2632 23.
1059 2590 1194 2646 (Dan.
1225 2590 1353 2641 XIII,
1381 2593 1450 2635 22.
1480 2595 1573 2651 23.)

158 2668 211 2675 -
240 2642 410 2685 Veteres
441 2644 647 2686 editiones
677 2645 737 2700 (e.
768 2661 802 2686 e.
835 2648 928 2687 edd.
947 2644 1052 2701 M.):
1071 2647 1311 2699 „angustiae
1340 2649 1444 2690 mihi
1474 2663 1573 2691 sunt

156 2699 405 2796 undiqueI}“
459 2702 533 2742 sed
591 2701 698 2742 Cod.
757 2700 1132 2754 sangermanensis
1185 2703 1339 2745 omittit
1391 2708 1570 2749 verbum

156 2761 318 2807 „sunt.“
388 2789 396 2797 .

274 2824 318 2880 ³)
352 2825 490 2870 Codd.
523 2826 824 2869 Gemeticensis
846 2835 888 2869 'et
903 2827 1200 2871 Cadomensis:
1231 2831 1377 2883 „nullo
1407 2837 1567 2887 gestu;“

161 2880 268 2924 cod.
300 2883 687 2939 Sangermancnsis:
718 2884 832 2938 „sine
861 2887 951 2929 ullo
982 2891 1135 2940 gestu.“
1165 2886 1216 2929 R.
