1752 3136
490 126 536 155 m
565 113 819 155 L13v1T1cum
849 112 1052 153 HommA
1077 111 1129 151 II.
1438 113 1520 157 185

107 243 153 267 cx
184 225 316 283 capris
346 225 515 284 jubetur
545 225 725 273 offerre,
769 239 860 264 non
902 223 1224 272 holocaustum,
1254 224 1328 264 scd
1357 235 1520 267 tantum

104 315 151 344 ut
192 305 244 345 de
281 302 482 356 sanguine
521 298 607 356 ejus
647 300 842 355 imponat
877 300 1074 341 sacerdos
1112 315 1241 355 super
1282 300 1434 349 altare,
1482 314 1523 341 et

106 397 277 421 omnem
307 380 474 434 adipem
506 375 593 432 ejus
626 378 779 416 offerat
808 377 852 417 in
883 375 1024 416 altari:
1053 375 1264 432 reliquum
1285 388 1426 418 autem
1456 394 1522 419 sa-

104 456 345 498 cerdotibus
358 464 572 495 remaneat
589 452 629 507 ι)
648 453 698 493 ad
721 453 950 502 adendum,
966 451 1167 503 sanguine
1184 464 1347 494 tantum
1368 455 1422 494 ad
1445 455 1522 495 ba-

104 533 168 574 sin
197 530 336 573 altaris
368 532 517 571 effuso.
565 528 610 571 Si
640 544 738 570 vero
771 529 911 569 anima
939 528 1078 581 fuerit,
1107 528 1257 585 inquit,
1287 548 1384 580 una,
1416 547 1524 586 quae

106 603 230 650 offert
257 624 337 663 pro
367 618 557 662 peccato,
590 622 760 662 capram
793 606 997 647 seminam
1031 605 1206 647 offerat:
1245 604 1329 646 ritu
1369 606 1526 649 scilicet

104 686 268 734 eodem,
286 700 371 739 quo
391 682 556 724 hircum
577 683 769 738 superius
794 682 973 723 diximus
995 680 1286 724 immolatum:
1318 685 1463 739 „quod
1477 685 1524 738 2)

98 760 132 802 si
161 776 251 802 non
282 759 475 809 valuerit,
521 758 681 814 inquit,
728 775 878 800 manus
918 757 1005 816 ejus
1038 760 1092 800 ad
1124 775 1314 816 capram,
1366 760 1431 801 vel
1471 763 1526 802 ad

103 854 277 891 agnum,
306 854 385 893 par
412 847 626 877 turturum
666 834 898 891 offeret,3)
944 846 1017 875 aut
1047 837 1155 877 duos
1187 837 1330 892 pullos
1361 838 1526 878 colum-

101 917 295 957 barum.“
374 913 508 968 Quod
551 912 583 953 si
632 928 712 953 nec
756 913 841 953 hoc
869 912 1074 962 inveniet,
1124 913 1331 954 decimam
1361 926 1528 969 partem

103 993 202 1048 ephi
219 991 264 1048 4)
293 989 535 1041 similaginis
573 988 662 1029 sine
703 990 798 1030 oleo
838 1000 878 1029 et
916 988 1006 1029 sine
1035 989 1158 1029 thure
1201 990 1430 1030 mandatur
1461 992 1527 1031 of-

99 1071 222 1110 ferre.
280 1069 397 1109 Haec
429 1067 599 1122 quidem
629 1065 755 1106 nobis
785 1064 946 1116 singula
976 1064 1111 1120 priori
1140 1066 1324 1107 lectione
1356 1067 1528 1109 recitata

100 1156 211 1195 sunt,
240 1161 385 1185 verum
418 1142 654 1198 explanatio
687 1158 850 1190 eorum,
884 1141 1090 1196 quoniam
1106 1152 1302 1198 tempore
1333 1145 1527 1185 exclude-

99 1225 276 1272 bamur,
309 1221 459 1262 omissa
491 1231 568 1260 est:
613 1221 666 1260 de
697 1236 779 1275 qua
811 1235 926 1259 nunc
956 1218 1102 1273 paucis
1132 1235 1410 1260 commonere
1439 1232 1526 1261 stu-

101 1299 243 1340 diosos
274 1313 489 1354 quosque,
521 1309 559 1338 et
590 1314 683 1347 eos,
715 1295 787 1352 qui
818 1296 942 1337 etiam
972 1296 1293 1351 praeteritarum
1323 1297 1529 1338 memine-

99 1375 184 1418 rint
211 1375 464 1424 lectionum,
512 1374 746 1414 absurdum
774 1389 865 1414 non
904 1384 1037 1427 puto,
1086 1388 1345 1428 quamquam
1381 1374 1435 1415 ad
1467 1390 1527 1426 ea,

103 1469 210 1508 quae
239 1468 378 1506 nuper
407 1451 578 1491 recitata
607 1462 716 1499 sunt,
748 1465 986 1501 urgeamur.

213 1529 253 1569 2.
283 1528 340 1567 Et
379 1526 520 1582 primo
561 1526 685 1566 velim
725 1525 890 1574 videre,
931 1541 1038 1580 quae
1077 1524 1127 1567 sit
1162 1524 1238 1566 ista
1277 1525 1529 1577 differentia,

103 1605 222 1660 quod
254 1603 332 1644 alia
362 1603 532 1658 quidem
576 1601 795 1643 hominem
836 1600 935 1642 dicit
976 1603 1156 1652 offerre,
1201 1601 1280 1643 alia
1326 1602 1525 1656 animam,

104 1682 182 1722 alia
212 1680 474 1735 pontificem,
505 1678 582 1719 alia
602 1695 870 1736 synagogam,
901 1677 980 1720 alia
1006 1678 1256 1734 principem,
1287 1679 1367 1720 alia
1397 1696 1528 1721 unam

102 1757 286 1798 animam
318 1772 364 1796 ex
394 1756 560 1811 populo
591 1767 740 1796 terrae.
798 1755 853 1796 Et
881 1766 987 1810 puto
1020 1754 1194 1810 quidem
1226 1756 1446 1796 hominem
1478 1756 1530 1797 il-

101 1835 191 1875 lum
224 1835 379 1875 debere
414 1831 610 1885 intelligi,
663 1832 736 1888 qui
775 1832 830 1874 ad
864 1832 1091 1884 imaginem
1131 1843 1171 1873 et
1210 1831 1530 1874 similitudinem

101 1911 187 1953 Dei
215 1912 370 1961 factus,
413 1908 722 1951 rationabiliter
764 1908 872 1950 vivit.
941 1907 1023 1950 Hic
1064 1925 1162 1950 vero
1203 1926 1358 1950 munus
1404 1911 1531 1951 offert

102 1989 201 2029 Deo
231 1987 420 2036 vitulum,
452 2004 550 2028 cum
582 1986 716 2028 carnis
745 1985 990 2042 superbiam
1019 1985 1175 2028 vicerit.
1236 1985 1392 2035 Ovem,
1431 2003 1529 2027 cum

104 2064 414 2106 irrationabiles
451 2075 590 2104 motus
628 2062 959 2119 insipientesque
998 2061 1237 2104 correxerit.
1313 2063 1530 2114 Hoedum,

104 2158 201 2182 cum
236 2140 446 2182 lasciviam
482 2140 750 2196 superaverit.
831 2140 973 2181 Offert
1013 2139 1139 2181 etiam
1186 2156 1266 2195 par
1301 2150 1529 2191 turturum,
1583 2190 1587 2191 ⁷

103 2236 201 2259 cum
230 2235 318 2259 non
349 2218 474 2259 fuerit
501 2217 637 2266 solus,
666 2218 739 2258 sed
767 2228 951 2258 mentem
985 2233 1104 2258 suam
1142 2218 1273 2257 verbo
1303 2217 1387 2259 Dei
1415 2218 1531 2259 velut

102 2295 262 2352 vero⁵>
295 2293 463 2351 conjugi
492 2293 733 2344 sociaverit,
775 2294 882 2336 sicut
915 2294 998 2335 hoc
1030 2311 1158 2347 genus
1191 2293 1354 2345 avium,
1393 2311 1528 2336 unum

220 2467 264 2522 ¹)
297 2467 405 2509 Cod.
438 2467 733 2520 Sangerman.:
772 2473 1054 2519 ‚‚remaneat.“
1112 2466 1231 2508 Libri
1272 2466 1395 2509 editi:
1439 2485 1530 2520 „re-

103 2528 287 2567 manet.“
314 2525 365 2566 R.
396 2550 447 2558 —
480 2526 589 2566 Edd.
619 2524 814 2567 Merlini:
845 2527 1128 2575 „remaneat.“

221 2594 268 2650 2)
300 2594 387 2636 Cfr.
421 2595 552 2636 Levit.
583 2594 634 2647 V,
664 2595 701 2636 7.
821 2595 868 2650 3)
896 2595 1005 2635 Edd.
1036 2593 1233 2634 NI‘erlini:
1263 2595 1426 2636 offerat.

218 2662 265 2719 ¹²)
297 2664 458 2706 Omnes
487 2664 609 2707 Mss.:
648 2663 812 2720 ‚,ephi.“
869 2663 987 2707 Libri
1025 2662 1126 2705 editi
1164 2663 1224 2719 (v.
1256 2680 1289 2705 c.
1319 2666 1414 2706 edd.
1445 2665 1530 2721 M.)

104 2720 215 2762 male
227 2737 235 2760 ε
267 2722 448 2773 ‚,0sfae.“
480 2721 531 2761 R.

222 2789 267 2844 ⁵)
300 2790 464 2833 Omnes
494 2790 613 2835 Mss.:
645 2795 814 2843 „vero.“
869 2789 986 2834 Libri
1015 2789 1116 2835 editi
1146 2791 1206 2847 (v,
1238 2808 1271 2834 c.
1302 2790 1395 2834 edd.
1425 2788 1531 2846 M.>:

108 2846 265 2898 „virof‘
293 2846 342 2889 R.
