1752 3136
469 131 516 162 m
545 119 746 163 Exonmu
776 119 979 162 HommA
1008 119 1081 161 111.
1434 124 1489 167 27

63 233 108 274 in
126 231 169 287 ¹)
193 241 384 273 montem
413 231 497 274 Dei
528 233 858 281 adscenderunt,
886 243 934 273 ut
961 232 1311 274 transformatum
1340 234 1487 277 Jesum

63 310 207 351 videre
237 320 514 358 mereremur,
547 321 587 350 et
613 309 770 351 Mosen
802 326 900 351 cum
930 308 1039 365 ipso,
1070 320 1196 365 atque
1225 307 1394 351 Heliam
1427 311 1487 352 vi-

65 388 214 428 derent
243 386 286 427 in
318 386 462 439 gloria.
529 386 586 428 Et
623 398 669 427 tu
712 402 810 439 ergo
850 384 930 427 nisi
968 377 1237 428 adscenderis
1279 387 1332 427 ad
1361 404 1489 428 mon-

7 478 14 486 *
61 475 148 505 tem
178 462 262 504 Dei
292 474 332 503 et
359 463 420 504 ibi
452 463 687 505 occurreris
718 462 851 512 Mosi,
890 462 936 504 id
967 475 1046 510 est,
1075 462 1156 504 nisi
1187 464 1395 504 excelsum
1428 465 1489 505 le-

62 541 119 593 gis
158 537 424 581 adscenderis
465 556 655 584 sensum:
704 539 784 582 nisi
825 541 878 581 ad
922 540 1150 596 spiritualis
1187 540 1488 593 intelligentiae

62 633 266 659 cacumen
298 615 493 666 evaseris,
532 633 621 657 non
664 628 723 658 est
764 633 809 659 os
846 628 970 658 tuum
1000 629 1193 673 apertum
1226 635 1247 658 a
1279 618 1486 659 Domino.

26 722 35 729 -
60 694 106 736 Si
135 693 180 735 in
202 694 363 735 'humili
392 694 491 734 loco
524 692 668 734 literae
687 694 858 745 steteris,
875 706 913 735 et
938 694 1139 736 historiae
1156 706 1312 735 textum
1346 693 1485 750 judai-

61 770 116 813 cis
144 769 460 813 narrationibus
495 769 695 822 innectas,
724 788 814 812 non
847 770 1069 813 occurristi
1094 771 1208 812 Mosi
1229 772 1273 813 in
1293 783 1486 813 montem

59 848 155 898 Dei,
175 865 254 890 nec
283 865 329 890 os
353 857 474 889 tuum
497 847 663 902 aperuit
689 848 819 898 Deus,
839 865 979 905 neque
1004 847 1197 891 instruxit
1214 860 1269 897 te,
1297 865 1404 903 quae
1437 866 1485 891 o-

59 938 228 981 porteat
241 937 282 967 te
300 922 434 981 loqui.
476 925 565 967 Nisi
579 941 677 977 ergo
699 926 844 966 Aaron
859 925 1110 967 occurrisset
1128 924 1243 967 Mosi
1260 925 1303 965 in
1325 938 1490 976 monte,

62 1002 142 1045 nisi
166 1003 429 1060 eiussensugn
450 1002 678 1044 sublimem
708 1001 874 1044 vidisset
896 1014 936 1043 et
958 1003 1154 1051 arduum,
1174 1002 1253 1044 nisi
1274 1006 1481 1046 excelsam

62 1078 150 1137 ejus
169 1079 487 1133 intelligentiam
513 1078 807 1134 perspexisset:
838 1096 1061 1135 nunquam
1086 1080 1123 1120 ei
1149 1081 1315 1121 locutus
1340 1082 1484 1123 fuisset

61 1159 189 1201 verba
214 1157 312 1208 Dei,
339 1172 479 1213 neque
508 1154 705 1196 virtutem
735 1156 957 1206 signorum
985 1156 1372 1214 prodigiorumque
1399 1170 1486 1200 tra-

61 1237 244 1287 didisset,
271 1249 412 1292 neque
441 1231 692 1288 participem
723 1248 821 1273 eum
852 1232 1175 1297 tantilmysterii
1206 1235 1486 1278 conscivisset.

153 1301 211 1354 ’3.
241 1310 402 1351 Verum
444 1309 650 1365 quoniam
689 1311 868 1362 longum
900 1321 959 1352 est
999 1312 1052 1352 de
1095 1310 1266 1363 singulis
1306 1329 1386 1369 per
1416 1330 1487 1355 or-

60 1389 205 1430 dinem
235 1387 390 1436 dicere,
419 1387 658 1435 videamus,
685 1385 858 1440 ingressi
889 1389 942 1429 ad
974 1376 1244 1431 Pharaonem
1274 1390 1418 1434 Moses
1451 1403 1490 1434 et

61 1470 209 1508 Aaron
241 1464 344 1521 quid
376 1463 544 1505 dicunt:
576 1463 771 1518 „haec²)
803 1463 905 1505 dicit
934 1465 1174 1508 Dominus:
1212 1467 1377 1510 dimitte
1406 1486 1487 1524 po-

58 1544 211 1599 pulum
249 1557 416 1590 meum,
455 1551 503 1581 ut
544 1539 726 1581 serviant
765 1541 883 1582 mihi·
909 1542 955 1582 in
1001 1550 1186 1586 eremo.“
1260 1547 1361 1588 Non
1399 1548 1489 1588 vult

61 1620 227 1671 Moses,
268 1629 316 1660 ut
352 1618 540 1673 populus
577 1616 622 1657 in
661 1619 853 1676 Aegypto
895 1620 1058 1674 positus
1098 1621 1250 1664 serviat
1279 1624 1489 1674 Domino,

62 1683 137 1740 sed
166 1708 214 1739 ut
243 1706 360 1737 exeat
386 1693 432 1734 in
465 1696 698 1743 desertum,
743 1706 784 1734 et
822 1694 884 1735 ibi
919 1697 1071 1738 serviat
1111 1699 1321 1742 Domino.
1390 1702 1488 1743 Hoc

32 1780 35 1781 ⁷
61 1786 120 1817 est
147 1759 238 1816 sine
266 1772 425 1821 dubio,
465 1773 584 1827 quod
625 1770 832 1820 ostendit,
872 1771 970 1827 quia
1001 1775 1141 1817 donec
1174 1778 1267 1832 quis
1296 1778 1341 1820 in'
1371 1791 1488 1821 tene-

24 1870 29 1874 ·
62 1852 149 1894 bris
178 1847 463 1893 saecularibus
495 1858 652 1897 manet,
684 1858 723 1887 et
754 1845 798 1887 in
815 1851 1085 1901 negotiorum
1110 1854 1368 1897 obscuritate
1395 1873 1490 1898 ver-

61 1939 197 1978 satur,
236 1943 327 1968 non
367 1936 522 1984 potest·
548 1924 702 1966 servire
730 1924 938 1967 Domino.
1005 1928 1108 1970 Non
1147 1931 1261 1973 enim
1292 1934 1490 1990 potest3)

63 2005 232 2046 duobus
260 2001 462 2046 Dominis
491 2002 668 2044 servire:
706 2017 797 2042 non
838 2016 978 2059 potest
1015 2005 1212 2050 Domino
1253 2011 1410 2052 servire
1449 2023 1491 2053 et

63 2097 348 2123 mammonae.
407 2079 661 2120 Exeundum
691 2078 820 2131 igitur
847 2081 973 2123 nobis
1004 2095 1063 2124 est
1094 2086 1148 2126 de
1176 2088 1391 2145 Aegypto:
1422 2106 1492 2131 re-

61 2159 321 2215 linquendus
352 2169 409 2198 est
438 2157 638 2205 mundus,
667 2155 701 2198 si
730 2157 926 2200 volumus
955 2158 1150 2203 Domino
1180 2163 1346 2207 servire·
1406 2165 1492 2208 Re-

62 2236 321 2292 linquendus
344 2247 506 2284 autem,
537 2234 649 2283 dico,
679 2251 770 2275 non
800 2235 912 2285 loco,
936 2239 1010 2278 sed
1032 2239 1196 2281 animo:
1227 2259 1319 2284 non
1337 2241 1491 2286 itinere

60 2313 400 2372 proficiscendo,
443 2312 517 2353 sed
557 2313 642 2353 fide
681 2313 964 2368 proficiendo.
1040 2318 1156 2360 Audi
1195 2320 1302 2361 haec
1340 2324 1491 2365 eadem

63 2392 280 2432 Joannem
311 2389 547 2431 dicentem:
573 2388 768 2445 filioli‚⁴)
799 2391 936 2433 nolite
967 2393 1140 2445 diligere
1157 2399 1382 2450 mundum,
1412 2417 1489 2442 ne-

64 2485 148 2524 que
179 2484 240 2518 ea,
271 2482 380 2523 quae
408 2464 452 2506 in
482 2466 648 2506 mundo
680 2478 799 2508 sunt:
841 2469 1047 2525 quoniam
1086 2489 1238 2526 omne,
1284 2478 1403 2531 quod
1440 2476 1485 2519 in

64 2546 230 2587 mundo
263 2556 347 2594 est,
386 2541 642 2585 desiderium
673 2544 807 2586 carnis
840 2557 920 2596 est,
960 2559 1002 2588 et
1039 2548 1295 2593 desiderium
1335 2556 1490 2596 oculo-

65 2626 201 2663 rum.“
266 2621 323 2661 Et
361 2620 464 2676 quid
504 2631 645 2661 tamen
684 2620 816 2663 dicit?
873 2623 1138 2679 Quomodo,
1179 2631 1243 2672 vel
1280 2644 1488 2688 quatenus

183 2746 227 2800 ¹)
256 2745 388 2786 Deest
414 2744 510 2794 „in“
540 2746 584 2787 in
617 2747 711 2788 edd.
744 2748 803 2788 M.

181 2814 228 2870 ²)
259 2814 397 2856 Exod.
428 2815 479 2865 V,
509 2816 546 2856 1.
665 2816 712 2871 3)
744 2818 842 2862 Luc.
875 2822 997 2874 XVI,
1031 2823 1095 2868 13.

186 2883 232 2939 ⁴²)
262 2885 281 2925 Ι
313 2885 470 2926 Joann.
501 2884 554 2935 II,
589 2889 653 2932 15.
687 2887 745 2931 16.
