1752 3136
489 162 537 195 ns·
564 151 818 194 Lssvmcmu
848 149 1050 193 Homini
1080 151 1194 193 XIV.
1470 155 1556 198 413

142 262 423 305 Postmodum
454 280 554 305 vero
586 279 683 304 cum
713 264 954 305 confutatus
985 262 1112 304 fuerit
1138 280 1219 319 pro
1259 274 1450 318 peccato,
1479 267 1560 308 exit

143 340 268 380 etiam
300 342 353 380 de
384 353 507 382 coetu
538 352 578 381 ct
609 340 935 392 congregatione
966 352 1222 386 sanctorum.
1288 341 1349 383 Ut
1378 344 1412 384 si
1442 345 1559 386 verbi

143 432 264 457 causa
296 416 505 458 dicamus:
533 416 720 472 peccavit
750 415 896 471 aliquis
916 417 1120 467 fidelium,
1150 418 1225 459 iste
1257 419 1416 461 etiamsi
1445 438 1558 462 non-

144 494 246 533 dum
277 492 500 551 abjiciatur
528 511 605 550 per
646 493 832 548 episcopi
862 493 1136 544 sententiam,
1176 494 1259 550 jam
1300 509 1443 539 tamen
1481 516 1559 554 per

142 568 280 621 ipsum
311 583 554 626 peccatum,
599 572 717 625 quod
757 570 944 619 admisit,
985 569 1140 627 ejectus
1181 584 1262 613 est:
1303 586 1341 614 et
1372 577 1559 630 quamvis

141 646 268 687 intret
298 648 528 698 ecclesiam,
560 659 701 688 tamen
735 645 888 703 ejectus
919 659 998 696 est,
1038 660 1076 688 et
1106 635 1210 690 foris
1241 663 1298 691 est
1327 666 1560 704 segregatus

147 739 170 762 a
202 725 419 765 consortio
452 738 490 766 et
519 724 796 765 unanimitate
827 725 1030 766 fidelium.
1076 725 1186 767 Exiit
1217 743 1313 779 ergo
1346 730 1452 771 filius
1482 748 1558 786 pa*

140 800 211 841 tris
249 801 464 858 Aegyptii,
512 813 551 842 et
594 801 736 842 matris
776 801 1031 843 Israelitidis.
1120 803 1208 857 Qui
1247 806 1414 860 penitus
1449 821 1561 850 extra

142 877 271 919 fidem
305 890 376 929 est,
406 891 517 920 totus
548 879 777 937 Aegyptius
808 891 879 923 est.
952 880 1040 934 Qui
1071 893 1209 922 autem
1242 882 1352 924 inter
1381 902 1459 925 nos
1489 898 1561 936 est,

142 967 181 995 et
210 968 368 1011 peccat,
400 972 447 996 ex
477 973 561 997 una
595 956 767 1011 quidem
797 968 929 1012 parte,
963 973 1043 1012 qua
1074 958 1170 999 Deo
1202 961 1355 1011 credit,
1394 962 1561 1005 Israeli-

141 1033 248 1073 ticae
277 1033 442 1074 videtur
473 1033 667 1085 originis:
711 1050 757 1074 ex
799 1050 846 1074 ea
875 1051 976 1075 vcro
1007 1048 1138 1090 parte,
1180 1053 1261 1091 qua
1298 1051 1469 1092 peccat,
1504 1042 1560 1081 de

142 1109 349 1167 Aegyptio
380 1126 507 1161 genus
539 1109 666 1150 ducit.
725 1110 848 1150 Duos
880 1127 977 1164 ergo
1004 1112 1224 1169 Scriptura
1252 1115 1479 1169 proposuit
1507 1116 1558 1157 li-

139 1186 335 1238 tigantes:
365 1203 499 1227 unum
533 1203 577 1227 ex
607 1187 770 1239 integro
803 1188 1044 1238 israelitam,
1078 1188 1148 1244 qui
1179 1188 1349 1241 litigavit
1372 1191 1558 1247 quidem,

139 1265 211 1304 sed
242 1280 332 1304 non
360 1264 573 1318 peccavit:
607 1263 732 1304 istum
765 1281 890 1314 vei-0,
935 1264 1054 1321 cujus
1093 1278 1315 1321 peccatum
1359 1269 1560 1320 designat,

139 1343 319 1383 maxima
361 1358 407 1381 ex
447 1352 568 1396 parte
606 1341 783 1382 mixtum
825 1358 913 1382 esse
956 1344 1169 1399 Aegyptio
1211 1344 1352 1395 generi
1389 1346 1560 1398 indicat,

144 1420 366 1460 adversum
399 1435 525 1473 quem
554 1418 688 1469 litigat
718 1418 926 1468 Israelita,
969 1430 1008 1459 et
1038 1421 1148 1461 forte
1179 1433 1490 1477 competenter,
1520 1437 1560 1466 et

143 1493 454 1535 rationabiliter
498 1494 639 1547 litigat.
713 1496 823 1536 Nam
869 1507 908 1536 et
950 1496 995 1536 in
1033 1496 1248 1554 Exod0¹)
1286 1500 1474 1541 Israelita
1520 1515 1560 1543 et

144 1565 391 1627 Aegyptius·
414 1571 598 1624 litigant,
645 1573 720 1613 ubi
754 1573 936 1613 israelita
965 1585 1157 1628 superat,
1207 1576 1405 1634 Aegytius
1436 1579 1559 1622 cadit.

134 1650 274 1704 (Igitur
304 1660 343 1689 et
375 1665 450 1701 ego
483 1649 613 1690 hodie
641 1650 673 1690 si
695 1650 909 1690 veritatem
932 1651 1170 1701 defendam,
1200 1653 1232 1693 si
1261 1670 1445 1708 pugnem
1477 1675 1556 1714 pro

141 1726 421 1767 ecclesiastica
452 1726 538 1766 fide
568 1727 787 1767 adversum
822 1743 931 1776 eum,
962 1728 1033 1782 qui
1066 1744 1111 1768 ex
1130 1740 1247 1783 parte
1265 1732 1438 1786 quidem
1469 1751 1560 1775 cre-

143 1804 203 1844 dit
235 1801 417 1852 Christo‚
449 1815 488 1843 et
518 1803 667 1858 recipit
698 1805 948 1859 Scripturas,
978 1805 1050 1844 sed
1081 1822 1170 1845 non
1204 1807 1362 1859 integre
1391 1827 1559 1853 sensum

142 1897 300 1930 earum,
329 1896 408 1920 nec
438 1879 619 1921 fideliter
647 1879 820 1935 recipit:
858 1880 975 1932 litigo
1006 1883 1228 1924 adversum
1260 1902 1375 1937 eum,
1408 1889 1479 1944 qui
1510 1905 1559 1931 ex

141 1968 275 1998 matre
305 1957 477 2012 quidem
511 1957 693 1998 Israelita
725 1969 804 2006 est,
846 1974 892 1998 ex
931 1970 1050 2013 patre
1080 1976 1180 2000 vero
1214 1964 1452 2020 Aegyptius.
1510 1966 1558 2009 Si

141 2034 232 2090 quis
263 2049 361 2085 ergo
392 2044 434 2073 et
460 2032 561 2072 fidei
592 2032 850 2082 credulitate,
882 2046 920 2074 et
943 2035 1126 2077 nominis
1146 2039 1410 2091 professione
1429 2041 1556 2083 Chri-

141 2111 297 2152 stianus
329 2121 401 2159 est,
433 2121 473 2150 et
501 2108 768 2156 Catholicus„
805 2110 880 2150 iste
918 2126 965 2151 ex
1007 2124 1185 2168 utraque
1221 2127 1341 2169 parte
1369 2118 1557 2162 Israelita

141 2200 211 2230 est.
272 2187 359 2241 Qui
391 2203 489 2228 vero
521 2186 786 2241 professione
818 2187 989 2242 quidem
1022 2188 1282 2233 Christianus
1313 2205 1395 2243 est,
1430 2195 1556 2237 intel-

140 2267 253 2307 lectu
283 2276 422 2305 autem
453 2263 553 2303 fidei
583 2263 815 2305 haereticus
847 2276 886 2305 et
915 2282 1132 2320 perversus
1163 2279 1242 2317 est,
1271 2267 1347 2310 iste
1374 2283 1556 2314 matrem

142 2343 316 2398 quidem
332 2339 620 2390 Israelitidem,
649 2353 811 2396 patrem
843 2358 941 2383 vero
963 2342 1214 2400 Aegyptium
1239 2345 1385 2388 habet.>
1428 2347 1556 2402 Quo-

140 2421 275 2462 modo
308 2433 407 2469 ergo
439 2418 522 2459 hoc
554 2416 736 2458 accidit?
774 2417 883 2458 Cum
902 2419 1141 2475 Scripturas
1172 2421 1263 2476 quis
1294 2423 1404 2475 legit,
1433 2437 1472 2466 et
1500 2427 1555 2468 li-

138 2509 271 2539 teram
306 2495 476 2550 quidem
507 2494 716 2549 sequitur,
753 2495 1014 2537 intellectum
1057 2510 1194 2539 autem
1232 2499 1429 2554 repudiat
1466 2503 1553 2558 spi-

140 2574 348 2622 ritualem,
377 2573 445 2612 hic
475 2583 649 2612 matrem
684 2571 853 2626 quidem
898 2574 1166 2615 israeliticam
1208 2576 1355 2627 habet,
1397 2577 1442 2619 id
1481 2592 1553 2628 cst,

141 2651 331 2691 literam:
361 2665 528 2690 sensum
560 2664 660 2688 vero
695 2649 791 2703 quia
823 2649 1082 2704 spiritualem
1113 2669 1201 2693 non
1232 2654 1440 2709 sequitur,
1478 2658 1551 2698 sed

140 2727 378 2775 carnalem,
416 2724 482 2766 isti
513 2736 570 2767 est
601 2725 828 2784 Aegyptius
859 2738 998 2782 pater:
1037 2738 1076 2769 et
1104 2726 1202 2771 ideo
1234 2731 1453 2774 adversum
1483 2749 1552 2776 ec-

257 2884 300 2939 1)
331 2883 418 2929 cfr.
447 2885 583 2929 Exod.
616 2886 666 2938 11,
702 2887 769 2931 11.
