1752 3136
423 161 470 192 m
498 149 753 190 anmcum
785 145 988 187 HommA
1013 145 1084 185 VI.
1285 143 1296 147 ”
1386 148 1468 190 275

51 263 173 316 igitur
203 262 368 313 Moses,
400 261 487 317 ipse
516 271 558 300 te
587 260 716 308 lavet,
747 268 787 300 et
816 257 904 314 ipse
934 268 974 299 te
1004 257 1164 300 induat.
1225 256 1473 312 Quomodo

49 353 90 382 te
118 342 258 382 lavare
285 349 423 396 potest
451 337 613 385 Moses,
656 336 903 390 frequenter
941 334 1107 377 audisti.
1176 335 1314 391 Saepe
1356 335 1468 378 enim

50 417 243 466 diximus,
274 415 390 470 quod
420 413 563 454 Moses
593 412 637 453 in
667 411 882 468 scripturis
922 412 1005 454 suis
1034 428 1115 468 pro
1147 413 1237 466 lege
1266 425 1470 469 ponatur,

49 494 155 536 sicut
184 493 229 534 in
258 489 485 541 Evangelio
518 489 677 530 dictum
710 500 790 531 est:
821 489 1007 539 „habent
1027 489 1069 543 ¹)
1098 489 1266 540 Mosen,
1298 502 1337 531 et
1367 507 1470 545 pro-

47 572 215 627 phetas:
243 565 416 608 audiant
444 565 583 607 illos.“
639 568 728 609 Lex
771 582 869 619 ergo
892 565 985 607 vDei
1016 578 1093 616 est,
1135 583 1245 622 quae
1280 578 1320 609 te
1350 568 1470 616 lavat,

45 647 137 702 ipsa
166 646 308 687 sordes
337 654 429 683 tuas
461 641 605 691 diluit,
639 643 752 698 ipsa,
795 642 828 684 si
859 643 1005 685 audias
1036 659 1151 693 eam,
1191 655 1468 699 peccatorum

45 720 216 763 tuorum
247 719 431 760 maculas
463 719 682 771 abstergit:
721 719 810 776 ipse
851 733 908 763 cst
946 721 1112 770 Moses,
1157 721 1241 762 hoc
1272 732 1352 771 est,
1393 722 1473 770 lex,

46 813 154 854 quae
182 797 424 838 sacerdotes
451 808 682 847 consecrat,
712 814 792 838 nec
820 809 961 854 potest
984 799 1180 840 sacerdos
1211 813 1309 847 esse,
1341 814 1469 853 quem

28 891 134 917 ·non
164 875 229 915 lex
261 871 524 914 constituerit
564 874 843 916 sacerdotem.
941 875 1068 916 Multi
1116 874 1229 916 enim
1270 887 1368 916 sunt
1405 891 1470 916 sa-

46 953 262 999 cerdotes,
302 951 376 991 sed
407 965 513 1005 quos
544 966 632 991 non
672 950 769 993 lavit
807 952 894 1001 lex,
933 967 1075 1006 neque
1113 969 1246 1008 puros
1284 951 1472 993 reddidit

43 1029 222 1069 verbum
252 1025 357 1075 Dei,
395 1042 535 1081 neque
567 1027 702 1068 abluit
733 1044 754 1068 a
785 1040 1060 1083 peccatorum
1096 1027 1297 1070 sordibus
1329 1044 1469 1070 sermo

44 1105 221 1146 divinus.
303 1103 388 1154 Sed
429 1115 467 1143 et
511 1120 605 1153 vos,
659 1105 732 1160 qui
779 1121 946 1146 sacrum
997 1103 1207 1160 baptisma
1257 1104 1472 1146 desidera-

43 1183 94 1224 tis
141 1180 355 1236 accipere,
402 1192 440 1220 et
477 1181 652 1232 gratiam
693 1181 862 1237 spiritus
911 1180 1174 1237 promereri,
1227 1182 1344 1238 prius
1396 1182 1470 1222 de-

41 1259 147 1301 betis
190 1274 237 1299 ex
276 1259 366 1308 lege
408 1257 602 1312 purgari,
647 1258 765 1314 prius
806 1258 966 1300 debetis
1007 1259 1152 1301 audito
1200 1260 1331 1300 verbo
1377 1259 1472 1309 Dei,

39 1336 241 1378 vitiorum
273 1333 459 1386 germina
502 1350 710 1385 resecare,
761 1347 802 1377 et
845 1351 987 1377 mores
1024 1337 1234 1379 barbaros
1270 1337 1473 1392 ferosque

42 1428 321 1468 componere,
350 1422 398 1452 ut
427 1412 753 1453 mansuetudine
796 1425 835 1454 et
865 1412 1104 1454 humilitate
1134 1423 1340 1468 suscepta,
1371 1430 1471 1468 pos·

40 1491 128 1533 sitis
160 1489 285 1530 etiam
316 1486 489 1539 gratiam
521 1487 653 1529 sancti
685 1488 867 1544 Spiritus
899 1506 1062 1547 capere.
1123 1488 1194 1531 Sic
1226 1489 1340 1530 enim
1372 1490 1474 1532 dicit

42 1565 259 1608 Dominus
301 1580 381 1620 per
429 1565 709 1621 prophetam:
755 1564 972 1622 „super²)
1020 1581 1148 1622 quem
1197 1567 1473 1621 requiescam,

41 1643 124 1686 nisi
151 1659 279 1698 super
310 1641 529 1692 humilem,
561 1654 601 1683 et
633 1642 845 1699 quietum,
894 1655 934 1685 et
970 1655 1224 1685 trementem
1253 1659 1474 1685 sermones

42 1737 162 1763 meos
176 1718 224 1761 ?“
283 1718 329 1760 Si
359 1717 532 1759 humilis
562 1735 653 1760 non
683 1720 825 1771 fueris,
856 1732 896 1761 et
927 1720 1105 1776 quietus,
1135 1736 1225 1761 non
1250 1732 1390 1776 potest
1406 1720 1471 1761 in-

41 1797 233 1839 habitare
261 1796 307 1837 in
336 1807 376 1836 te
406 1795 535 1847 gratia
566 1797 748 1853 Spiritus
778 1797 931 1847 sancti,
973 1795 1007 1838 si
1036 1812 1128 1838 non
1159 1813 1257 1838 cum
1286 1808 1475 1839 tremore

41 1873 217 1931 suscipis
246 1873 374 1914 verba
406 1872 559 1915 divina.
617 1875 860 1931 Superbam
890 1891 1077 1930 namque
1108 1884 1148 1914 et
1176 1885 1475 1917 contumacem

44 1951 252 2000 animam,
292 1961 332 1991 et
371 1949 514 1990 fictam
547 1951 698 2003 refugit
729 1951 911 2008 Spiritus
941 1962 1119 1993 sanctus.
1191 1950 1336 1993 Debes
1375 1968 1474 2005 ergo

43 2028 163 2084 prius
193 2025 388 2068 meditari
419 2028 553 2080 legem
586 2029 692 2079 Det,
724 2041 788 2080 ut,
819 2028 852 2070 si
884 2030 996 2070 forte
1026 2040 1141 2071 actus
1170 2029 1233 2069 tui
1262 2028 1474 2086 intempe-

45 2104 124 2146 rati
152 2115 262 2152 sunt,
294 2115 333 2144 et
353 2120 502 2146 mores
531 2104 753 2158 inconditi,
785 2108 848 2147 lex
880 2104 962 2146 Dei
996 2115 1036 2146 te
1077 2107 1277 2147 emendet
1308 2117 1349 2147 et
1380 2123 1476 2147 cor-

46 2181 163 2235 rigat.
222 2181 295 2222 Vis
324 2179 478 2230 videre,
509 2182 607 2237 quia
638 2183 779 2225 Moses
809 2198 978 2238 semper
1007 2199 1105 2223 cum
1136 2183 1240 2224 Jesu
1272 2195 1352 2231 est,
1392 2184 1474 2224 hoc

48 2269 121 2307 est,
150 2259 216 2299 lex
247 2274 346 2298 cum
374 2257 640 2311 Evangeliis?
699 2260 925 2315 Doceat3)
958 2271 999 2301 te
1027 2259 1332 2313 Evangelium,
1365 2260 1476 2315 quia,

49 2352 146 2376 cum
189 2336 514 2376 transformatus
556 2347 659 2378 esset
695 2337 740 2379 in
770 2337 951 2391 gloriam
980 2337 1126 2387 Jews,
1168 2335 1291 2378 etiam
1333 2337 1476 2379 Moses

50 2423 89 2454 et
117 2411 232 2455 Elias
263 2411 390 2454 simul
421 2429 515 2454 cum
546 2413 640 2469 ipso
673 2425 961 2471 apparuerunt
1002 2413 1048 2455 in
1085 2413 1243 2466 gloria,
1284 2425 1331 2454 ut
1359 2412 1477 2465 scias,

346 2500 348 2502 v
413 2490 424 2508 ἰ

580 2528 599 2543 d

170 2636 214 2690 ¹)
251 2636 350 2677 Luc.
380 2635 496 2685 XVl,
526 2637 593 2679 29.

168 2704 213 2760 ²)
243 2703 368 2746 Jesai.
400 2703 552 2756 LXVI,
579 2707 618 2748 2.

166 2775 212 2830 ³)
244 2775 362 2816 Libri
393 2774 491 2816 editi
521 2784 580 2830 (e.
613 2792 646 2817 c.
679 2777 774 2819 edd.
807 2774 919 2829 Ma>
948 2775 1160 2828 ‚,Docet.“
1187 2776 1309 2820 Mss.:
1354 2777 1477 2828 „Do-

55 2835 183 2877 ceat.“
215 2831 266 2875 R.
294 2855 349 2864 -
382 2830 470 2873 Cfr.
503 2831 653 2875 Matth.
686 2831 823 2884 XVII,
851 2833 892 2876 3.
921 2848 1034 2890 seqq.

1059 2909 1151 2953 18⁷*
