1752 3136
283 157 368 200 372
885 156 922 199 Ο
931 165 1106 199 memus

283 271 374 310 Nec
404 269 488 310 hoc
519 278 660 308 tamen
692 267 790 309 ideo
822 267 1022 319 dicimus,
1061 282 1107 310 ut
1138 269 1414 311 abstinentiae
1445 267 1703 310 Christianae

283 349 402 387 frena
434 347 631 386 laxemus.
692 344 908 387 Habemus
953 346 1063 387 enim
1097 347 1440 402 quadragesimae
1483 345 1568 386 dics
1600 343 1706 401 jeju-

281 423 361 465 niis
393 434 672 463 consecratos.
747 421 966 464 Habemus
1008 435 1201 480 quartam
1248 436 1289 464 et
1325 435 1480 466 sextam
1510 422 1709 478 septima-

269 515 363 541 ·nae
394 497 495 548 dies,
526 498 679 554 quibus
709 500 957 541 solemniter
998 500 1247 558 jejunamus.
1322 500 1396 541 Est
1436 511 1548 540 certe
1578 498 1707 538 liber-

281 589 343 617 tas
377 575 617 617 Christiano
650 591 727 631 per
758 593 885 618 omne
902 589 1067 633 ternpus
1095 578 1328 635 jejunandi,
1358 575 1450 618 nou
1482 577 1708 617 observan-

282 653 363 694 tiae
391 652 700 708 superstitione,
730 653 803 693 sed
839 653 988 695 virtute
1010 657 1307 700 continentiae.
1350 656 1460 696 Ram
1482 653 1707 709 quomodo

284 730 399 785 apud
433 746 504 770 eos
538 728 696 769 castitas
726 728 974 785 incorrupta
994 743 1192 781 servatur,
1223 734 1299 774 nisi
1320 731 1575 773 arctioribus
1604 744 1708 769 con-

281 805 483 848 tinentiae
526 806 631 846 fulta
670 804 897 846 subsidiis?
960 806 1199 859 Quomodo
1255 807 1482 863 Scripturis
1532 821 1706 861 operam

281 881 475 925 dabunt?
535 879 774 935 Quomodo
806 881 1004 924 scientiae
1045 895 1084 924 et
1123 883 1352 939 sapientiae
1381 872 1643 925 studebunt?
1665 881 1706 936 ¹)

281 960 439 1000 Nonne
468 975 546 1014 per
577 957 883 999 continentiam
924 959 1076 1001 ventris
1117 972 1156 1001 et
1201 958 1406 1012 gutturis?
1467 958 1705 1013 Quomodo

266 1036 372 1092 quis
401 1052 444 1078 se
473 1035 612 1091 ipsum
645 1047 794 1076 castrat
822 1050 1001 1092 propter
1027 1052 1205 1090 regnum
1236 1037 1505 1085 coelorum‚·
1530 1035 1610 1078 nisi
1642 1034 1701 1075 ci·

278 1116 437 1156 borum
469 1113 729 1154 affluentiam
763 1126 940 1164 resecet,
983 1115 1063 1157 nisi
1109 1112 1360 1155 abstinentia
1398 1125 1541 1155 utatur
1578 1111 1706 1153 mini-

277 1190 389 1232 stra?
451 1191 574 1232 Haec
605 1207 702 1243 ergo
738 1177 985 1233 Christianis
1015 1190 1235 1248 jejunandi
1267 1190 1372 1231 ratio
1405 1203 1475 1232 est.
1528 1190 1614 1232 Sed
1647 1200 1705 1230 est

271 1279 320 1309 ‘et
351 1268 430 1309 alia
462 1268 600 1308 adhuc
632 1267 851 1320 religiosa,
891 1268 1007 1325 cujus
1037 1270 1128 1309 laus
1161 1267 1434 1323 quorundam
1468 1266 1706 1323 Apostolo-

278 1362 374 1385 rum
404 1344 533 1385 literis
563 1344 845 1399 pnaedicatur.
914 1346 1154 1386 Invenimus
1195 1344 1306 1385 enim
1347 1343 1392 1384 iu
1432 1344 1622 1399 quodam
1655 1341 1704 1382 li-

275 1423 391 1464 bello
425 1422 477 1462 ab
511 1420 728 1477 Apostolis
759 1421 942 1463 dictum:
972 1423 1147 1472 „beatus
1179 1433 1250 1470 est,
1281 1420 1353 1476 qui
1385 1421 1509 1461 etiam
1542 1418 1701 1476 jejunat
1750 1470 1751 1475 Ἰ

275 1515 358 1554 pro
390 1514 455 1547 eo,
483 1509 531 1538 ut
562 1497 644 1539 alat
673 1505 948 1554 pauperem.“
1017 1497 1155 1555 Hujus
1185 1496 1396 1554 jejunium
1429 1497 1551 1538 valde
1579 1511 1700 1537 acce—
1748 1519 1749 1555 3

276 1587 396 1632 ptum
429 1586 490 1617 est
530 1575 646 1630 apud
687 1575 851 1625 Deum,
903 1588 942 1617 et
983 1591 1127 1617 revera
1168 1575 1293 1628 digne
1322 1574 1430 1616 satis.
1508 1572 1700 1613 Imitatur
1746 1613 1752 1626 ,ἵ

276 1652 389 1694 enim
419 1652 556 1701 illum,
586 1651 658 1708 qui
687 1639 874 1694 animam
904 1669 1024 1694 suam
1061 1653 1205 1708 posuit
1244 1669 1324 1708 pro
1364 1651 1565 1700 fratribus
1603 1649 1701 1693 suis.
1746 1642 1747 1647 ¹

278 1727 397 1784 Quid
428 1744 525 1781 ergo
557 1729 767 1783 veteribus
808 1729 958 1785 pannis
996 1745 1107 1770 nova
1151 1729 1402 1771 indumenta
1443 1725 1700 1768 miscemus?
1750 1777 1752 1787 Ι

277 1805 396 1860 Quid
421 1805 469 1845 ·i-n
489 1811 613 1846 ’uti-es
643 1816 809 1851 veteres,
831 1806 1037 1847 mittimus
1067 1806 1209 1846 vinum
1235 1805 1426 1847 novum?
1457 1804 1697 1859 „Vetera²)
1742 1816 1743 1821 ’

273 1882 547 1924 transierunt:
589 1898 706 1938 ecce,
746 1883 853 1923 facta
884 1894 981 1923 sunt
1012 1881 1156 1924 omnia
1185 1888 1345 1931 n0va,“
1373 1899 1450 1937 per
1481 1881 1697 1924 Christum

273 1958 514 2000 Dominum
545 1970 753 2009 nostrum,
785 1959 852 2001 cui
885 1972 943 2001 est
972 1958 1104 2013 gloria
1129 1971 1168 2000 et
1196 1959 1424 2015 imperium
1454 1952 1505 2002 in‘
1529 1959 1695 2002 saecula
1737 1986 1739 1998 Α

273 2037 554 2078 saeculorum.
612 2038 762 2077 Amen.

393 2222 436 2278 ¹)
468 2223 580 2279 Edd.
612 2225 809 2267 'Merliniz
843 2223 1041 2270 student?
1100 2228 1256 2269 Nonne
1287 2238 1361 2268 etc.

390 2293 435 2348 ²)
466 2294 504 2335 ll
537 2294 632 2338 Cor.
671 2297 724 2347 V,
753 2297 818 2339 17.
