1752 3136
492 79 545 112 m
573 68 826 109 L13v1r1cmu
856 66 1059 107 HommA
1090 66 1184 107 VII.
1466 58 1566 113 295'

135 180 215 222 illis
244 180 429 235 perfecta
458 177 632 241 laetitia,
659 178 796 217 donec
825 192 906 230 pro
938 175 1154 216 erroribus
1192 178 1344 219 nostris
1387 180 1548 231 dotem,

134 269 175 298 et
202 258 346 308 lugent
373 267 517 297 nostra
547 263 731 308 peccata.
803 251 900 292 Hoc
930 252 1106 293 fortasse
1134 251 1240 293 mihi
1269 253 1425 295 dicenti
1454 273 1545 298 non

133 334 290 376 credas.
349 330 454 386 Quis
485 329 596 370 enim
630 344 704 379 ego
736 344 853 377 sum,
898 328 970 383 qui
1011 330 1266 371 confirmare
1294 333 1543 374 sententiam

131 409 238 452 tanti
276 404 478 460 dogmatis
525 404 736 446 audeam?
797 404 884 447 Sed
929 405 1132 460 haben')
1180 407 1335 449 horum
1381 419 1542 459 testem,

130 487 183 527 de
211 501 295 540 quo
325 499 412 530 non
443 494 564 537 potes
596 481 800 524 dubitare.
859 481 1063 533 BIagister
1102 482 1212 523 enim
1253 485 1437 535 gentium
1483 499 1545 528 est

124 563 170 602 in
202 562 286 601 fide
315 571 353 600 et
382 559 553 599 veritate
582 559 814 614 Apostolus
846 557 1015 601 Paulus.
1074 559 1170 615 Ipse
1208 560 1336 612 igitur
1369 564 1422 604 ad
1453 565 1541 605 He-

123 639 273 678 braeos
301 636 510 685 scribens,
553 653 649 677 cum
690 648 975 679 enumerasset
1016 654 1163 679 omnes
1191 649 1358 680 sanctos
1386 652 1540 694 patres,

122 714 194 769 qui
221 730 298 769 per
326 715 455 755 fidem
485 712 695 769 justificati
725 725 842 763 sunt,
889 713 1053 755 addidit
1089 726 1188 770 post
1225 715 1367 756 omnia
1411 716 1537 758 etiarn

118 791 224 831 hoc:
254 792 416 845 ‚,sed²)
445 790 522 840 isti,
552 790 700 845 inquit,
731 806 878 831 omnes
908 789 1197 831 testimonium
1228 791 1430 834 habentes
1451 791 1540 849 ‘per

53 905 56 907 Α
116 868 259 917 fidem,
290 868 486 908 nondum
531 867 719 908 adsecuti
755 879 854 909 sunt
889 867 1286 922 repromissionem,
1324 869 1422 910 Deo
1453 887 1534 925 pro

115 944 242 986 nobis
272 943 421 985 melius
452 944 613 999 aliquid
642 943 916 999 providente,
950 944 1008 984 uti
1037 960 1092 985 ne
1121 945 1210 986 sine
1239 945 1363 987 nobis
1393 946 1534 1001 perfe-

116 1022 301 1062 ctionem
337 1032 710 1076 consequerentur.
770 1021 899 1062 Vides
930 1036 1051 1073 ergo,
1094 1020 1192 1075 quia
1224 1033 1432 1077 exspectat
1458 1023 1532 1064 ad-

113 1098 199 1138 huc
229 1097 460 1147 Abraham,
491 1110 550 1146 ut,
581 1113 689 1152 quae
721 1098 907 1152 perfecta
938 1109 1056 1147 sunt,
1091 1110 1390 1153 consequatur.
1445 1100 1530 1141 Ex-

110 1185 269 1230 spectat
299 1185 339 1214 et
367 1175 484 1215 Isaac
516 1185 556 1215 et
585 1175 747 1224 Jacob,
777 1186 818 1215 et
848 1191 998 1216 omnes
1027 1175 1264 1231 prophetae
1296 1190 1533 1232 exspectant

108 1267 204 1301 nos,
233 1262 280 1291 ut
307 1251 531 1294 nobiscum
560 1254 792 1307 perfectam
828 1251 1136 1293 beatitudinem
1177 1252 1356 1308 capiant.
1422 1253 1531 1295 Pro-

109 1340 204 1383 pter
247 1328 352 1369 haec
391 1344 489 1380 ergo
521 1328 644 1369 etiam
682 1329 930 1388 mysterium
965 1329 1073 1370 illud
1106 1328 1152 1370 in
1189 1330 1382 1373 ultimam
1413 1333 1526 1374 diem

108 1405 225 1447 dilati
254 1405 401 1462 judicii
442 1405 690 1447 custoditur.
757 1406 904 1447 Unum
946 1407 1057 1448 enim
1098 1396 1253 1463 corpus
1294 1421 1370 1458 est,
1408 1413 1527 1465 quod

105 1468 323 1540 justificari
361 1494 644 1538 exspectatur,
679 1500 838 1533 unum,
880 1484 995 1540 quod
1036 1500 1252 1537 resurgere
1290 1485 1444 1528 dicitur
1482 1489 1528 1529 in

106 1558 284 1616 judicio.
342 1560 548 1616 ‚‚Licet³)
587 1559 701 1601 enim
739 1559 821 1601 sint
858 1562 990 1601 multa
1031 1562 1244 1613 membra,
1283 1565 1360 1605 sed
1386 1582 1522 1607 unum

107 1653 276 1692 corpus,
304 1654 396 1679 non
425 1649 564 1694 potest
594 1639 733 1680 dicere
765 1639 913 1680 oculus
942 1638 1111 1683 manui:
1140 1656 1232 1681 non
1250 1657 1289 1683 es
1311 1642 1417 1684 mihi
1446 1660 1521 1684 ne-

104 1715 320 1765 cessaria,“
350 1714 474 1756 etiam
503 1715 537 1757 si
566 1732 693 1757 sanus
722 1716 773 1757 sit
804 1715 976 1764 oculus,
1020 1719 1059 1757 et
1096 1733 1186 1757 non
1223 1717 1275 1758 sit
1312 1721 1520 1762 turbatus.

105 1796 328 1851 Quantum
358 1792 540 1850 pertinet
565 1795 618 1835 ad
638 1793 883 1842 videndum,
913 1792 945 1833 si
965 1792 1102 1833 desint
1122 1793 1159 1834 ei
1190 1794 1352 1851 reliqua
1382 1813 1519 1838 mem-

102 1874 206 1923 bra,
237 1888 346 1928 quae
388 1870 467 1913 erit
503 1871 631 1913 oculo
670 1868 854 1912 laetitia?
916 1870 1002 1911 Aut
1040 1886 1148 1926 quae
1186 1870 1396 1914 videbitur
1433 1891 1520 1917 esse

100 1949 321 2007 perfectio,
351 1949 384 1990 si
411 1965 563 1989 manus
595 1965 688 1989 non
717 1946 902 1989 habeat?
940 1946 974 1988 si
1003 1949 1132 2004 pedes
1163 1948 1318 2001 desint,
1350 1963 1421 1992 aut
1451 1969 1518 1993 re-

99 2026 216 2083 liqua
254 2027 446 2067 membra
487 2014 579 2066 non
616 2025 782 2067 adsint?
839 2024 953 2079 Quia
1005 2037 1045 2066 et
1090 2025 1124 2068 si
1163 2038 1222 2067 est
1257 2028 1518 2082 praecellens

101 2103 242 2160 aliqua
273 2101 386 2144 oculi
414 2102 560 2155 gloria,
591 2102 637 2144 in
667 2119 717 2144 eo
747 2103 928 2144 maxime
960 2114 1030 2153 est,
1059 2114 1108 2143 ut
1136 2104 1202 2144 vel
1233 2103 1322 2160 ipse
1353 2106 1437 2146 dux
1466 2107 1517 2148 sit

98 2179 306 2237 corporis,
336 2177 405 2222 vel
435 2190 672 2221 ceterorum
700 2181 998 2221 membrorum
1032 2197 1124 2222 non
1165 2182 1382 2223 deseratur
1420 2184 1515 2224 offi-

98 2258 182 2300 ciis.
242 2259 338 2299 Hoc
369 2267 511 2297 autern
538 2273 618 2298 nos
648 2269 688 2298 et
702 2257 747 2313 ⁴²)
777 2275 855 2315 per
883 2257 1000 2299 illam
1025 2256 1259 2299 Ezechielis
1280 2260 1515 2315 prophetae

94 2334 299 2378 visionem
331 2333 478 2376 doceri
505 2345 627 2390 putu,
657 2351 754 2376 cum
786 2334 887 2376 dicit
914 2336 1257 2388 congregandum
1291 2337 1436 2393 esse5)
1469 2354 1513 2380 os

96 2415 151 2455 ad
180 2430 240 2463 os,
272 2425 312 2454 et
338 2410 582 2470 juncturam
612 2413 666 2452 ad
694 2411 950 2470 juncturam,
983 2412 1082 2468 εἰσ)
1098 2429 1262 2463 nervos,
1294 2430 1341 2455 ac
1371 2431 1512 2465 venas,

209 2596 254 2650 ¹3
284 2596 394 2636 Edd.
426 2594 618 2636 Merlini:
650 2595 847 2637 adhibeo.
964 2595 1011 2650 ²)
1042 2595 1174 2640 Hebr.
1205 2595 1281 2646 XI,
1310 2596 1377 2640 39.

206 2665 254 2720 3)
284 2665 304 2705 Ι
336 2665 434 2707 Cor.
465 2665 563 2715 XII,
590 2667 659 2710 20.
689 2667 756 2709 21.
874 2666 919 2722 ⁴)
948 2666 1079 2708 Deest
1107 2671 1198 2716 „et“
1228 2667 1272 2709 in
1303 2668 1367 2710 ed.
1399 2667 1448 2708 R.

206 2737 253 2789 ⁵)
284 2736 414 2778 Deest
442 2742 577 2785 „esse“
606 2735 651 2778 in
682 2739 744 2779 ed.
775 2738 826 2779 R.
1041 2758 1051 2769 ⁰

207 2806 254 2862 ⁶)
284 2806 395 2850 Edd.
425 2807 621 2851 Merlini:
652 2820 692 2851 et
721 2825 874 2853 nervos
904 2809 956 2851 ad
985 2825 1124 2851 venas.
