1752 3136
181 83 237 126 12
787 81 1007 126 Omonms

181 195 316 246 venit,
356 195 399 236 in
438 195 501 237 his
541 207 719 252 occupat
749 208 933 247 mentes,
977 212 1085 252 quae
1125 197 1177 238 ad
1222 198 1304 238 hoc
1336 197 1470 238 sactae
1500 211 1608 250 sunt,

180 285 229 314 ut
259 273 428 314 videant
461 274 616 315 Deum.
669 273 883 329 Prospicit
904 285 1044 314 tamen
1069 274 1293 316 imminere
1321 275 1403 316 sibi
1432 275 1608 325 bellum,

181 363 222 393 et
251 364 466 392 maturum
498 352 608 405 genti
631 351 671 407 ¹)
704 367 802 391 suae
834 352 1065 392 affuturum
1107 353 1232 393 sentit
1264 352 1444 394 exitium.
1505 353 1607 394 Ideo

181 429 296 479 dicit,
327 429 425 484 quia
455 446 552 481 gens
585 429 709 470 Israel
740 429 847 469 valet
875 444 1004 484 super
1032 444 1123 469 nos.
1173 428 1349 470 Utinam
1384 441 1423 470 et
1445 431 1497 471 de
1526 446 1607 471 no-

178 506 244 547 bis
274 507 358 547 hoc
391 507 516 555 dicat,
545 507 694 548 sentiat
722 522 802 548 nos
832 506 971 546 valere
999 522 1127 561 super
1155 504 1218 547 se!
1254 505 1493 561 Quomodo
1512 526 1607 550 sen-

178 583 258 623 tire
288 584 371 624 hoc
401 582 587 639 poterit?
645 583 690 624 Si
724 600 818 624 cum
852 582 955 623 mihi
997 583 1271 634 cogitationes
1300 582 1435 641 injicit
1462 587 1608 634 malas,

180 672 222 701 et
253 655 611 716 concupssffenfias
643 660 853 716 pessimas,
886 675 961 711 ego
989 676 1079 700 non
1097 659 1336 716 suscipiam,
1367 664 1439 704 sed
1470 661 1606 719 jacula

179 736 268 794 ejus
298 737 426 789 ignita
457 749 575 778 scuto
608 738 709 778 fidei
738 738 966 793 repellam,
1010 737 1043 778 si
1075 737 1119 777 in
1147 739 1359 787 omnibus,
1390 755 1606 793 quaecun-

137 835 140 837 ’
179 832 262 870 que
290 814 470 867 suggerit
499 814 632 855 menti
662 831 794 874 meae,
827 829 903 865 ego
935 830 1104 855 memor
1125 814 1282 856 Christi
1309 815 1393 856 mei
1412 815 1607 865 Domini,

179 892 340 933 dicam:
371 891 564 947 „vade²)
595 903 723 942 retro,
743 892 976 946 Satana.³)
1018 892 1235 947 Scriptum
1269 903 1327 932 est
1343 891 1478 932 enim:
1511 892 1606 933 Do-

177 970 343 1011 minum
384 970 528 1010 Deum
569 980 692 1009 tuum
737 969 959 1018 adorabis,
1001 981 1041 1010 et
1078 969 1157 1025 ipsi
1197 969 1277 1011 soli
1313 970 1502 1012 servies.“
1561 970 1608 1011 Si

178 1063 277 1099 ergo
310 1047 414 1087 hacc
444 1046 563 1087 omni
591 1047 689 1096 fide,
724 1047 842 1088 omni
874 1047 1107 1088 constantia
1137 1062 1321 1098 agamus,
1352 1047 1453 1088 dicit
1484 1057 1524 1087 et
1555 1048 1608 1087 de

176 1125 316 1174 nobis,
348 1125 442 1180 quia
476 1139 573 1176 gens
604 1124 731 1166 Israel
760 1141 912 1177 magna
946 1136 1016 1175 est,
1047 1135 1086 1165 et
1105 1125 1214 1164 valet
1234 1140 1362 1179 super
1381 1140 1471 1165 nos.
1519 1124 1609 1165 Sed

179 1186 220 1244 ei
248 1204 345 1253 hoc,
379 1202 497 1257 quod
531 1201 652 1243 dicit:
683 1202 823 1258 „ne⁴)
852 1204 964 1244 forte
994 1200 1155 1244 accidat
1184 1202 1308 1243 nobis
1338 1202 1524 1252 bellum,
1566 1212 1605 1242 et

1273 1284 1297 1303 ίί

177 1279 504 1335 consemiantf’)
538 1290 578 1319 et
607 1278 651 1319 hi
683 1296 779 1320 cum
811 1278 1055 1321 adversariis
1084 1279 1258 1320 nostris:
1336 1297 1384 1321 ex
1413 1279 1605 1335 prophe-

176 1357 266 1400 tieis
297 1356 472 1398 vocibus
499 1355 708 1411 praevidit
743 1368 967 1398 venturum
998 1357 1078 1398 sibi
1118 1357 1302 1407 bellurn,
1351 1368 1392 1397 et
1422 1354 1604 1397 derelin-

177 1436 398 1491 quendum
429 1450 472 1475 se
503 1450 525 1474 a
556 1432 652 1475 filiis
681 1433 823 1483 Israel,
854 1446 893 1474 et
923 1434 1020 1490 quia
1052 1434 1379 1489 consentientfi)
1411 1434 1604 1474 adversa-

175 1513 241 1554 rio
275 1511 376 1569 ejus,
408 1523 449 1552 et
478 1509 730 1567 adjicientur
760 1513 813 1552 ad
843 1511 1099 1553 Dominum.
1142 1511 1238 1552 Hoc
1259 1522 1318 1553 est
1333 1511 1460 1560 enim,
1485 1511 1604 1566 quod

178 1593 231 1632 de
262 1607 313 1631 eo
345 1589 582 1630 Hieremias
611 1588 823 1643 propheta
856 1587 1144 1644 praedixerat:
1182 1587 1466 1644 ‚,clamavit⁷)
1505 1604 1602 1644 per—

177 1668 259 1718 dix,
292 1664 569 1718 congregavit,
602 1681 710 1720 quae
739 1682 829 1706 non
860 1665 1038 1721 peperit,
1070 1665 1169 1706 secit
1198 1664 1359 1707 divitias
1390 1681 1483 1706 suas
1513 1679 1602 1704 non

178 1762 275 1787 cum
306 1743 490 1800 judicio:
528 1741 571 1782 in
612 1727 791 1783 di'midio
835 1742 1001 1783 dierum
1045 1740 1133 1798 ejus
1165 1742 1463 1796 derelinquent
1492 1758 1603 1792 eum,

176 1834 218 1864 et
247 1823 291 1862 in
321 1818 556 1861 novissimis
587 1816 669 1860 suis
702 1818 779 1859 erit
817 1819 1005 1861 stultus.“
1071 1818 1272 1871 Intelligit
1313 1834 1412 1871 ergo
1456 1818 1600 1874 perdi-

177 1916 269 1941 cem
300 1915 342 1940 se
372 1897 556 1945 dictum,
597 1911 706 1951 quae
734 1912 822 1936 non
854 1897 1042 1952 peperit,
1089 1912 1382 1948 congregasse,
1413 1907 1452 1936 et
1483 1897 1602 1951 quod

174 1977 232 2027 hi,
263 1992 369 2031 quos
398 1990 489 2015 non
520 1990 617 2014 cum
648 1971 809 2029 judicio
842 1973 1118 2025 congregavit,
1149 1974 1193 2014 in
1225 1973 1403 2015 dimidio
1435 1973 1602 2014 dierum

174 2070 351 2096 suorum
384 2051 681 2106 derelinquent
698 2067 808 2099 eum,
839 2061 879 2090 et
900 2061 1130 2106 sequentur
1147 2051 1403 2102 Dominum,
1427 2063 1466 2092 et
1483 2067 1598 2092 crea-

173 2144 311 2172 torem
342 2146 467 2177 suum,
500 2127 714 2169 Clu-istum
744 2128 904 2177 Jesum,
938 2127 1070 2183 quis)
1101 2144 1172 2169 eos
1203 2127 1358 2180 genuit.
1417 2129 1495 2170 Ille
1527 2145 1600 2170 au-

291 2249 336 2302 1)
366 2248 477 2289 Edd.
509 2246 704 2288 Merlini:
737 2245 881 2299 gentis.

289 2318 337 2374 ²)
369 2319 520 2359 Matth.
552 2317 623 2366 IV,
655 2319 718 2361 10.
751 2316 847 2357 coll.
877 2316 1006 2358 Deut.
1038 2317 1112 2368 VI,
1143 2318 1208 2360 13.

288 2389 336 2443 3)
364 2390 477 2431 Edd.
508 2386 704 2428 Merlini:
736 2387 924 2438 Satanas.

288 2458 334 2515 4)
364 2460 502 2500 Exod.
536 2458 570 2505 I,
600 2457 665 2499 10.
699 2456 795 2499 coll.
823 2472 864 2511 p.
896 2457 961 2498 10.
993 2469 1081 2498 not.
1112 2460 1151 2501 5.

290 2530 335 2584 ⁵)
366 2529 476 2569 Edd.
519 2527 571 2567 H.
618 2538 658 2567 et
696 2527 749 2568 R.
787 2527 871 2567 hoe
910 2526 1032 2578 loco,
1074 2530 1148 2569 cfr.
1193 2543 1283 2584 pag.
1325 2527 1392 2575 10.
1437 2540 1524 2569 not.
1557 2531 1593 2572 ’ἶ

172 2585 507 2640 ‚,consentiant.“

287 2657 333 2712 ὅ)
365 2656 476 2696 Edd.
507 2653 703 2695 Merlini:
735 2653 1011 2696 consentiant.

289 2726 336 2782 7)
365 2725 524 2768 Jerem.
553 2723 690 2771 XVII,
722 2724 788 2765 11.

288 2796 335 2852 8)
367 2794 437 2838 Sic
468 2793 567 2836 Mss.
628 2793 742 2835 Alias
772 2793 832 2849 (v.
865 2810 900 2842 c,
930 2793 973 2836 in
1007 2795 1102 2838 edd.
1135 2794 1226 2849 313:
1267 2793 1368 2850 „qui
1409 2810 1488 2836 nos
1527 2810 1593 2848 ge=

174 2854 304 2896 nuit.“
337 2853 370 2893 R
