1752 3136
272 117 353 161 134
755 174 760 181 ,
874 114 1095 158 Omcssms

277 229 484 279 obtinere,
518 229 632 270 eleva
662 243 826 277 manus,
856 239 896 269 et
925 228 1039 269 eleva
1069 238 1185 269 actus
1218 239 1330 277 tuos,
1367 240 1406 269 et
1436 230 1698 273 conversatio

275 320 346 349 tua
376 323 466 349 non
497 307 549 348 sit
577 296 785 354 inkerris,
814 306 887 346 sed
918 304 1025 346 sicut
1055 304 1158 346 dixit
1186 305 1444 360 Apostolus:
1482 323 1635 362 „super
1657 307 1700 362 ¹)
1745 314 1747 319 ’

273 396 431 428 terram
471 383 756 432 ambulantes,
796 381 1161 424 conversationem
1202 381 1410 424 habemus
1449 381 1492 423 in
1535 383 1701 425 coelo.“

273 461 330 503 Et
358 461 415 503 ita
441 461 604 518 poteris
632 475 832 516 superare
868 461 1083 515 populum
1129 460 1418 501 adversantem
1460 458 1536 500 tibi
1568 462 1700 503 Ama·
1740 482 1752 504 ,ε

273 538 383 591 lech,
412 537 470 580 ita
499 549 548 580 ut
576 535 742 580 dicatur
772 538 825 578 de
854 548 895 577 tc
925 536 1071 579 etiam:
1101 537 1225 593 „quia
1241 537 1287 593 2)
1310 537 1354 578 in
1374 554 1504 579 manu
1535 537 1702 580 occulta

275 617 542 672 expugnabat
571 613 787 656 Dominus
817 615 1068 657 Amalech.“
1124 614 1255 656 Eleva
1299 627 1339 656 et
1377 627 1421 656 tu
1463 631 1614 656 manus
1645 615 1701 655 ad
1748 649 1752 655 .

274 693 446 743 Deum',
488 692 588 746 et3)
627 691 760 746 imple
796 692 1070 740 mandatum,
1119 707 1204 746 quo
1222 691 1267 747 ⁴)
1307 692 1539 747 Apostolus
1578 690 1703 734 dicit:

277 769 454 825 ,‚sine⁵)
495 766 805 809 intermissione
844 768 1070 823 orate:“⁶)
1113 780 1153 809 et
1181 780 1282 810 tunc
1313 770 1406 818 fiet,
1451 769 1568 824 quod
1600 766 1703 809 scri-

274 857 397 903 ptum
429 857 508 895 est,
547 843 647 900 quia
687 843 819 895 „sicut
837 844 882 899 ⁷)
920 843 1074 887 vitulus
1116 844 1293 897 ablingit
1329 845 1373 886 in
1415 845 1573 901 campis
1604 844 1703 886 her-

273 924 376 965 bam
406 922 598 973 viridem,
628 921 684 963 ita
717 921 903 975 ablinget
931 922 1121 978 populus
1150 921 1219 963 hic
1249 923 1488 979 populum,
1528 921 1602 976 qui
1634 939 1748 964 ,su-e>

273 1016 352 1057 per
380 1012 536 1041 terram
569 1004 667 1042 est.“
723 998 808 1040 Per
837 999 979 1054 quod,
1025 1009 1072 1040 ut
1109 1015 1131 1040 a
1171 998 1406 1056 majoribus
1448 997 1703 1054 accepimus,

273 1077 454 1119 indicari
484 1077 653 1125 dicitur,
683 1075 782 1130 quia
816 1075 1003 1131 pop‘ulus
1033 1074 1117 1116 Dei
1156 1092 1247 1117 non
1286 1087 1372 1117 tam
1403 1091 1536 1116 manu
1567 1087 1607 1117 et
1635 1091 1704 1117 ar-

274 1154 376 1204 mis,
414 1171 540 1210 quam
583 1168 687 1193 voce
725 1163 765 1193 et
801 1152 944 1205 lingua
983 1152 1226 1207 pugnabat:
1272 1152 1316 1194 id
1349 1163 1430 1203 est,
1461 1152 1701 1194 orationem

272 1227 457 1268 fundens
485 1228 539 1268 ad
569 1227 727 1279 Deum,
756 1229 1053 1285 prosternebat
1081 1227 1289 1271 inimicos.
1361 1230 1422 1270 lta
1455 1246 1554 1283 ergo
1588 1241 1628 1270 et
1655 1241 1702 1271 tu

274 1304 308 1346 si
340 1303 397 1346 vis
425 1304 592 1345 vincere
621 1304 833 1356 inimicos,
864 1307 977 1347 eleva
1008 1317 1123 1347 actus
1152 1317 1262 1358 tuos,
1294 1306 1430 1348 clama
1461 1308 1515 1347 ad
1543 1306 1701 1356 Deum,

275 1392 323 1422 ut
353 1380 454 1422 dicit
482 1382 737 1437 Apostolus:
775 1382 1050 1436 „orationi⁸)
1080 1382 1302 1434 instantes,
1342 1396 1382 1425 et
1412 1382 1625 1436 vigilantes
1655 1384 1701 1426 in

276 1464 366 1500 ea.“
422 1457 540 1499 Haec
571 1457 683 1499 enim
715 1470 776 1500 est
808 1458 1038 1501 Christiani
1066 1475 1222 1514 pugna,
1254 1476 1338 1516 qua
1359 1472 1532 1516 superat
1559 1460 1705 1503 inimi-
1742 1494 1747 1501 ,Α

273 1551 387 1576 cum.
448 1534 560 1576 Puto
593 1547 757 1586 autem,
797 1536 915 1591 q'uod
952 1551 1031 1591 per
1066 1537 1177 1578 hanc
1214 1539 1394 1590 figuram
1436 1536 1561 1579 etIam
1594 1537 1704 1579 duo·
1739 1541 1752 1578 'te

273 1627 369 1653 rum
399 1613 666 1669 populorum
697 1612 841 1655 Moses
870 1614 1056 1655 formam
1078 1614 1281 1667 designet,
1299 1616 1552 1657 etostendat
1566 1631 1702 1657 unum
1747 1632 1752 1654 1

275 1705 362 1731 esse
391 1689 606 1746 populum
638 1706 685 1730 ex
716 1689 922 1742 gentibus,
952 1689 1024 1747 qui
1051 1691 1183 1732 elevet
1202 1682 1352 1734 matius
1372 1691 1520 1742 Mosis,
1551 1703 1591 1734 et
1621 1692 1703 1735 eri-

275 1777 344 1818 gat
372 1782 458 1808 eas:
487 1766 531 1807 id
564 1777 635 1816 est,
668 1765 740 1822 qui
768 1765 813 1806 in
833 1765 879 1822 ⁹)
923 1767 1107 1808 sublime
1145 1769 1317 1810 extollat
1347 1785 1417 1819 ea,
1457 1785 1568 1825 quae
1596 1770 1702 1811 scri-

272 1843 358 1900 psit
385 1842 544 1893 Moses,
575 1855 614 1884 et
642 1842 685 1884 in
719 1843 879 1884 excelso
912 1859 1062 1885 eorum
1103 1844 1420 1899 intelligentiam
1457 1858 1631 1897 statuat,
1663 1859 1704 1889 et
1745 1868 1748 1881 ν

277 1936 354 1976 per
383 1920 468 1962 hoe
496 1921 657 1971 vincat;
685 1919 815 1961 alium
845 1931 988 1962 autem
1008 1919 1079 1977 ¹⁰)
1111 1937 1217 1973 esse,
1249 1922 1344 1978 qui,
1375 1922 1579 1991 quopiam
1610 1941 1700 1967 non
1747 1961 1752 1963 s

276 1996 409 2039 elevat
436 2013 588 2039 manus
619 1996 764 2047 Mosis,
793 2013 872 2039 nec
903 1997 1067 2040 extollit
1107 2014 1173 2040 eas
1205 2016 1227 2040 a
1258 2011 1391 2051 terra,
1439 2016 1520 2041 nec
1567 2002 1700 2042 altum
1744 2019 1752 2040 ·.

273 2073 319 2114 in
349 2090 401 2116 eo
433 2074 595 2131 aliquid
626 2085 666 2116 et
693 2074 847 2117 subtile
877 2075 1130 2126 considerat,
1161 2074 1342 2118 vincitur
1371 2078 1423 2118 ab
1443 2078 1702 2130 adversariis,
1744 2076 1752 2120 Ξ

274 2163 315 2192 et
345 2151 643 2208 prosternitur.

394 2360 439 2415 ¹)
475 2359 562 2401 Cfr.
595 2360 782 2418 Philipp.
812 2362 885 2412 Ill,
914 2365 982 2406 20.
1099 2364 1148 2419 ²)
1177 2363 1313 2405 Exod.
1343 2361 1480 2415 XVII,
1513 2363 1582 2407 16.

393 2430 441 2485 3)
471 2430 604 2472 Deest
633 2438 725 2481 ‚,et“
756 2432 798 2473 in
831 2434 925 2474 edd.
954 2432 1017 2474 M.

393 2498 439 2555 ⁴²)
469 2500 582 2542 Edd.
615 2501 813 2544 Merlini:
846 2502 978 2558 quod.
1097 2501 1142 2558 ⁵)
1174 2501 1192 2542 Ῑ
1223 2501 1335 2543 Tim.
1365 2503 1418 2552 V,
1450 2503 1516 2548 17.

389 2569 436 2623 ⁶)
467 2569 579 2612 Alias
611 2571 669 2627 (v.
701 2589 734 2613 c.
765 2573 808 2614 in
841 2574 934 2613 edd.
966 2572 1075 2630 M.:)
1107 2577 1343 2622 ,‚orantes“
1373 2571 1423 2614 R.

391 2638 436 2693 ⁷)
469 2638 555 2681 Csr.
588 2641 715 2683 Num.
745 2642 887 2694 XXII,
916 2643 956 2686 4.
987 2643 1085 2685 coll.
1115 2640 1249 2684 LXX.
1271 2641 1462 2684 virorum
1492 2643 1698 2687 versione.
1748 2663 1752 2682 ε

389 2708 438 2763 8)
470 2707 632 2752 Coloss.
661 2711 734 2762 IV,
764 2713 803 2754 2.

393 2778 438 2833 9)
469 2778 581 2820 Edd.
612 2779 807 2824 Meilini:
839 2782 884 2824 in
914 2782 1086 2826 sublimi
1116 2782 1276 2826 extollit
1307 2798 1353 2826 ea
1385 2794 1459 2826 etc.

367 2847 439 2904 ²⁰)
472 2849 600 2893 Deest
636 2857 830 2902 ‚,autem“
860 2852 903 2895 in
937 2854 1031 2896 cdd.
1063 2853 1123 2896 M.
