1752 3136
230 69 287 112 56
831 68 1049 112 0311}ssle

231 182 292 223 lat
321 197 402 238 pro
442 181 633 224 sanctis.“
709 179 780 223 Sic
821 198 919 235 ergo
960 182 1255 238 interpellante
1301 181 1462 238 Spiritu
1511 194 1656 224 sancto

238 259 354 315 apud
382 258 539 310 Deum,
569 275 646 315 per
674 257 886 300 silentium
918 271 1161 300 sanctorum
1195 260 1357 300 clamor
1388 258 1569 300 auditur.

345 337 385 378 5.
416 336 472 378 Et
501 335 604 392 quid
634 346 732 391 post
761 335 879 377 hoc?
906 336 1090 384 Jubetur
1119 336 1262 377 Moses
1296 335 1406 388 virga
1437 346 1659 390 percutere

240 428 370 462 mare,
400 425 447 454 ut
476 411 726 465 ingredienti
754 413 920 468 populo
952 412 1035 453 Dei
1069 413 1253 454 dehiscat
1271 424 1310 453 et
1341 413 1473 461 cedat,
1505 429 1552 453 ac
1583 429 1660 452 vo·

234 488 387 531 luntati
407 490 572 532 divinae
602 490 908 530 elementorum
930 489 1191 530 famulentur
1214 489 1437 545 ohsequia;
1456 500 1493 528 et
1514 505 1660 544 aquae,

238 582 347 621 quae
373 565 655 615 timebantur,
697 568 837 607 dextra
869 565 1070 621 laevaque
1113 567 1278 608 famulis
1309 565 1393 606 Dei
1424 582 1570 606 murus
1603 566 1664 606 ef-

238 643 395 692 fectae,
439 659 528 683 non
566 644 708 684 solum
746 643 978 697 perniciem
1020 643 1229 692 nesciant,
1267 643 1339 685 sed
1373 655 1413 684 et
1441 642 1663 683 munimen

241 718 479 761 exhibeant.
540 718 717 771 Cogitur
749 735 846 771 ergo
881 720 1033 759 fluctus
1064 719 1105 759 in
1139 721 1372 769 cumulum,
1404 731 1441 761 et
1472 721 1588 760 unda
1618 720 1662 760 in

237 807 372 837 semet
400 796 533 852 ipsam
558 811 746 851 repressa
774 807 983 836 curvatur.
1033 794 1302 837 soliditatem
1322 797 1472 852 recipit
1503 796 1661 852 liquor,

246 885 286 913 et
316 874 455 913 solum
487 872 614 913 maris
646 871 793 912 arescit
823 871 864 912 in
896 870 1139 927 pulverem,
1178 883 1225 911 ut
1271 872 1379 914 sicca
1410 875 1553 928 planta
1586 890 1666 928 po·
1705 878 1710 879 ⁷

240 951 368 1005 pulus
398 949 483 990 Dei
514 949 723 991 transiret.
782 947 1025 989 Bonitatem
1056 947 1139 989 Dei
1171 948 1369 991 creatoris
1398 949 1603 1002 intellige,
1633 949 1667 990 si

241 1025 450 1067 voluntati
481 1025 568 1084 ejus
605 1027 885 1081 obtemperes,
913 1025 946 1066 si
977 1025 1109 1078 legem
1128 1023 1214 1083 ejus
1241 1027 1440 1082 sequaris,
1468 1026 1557 1081 ipse
1587 1026 1667 1068 tibi

243 1105 452 1145 elementa
502 1103 627 1144 etiam
677 1115 823 1144 contra
874 1101 938 1143 sui
987 1113 1180 1143 naturam
1231 1104 1384 1144 servire
1436 1104 1665 1159 compellit.

240 1181 399 1223 Audivi
437 1199 457 1222 a
501 1180 737 1237 majoribus
778 1177 1001 1228 traditum,
1040 1180 1159 1234 quod
1207 1179 1252 1220 in
1298 1181 1373 1222 ista
1412 1180 1669 1232 digressione

242 1257 391 1307 maris,
421 1257 593 1308 singulis
626 1257 866 1313 quibusque
896 1256 1089 1297 tribubus
1118 1255 1308 1297 filiorum
1338 1256 1485 1306 Israel,
1528 1257 1670 1309 singu—

240 1334 308 1374 lae
337 1350 544 1389 aquarum
575 1333 799 1376 divisiones
830 1334 964 1373 sactae
992 1332 1094 1382 sint,
1147 1344 1185 1373 et
1222 1332 1398 1388 propria
1437 1332 1670 1388 unicuique

242 1410 373 1452 tribui
403 1410 448 1451 in
481 1410 587 1452 mari
619 1421 762 1466 aperta
793 1410 843 1451 sit
874 1408 961 1458 via,
999 1409 1130 1463 idque
1161 1410 1325 1451 ostendi
1357 1428 1403 1452 ex
1436 1427 1510 1461 eo,
1550 1411 1669 1466 quod

242 1486 286 1527 in
322 1487 495 1529 Psalmis
525 1486 730 1543 scriptum
762 1496 843 1527 est:
883 1484 1042 1541 „qui¹)
1083 1485 1218 1527 divisit
1256 1503 1374 1528 mare
1413 1489 1593 1528 rubrum
1623 1486 1668 1527 in
1719 1542 1722 1544 Ι

245 1564 510 1606 divisiones.“
571 1564 652 1605 Per
681 1564 801 1619 quod
831 1562 990 1603 multae
1020 1561 1243 1605 divisiones
1286 1566 1496 1605 docentur
1524 1566 1671 1614 factae,

241 1657 332 1681 non
351 1657 445 1682 una.
496 1640 583 1682 Sed
609 1652 647 1682 et
667 1657 755 1700 vper
783 1641 881 1689 hoc,
913 1640 1031 1695 quod
1063 1640 1240 1681 dicitur:
1270 1640 1418 1695 ‚,ibi²)
1443 1639 1671 1696 Beniamin
1734 1674 1735 1677 η

245 1715 390 1773 junior
421 1717 466 1757 in
495 1729 685 1772 stupore,
726 1716 942 1773 principes
972 1717 1086 1756 Juda
1133 1718 1258 1758 duces
1301 1734 1473 1767 eorum,
1511 1716 1672 1773 princi-

243 1810 318 1849 pes
350 1793 565 1844 Zabulon,
598 1805 636 1833 et
664 1792 876 1849 principes
906 1792 1234 1847 Nephthalim:“
1266 1793 1545 1835 nihilominus
1575 1794 1672 1834 uni-

246 1870 400 1925 cuique
429 1869 559 1911 tribui
591 1868 790 1925 proprius
822 1871 1061 1912 enumerari
1092 1872 1257 1912 videtur
1286 1873 1504 1922 ingressus.
1555 1869 1673 1911 Haec

246 1963 269 1988 a
299 1945 534 2003 majoribus
566 1946 786 1988 observata
815 1945 858 1987 in
889 1946 1104 2003 seripturis
1126 1947 1287 1997 divinis,
1318 1946 1561 1998 religiosum
1583 1962 1674 1987 cre-

247 2024 336 2066 didi
365 2040 456 2064 non
486 2035 635 2065 tacere.
686 2022 805 2077 Quid
836 2039 934 2076 ergo
955 2040 1033 2064 nos
1064 2025 1273 2065 docemur
1302 2040 1379 2079 per
1408 2022 1544 2064 haec?
1574 2022 1673 2064 Jam

248 2100 440 2157 superius
473 2100 674 2150 diximus,
716 2101 807 2155 quis
836 2096 887 2141 sit
915 2101 958 2141 in
992 2100 1054 2141 his
1085 2101 1343 2157 Apostoli3)
1382 2117 1535 2143 sensus.
1586 2099 1673 2142 Ba-

245 2177 448 2233 ptismum
478 2178 561 2219 hoc
591 2177 786 2219 nominat
814 2177 857 2218 in
888 2177 1013 2219 Mose
1045 2190 1384 2219 consummatum
1414 2177 1457 2218 in
1488 2178 1604 2218 nube
1635 2189 1674 2218 et

246 2253 289 2294 in
321 2255 440 2306 mari,
470 2267 516 2296 ut
547 2266 586 2296 et
615 2266 673 2304 tu,
705 2252 776 2309 qui
808 2252 1032 2308 baptizaris
1062 2253 1106 2294 in
1139 2254 1322 2303 Christo,
1356 2254 1399 2295 in
1423 2269 1530 2309 aqua
1557 2264 1595 2294 et
1627 2254 1674 2294 in

247 2330 409 2386 Spiritu
439 2344 609 2384 sancto,
651 2331 755 2372 scias
793 2330 989 2371 insectari
1032 2331 1206 2387 quidem
1236 2343 1334 2388 post
1361 2342 1403 2371 te
1433 2329 1675 2388 Aegyptios,

250 2419 289 2449 et
318 2409 424 2450 velle
456 2420 499 2450 te
528 2424 728 2451 revocare
771 2408 824 2449 ad
862 2407 1076 2449 servitium
1115 2425 1262 2458 suum,
1305 2418 1487 2449 rectores
1518 2405 1674 2448 scilieet

367 2611 411 2665 ¹)
440 2611 595 2653 Psalm.
630 2610 871 2661 CXXXVI,
902 2610 968 2654 13.
1001 2610 1270 2668 (CXXXV.)

363 2680 410 2735 2)
440 2679 595 2723 Psalm.
627 2682 836 2735 LXVIII,
866 2682 933 2723 27.
973 2681 1192 2737 (LXVII.)
1232 2705 1286 2712 —-
1316 2679 1429 2725 Edd.
1460 2679 1521 2721 M.
1554 2690 1592 2720 et
1623 2678 1674 2724 R.

250 2737 527 2794 „Neptalim.“

365 2806 412 2862 3)
443 2805 529 2851 cfr.
558 2808 577 2848 1
611 2807 709 2849 cor.
742 2808 796 2857 X,
826 2810 866 2867 2.
897 2808 935 2851 3.
965 2808 1004 2850 4.
