1752 3136
516 143 564 173 m
594 131 794 171 Exonum
824 127 1025 168 HommA
1053 126 1127 168 IV.
1474 127 1531 170 43

113 258 195 288 tem
227 256 271 298 ,et
299 242 523 285 libidinem
552 238 1043 295 summumpraedicant
1072 239 1251 279 bonum.
1311 236 1532 290 Quoniam

111 322 238 374 igitur
267 338 345 377 per
372 320 476 360 haec
505 317 666 369 singula
699 317 816 372 prius
849 316 1047 369 deceptus
1080 325 1139 356 est
1169 314 1378 363 mundus,
1408 315 1533 354 adve-

111 398 232 440 niens
263 413 416 445 sermo,
448 405 488 436 et
516 394 581 434 lex
613 394 709 443 Dei,
740 391 1038 449 hujuscemodi
1071 408 1168 432 eum
1192 390 1534 445 correptionibus

114 475 260 527 arguit,
289 484 338 514 ut
367 490 413 514 ex
446 470 645 527 qualitate
673 486 928 526 poenarum,
960 468 1179 523 qualitates
1207 466 1372 524 proprii
1404 483 1535 519 agno-

114 562 200 592 scat
220 549 386 591 erroris.
429 547 560 602 Quod
588 564 686 588 vero
714 547 862 603 quinto
887 546 932 586 in
953 546 1053 586 loco
1078 545 1324 586 animalium
1348 560 1451 584 nece
1470 543 1536 584 vel

113 628 330 684 pecudum
360 627 572 684 Aegyptus
602 625 869 674 verberatur,
909 622 1107 665 vecordia
1147 622 1190 663 in
1232 623 1313 662 hoc
1345 621 1536 673 arguitur

113 702 372 758 stultitiaque
401 701 671 751 mortalium,
712 702 784 757 qui
821 712 1023 756 tanquam
1064 696 1431 752 i1-rationabilia1)
1462 714 1537 753 pe-

115 797 215 821 cora
246 780 404 821 cultum
437 790 478 820 et
506 779 764 820 vocabulum
794 776 879 818 Dei
909 775 1081 817 diversis
1109 776 1406 832 imposuerunt
1434 777 1540 825 figu-

114 857 183 907 ris,
213 873 303 898 non
333 857 473 899 solum
504 854 744 905 hominum,
775 855 849 896 sed
881 865 919 895 et
947 854 1184 909 pecudum,
1214 854 1329 905 ligno
1363 864 1403 893 et
1433 852 1541 907 lapi-

118 934 242 976 dibus
271 932 496 989 impressis,
527 933 815 974 Hammonem
846 931 999 972 Jovem
1036 930 1078 971 in
1125 930 1253 971 ariete
1282 940 1542 978 venerantes,

119 1022 160 1052 et
190 1009 364 1051 Anubin
392 1010 437 1051 in
467 1026 593 1060 cane,
625 1009 742 1065 Apin
775 1024 947 1064 quoque
979 1008 1166 1048 colentes
1208 1006 1250 1047 in
1282 1018 1431 1053 tauro,
1475 1021 1543 1046 ce-

117 1100 207 1129 tera
239 1103 422 1142 quoque,
453 1102 561 1142 quae
592 1087 806 1144 Aegyptus
838 1087 1019 1126 deorum
1050 1095 1246 1140 portenta
1276 1082 1467 1133 miratur,
1497 1093 1544 1122 ut

118 1164 163 1205 in
195 1165 348 1220 quibus
378 1164 539 1209 cultum
573 1162 866 1215 credebant2)
897 1161 1030 1203 inesse
1063 1160 1273 1211 divinum,
1314 1159 1360 1199 in
1390 1158 1452 1201 his
1483 1157 1543 1198 vi-

121 1244 271 1283 derent
299 1240 539 1282 miseranda
571 1239 789 1296 supplicia.
859 1239 1015 1280 Ulcera
1056 1250 1156 1294 post
1186 1238 1289 1278 haec
1322 1248 1359 1277 et
1388 1235 1546 1277 vesicae

122 1336 217 1359 cum
248 1321 427 1366 fervore,
456 1329 571 1359 sexto
603 1317 647 1358 in
690 1319 865 1359 verbere
903 1316 1217 1372 producuntur.
1287 1315 1345 1356 Et
1383 1312 1549 1353 videtur

120 1396 238 1445 mihi,
270 1396 387 1451 quod
417 1394 463 1436 in
491 1394 705 1436 ulceribus
735 1405 934 1446 arguatur
954 1393 1104 1434 dolosa
1137 1403 1177 1432 et
1199 1391 1426 1447 purulenta
1455 1406 1547 1430 ma-

122 1471 232 1521 litia,
269 1470 313 1512 in
344 1469 488 1512 vesicis
527 1482 695 1512 tumens
738 1482 778 1512 et
814 1469 958 1511 inflata
987 1470 1209 1525 superbia,
1248 1467 1351 1524 in3)
1380 1469 1548 1508 fervore

122 1549 211 1589 irae
242 1565 290 1589 ac
325 1547 480 1588 furoris
510 1547 683 1589 insania.
757 1546 991 1602 Hucusque
1031 1563 1109 1602 per
1147 1561 1342 1586 errorum
1370 1559 1548 1585 suorum

124 1626 291 1679 figuras,
321 1625 486 1665 mundo
518 1621 726 1679 supplicia
756 1634 1062 1678 temperantur.

239 1703 276 1745 7.
308 1702 411 1743 Post
447 1702 552 1741 haec
597 1717 698 1741 vero
741 1701 916 1741 verbera
956 1700 1133 1741 veniunt
1166 1701 1217 1740 de
1247 1696 1444 1754 supernis
1474 1713 1549 1737 vo-

126 1795 205 1828 ces,
235 1778 384 1834 inquit,
413 1776 604 1827 tonitrui,
634 1777 721 1818 sine
753 1777 886 1818 dubio
912 1788 951 1818 et
979 1779 1156 1829 grando,
1184 1787 1224 1816 et
1253 1775 1358 1826 ignis
1390 1773 1552 1815 discur-

126 1874 222 1898 rens
263 1856 306 1897 in
345 1855 560 1907 grandine.
628 1853 739 1896 Vide
775 1865 1157 1910 temperamentum
1199 1852 1365 1895 divinae
1408 1867 1552 1892 corre-

127 1933 299 1989 ptionis,
329 1949 420 1974 non
451 1938 547 1972 cum'
579 1930 747 1973 silentio
780 1933 997 1982 verberat,
1028 1933 1098 1974 scd
1134 1933 1205 1972 dat
1236 1946 1371 1979 voces,
1403 1940 1441 1969 et
1472 1929 1550 1968 do-

129 2011 309 2052 ctrinam
340 2009 516 2050 coelitus
545 2007 685 2058 mittit,
713 2025 791 2064 per
823 2025 950 2064 quam
980 2010 1115 2065 possit
1133 2010 1301 2064 culpam
1331 2022 1451 2047 suam
1482 2021 1552 2045 ca-

128 2087 297 2140 stigatus
324 2102 551 2139 agnoscere
579 2087 779 2128 mundus.
837 2087 924 2128 Dat
954 2098 995 2127 et
1024 2085 1286 2137 grandinem,
1317 2099 1394 2139 per
1425 2098 1553 2137 quam

132 2178 171 2206 et
199 2177 342 2206 tenera
375 2165 514 2204 adhuc
553 2162 826 2218 vastentur4)
863 2165 1075 2206 nascentia
1116 2164 1327 2205 vitiorum.
1397 2160 1485 2200 Dat
1516 2171 1557 2200 et

129 2241 292 2294 ignem,
329 2241 462 2283 sciens
503 2257 589 2281 csse
626 2240 765 2296 spinas
806 2251 846 2281 et
883 2241 1088 2290 tribulos,
1131 2257 1237 2295 quos
1270 2239 1422 2280 debeat
1450 2235 1557 2288 ignis

132 2318 204 2359 ille
235 2320 473 2375 depascere,
503 2320 556 2359 de
587 2334 672 2374 quo
706 2317 808 2360 dicit
836 2319 1071 2360 Dominus:
1102 2313 1442 2370 „ignem⁵)veni
1458 2313 1557 2354 mit-

135 2407 222 2437 tere
252 2395 295 2436 in
325 2400 523 2437 terram.“
588 2394 672 2436 Per
709 2396 825 2437 hunc
864 2395 978 2436 enim
1017 2394 1225 2436 incentiva
1255 2391 1482 2448 voluptatis
1514 2402 1556 2432 et

134 2471 324 2513 libidinis
355 2471 675 2514 consumu‘ntur.
716 2472 850 2527 Quod
882 2484 1020 2514 autem
1051 2473 1310 2513 locustarum
1330 2469 1375 2511 in
1407 2480 1556 2511 octavo

258 2654 301 2708 ¹)
331 2654 443 2696 Edd.
473 2653 669 2695 Merlini:
700 2652 974 2695 irrationalia.

253 2723 299 2777 ²)
331 2725 442 2766 Edd.
473 2723 667 2765 Nlerlini:
702 2725 965 2765 credebatur.

255 2792 302 2848 ³)
337 2794 445 2837 Edd.
475 2794 671 2836 Merlini':
703 2794 748 2835 in
779 2795 944 2836 fervore
973 2794 1129 2837 scilicet
1159 2793 1246 2835 irae
1278 2805 1353 2834 cte.

235 2856 303 2917 ’4)
332 2863 444 2906 Edd.
476 2863 671 2907 Merlini:
700 2875 926 2908 vastantur.
1049 2866 1092 2919 5)
1125 2864 1223 2908 Luc.
1252 2863 1348 2913 ΧΗ,
1382 2863 1449 2906 49.
