1752 3136
1418 120 1472 136 cs·

469 132 514 161 m
544 120 799 161 Lssvrricum
829 118 1031 159 HommA
1057 119 1108 159 X.
1416 118 1499 161 067

86 233 168 274 sive
199 233 323 273 etiam
355 243 598 273 nostrorum
631 240 710 279 cst,
749 229 782 269 is
826 244 880 269 ne
910 229 1164 283 prophetam
1199 230 1369 284 quidem
1402 246 1498 270 eum

86 310 210 351 fuisse
241 312 394 350 docere
424 319 584 363 potest:
625 305 850 362 quomodo
892 305 1004 346 enim
1045 307 1300 362 prophetam
1338 308 1497 362 proba-

84 388 170 435 bit,
201 385 318 443 cujus
357 385 496 426 literas
539 395 691 425 asserat
731 398 816 424 csse
857 399 1130 433 communes,
1173 383 1305 424 futuri
1340 384 1499 424 nullius

84 465 284 516 conscias,
315 479 392 502 nec
426 460 581 502 occulti
611 460 772 515 aliquid
803 460 992 515 mysterii
1024 460 1316 502 continentes?
1371 460 1499 501 Hunc

82 542 223 596 itaque
254 539 326 594 qui
355 539 410 579 ita
440 539 584 586 sentit,
614 538 819 590 legentem
851 538 954 578 haec
986 537 1119 589 arguit
1149 555 1288 579 serrno
1323 538 1500 587 divinus,

82 629 122 658 et
153 616 270 658 dicit:
300 615 560 671 „putasne¹)
589 615 783 668 intelligis
814 631 923 670 quae
955 615 1054 666 legis
1067 614 1111 656 ?“
1177 615 1251 656 Est
1292 631 1389 668 ergo
1420 617 1497 664 lex,

80 706 121 733 et
151 693 315 742 omnia,
347 709 455 748 quae
483 691 528 732 in
558 693 649 744 lege
677 704 795 742 sunt,
839 694 1073 733 secundum
1105 693 1304 747 Apostoli
1333 704 1501 733 senten-

78 770 178 811 tiam
208 786 343 825 usque
373 771 427 811 ad
466 781 631 824 tempus
673 769 1010 823 c0r1-ectioni52)
1057 768 1277 825 imposita,
1326 780 1365 809 et
1395 768 1500 809 sicut

79 847 135 897 hi,
168 848 319 902 quibus
350 847 574 887 artificium
607 859 666 888 est
705 847 821 899 signa
861 863 908 887 ex
948 863 1043 887 aere
1073 849 1233 895 facere,
1278 857 1318 886 et
1347 858 1498 888 statuas

79 926 280 973 fundere,
320 937 545 979 antequam
577 940 723 964 verum
756 941 862 979 opus
896 923 1002 964 aeris
1031 925 1296 978 producant,
1333 937 1402 965 aut
1433 942 1498 965 ar-

79 1003 202 1054 genti,
234 1002 299 1041 vel
331 999 434 1050 auri,
463 1001 711 1051 figmentum
741 1003 856 1054 prius
887 1001 964 1041 luti
995 1002 1050 1041 ad
1079 1000 1398 1042 similitudinem
1429 1005 1496 1043 fu-

78 1091 197 1120 turae
225 1076 415 1129 imaginis
447 1075 717 1130 formant23)
758 1078 875 1131 quod
916 1076 1166 1128 figmentum
1216 1079 1496 1120 necessarium

79 1157 251 1211 quidem
284 1166 353 1202 est,
383 1154 456 1194 sed
487 1169 709 1208 usquequo
744 1169 853 1208 opus
895 1154 1014 1208 quod
1045 1154 1281 1210 principale
1312 1169 1386 1206 est,
1429 1174 1496 1196 ex-

75 1233 266 1289 pleatur:
302 1248 398 1272 cum
430 1241 572 1270 autem
602 1229 730 1270 fuerit
758 1231 958 1270 effectum
999 1246 1107 1286 opus
1151 1232 1282 1283 illud,
1319 1246 1498 1290 propter

76 1310 194 1365 quod
233 1308 481 1360 figmentum
524 1307 602 1348 luti
644 1309 783 1347 fuerat
819 1307 1077 1358 formatum,
1123 1325 1221 1349 usus
1260 1308 1348 1366 ejus
1389 1311 1499 1352 ultra

74 1404 166 1428 non
199 1385 435 1442 quaeritur:
478 1385 563 1425 tale
602 1384 762 1439 aliquid
791 1383 978 1436 intellige
1017 1385 1142 1426 etiam
1183 1387 1228 1427 in
1260 1387 1347 1439 his,
1391 1406 1500 1444 quae

75 1466 121 1505 in
149 1475 253 1522 typo
286 1473 326 1503 et
355 1463 488 1515 figura
519 1463 765 1502 futurorum
796 1460 840 1501 in
869 1462 960 1515 lege
992 1473 1033 1503 et
1049 1463 1281 1518 prophetis,
1312 1467 1376 1506 vel
1395 1468 1496 1509 scri-

77 1552 163 1596 pta,
195 1540 258 1580 vel
300 1550 411 1591 gesta
448 1550 557 1580 sunt.
626 1538 755 1579 Venit
795 1540 907 1580 enim
947 1539 1037 1595 ipse
1077 1539 1225 1582 artifex
1268 1553 1308 1583 et
1348 1556 1498 1585 auctor

79 1618 284 1666 omnium,
319 1627 359 1656 et
389 1617 596 1670 legem,‘²)
643 1631 750 1671 quae
789 1616 988 1657 umbram
1028 1617 1211 1659 habehat
1251 1620 1496 1663 futurorum

75 1697 307 1743 bonorum,
336 1692 548 1733 transtulit
578 1693 631 1733 ad
659 1692 795 1748 ipsam
825 1693 1053 1744 imaginem
1093 1713 1250 1738 rerum.
1326 1698 1412 1739 Sed
1441 1715 1497 1739 ne

75 1773 186 1813 forte
218 1770 390 1812 difficile
420 1768 497 1810 tibi
527 1770 703 1826 probari
733 1787 867 1825 posse,
899 1787 1007 1826 quae
1039 1772 1230 1822 dicimus,
1260 1773 1497 1826 videantur,

76 1863 335 1900 recognosce
371 1863 452 1903 per
493 1848 666 1898 singula.
732 1847 835 1888 Erat
864 1849 981 1902 prius
1013 1848 1250 1891 Jerusalem
1291 1852 1393 1892 urbs
1422 1853 1494 1894 illa

77 1941 227 1977 magna
268 1925 436 1975 regalis,
483 1925 565 1965 ubi·
601 1926 810 1980 templum
851 1925 1178 1967 famosissimum
1219 1928 1316 1969 Deo
1358 1931 1495 1971 fuerat

77 2014 343 2044 exstructum.
402 2001 748 2057 Posteaquam5)
780 2018 878 2042 vero
911 2003 1023 2043 venit
1052 2002 1143 2052 ille,
1184 2006 1256 2060 qui
1299 2018 1387 2047 crat
1427 2024 1495 2048 ve·

77 2097 173 2120 rum
205 2079 412 2133 templum
452 2079 558 2128 Dei,
598 2091 637 2120 et
676 2079 844 2119 dicebat
884 2080 937 2120 de
974 2083 1136 2136 templo
1178 2085 1368 2139 corporis
1409 2085 1493 2126 sui:
1534 2092 1539 2093 ⁷

78 2156 312 2209 ‚‚solvite⁶)
360 2156 567 2210 templum
619 2156 754 2196 hoc:“
804 2168 841 2196 et
881 2156 979 2211 quia
1026 2159 1215 2200 coelestis
1255 2161 1491 2203 Jerusalem

77 2234 219 2289 coepit
250 2233 414 2289 aperire
442 2231 658 2291 mysteria:
702 2233 836 2274 deleta
869 2246 928 2275 est
960 2233 1029 2275 illa
1060 2247 1248 2284 terrena,
1285 2237 1360 2278 ubi
1392 2255 1491 2280 coe-

196 2393 239 2448 ¹)
269 2395 365 2435 Act-
393 2393 509 2443 VIII,
537 2394 605 2435 30.

191 2465 239 2519 ²)
268 2465 380 2505 Edd.
411 2463 608 2505 Merlini:
640 2465 932 2520 correptionis.
963 2493 1016 2501 —
1051 2466 1135 2507 Cfr.
1168 2466 1296 2509 Hebr.
1328 2469 1403 2520 IX,
1424 2471 1489 2514 10.

190 2534 237 2588 ³)
266 2535 382 2576 Libri
412 2533 512 2576 editi
542 2534 600 2588 (v.
633 2551 667 2574 e.
699 2535 794 2575 edd.
826 2536 934 2590 M.):
975 2539 1210 2586 „formantz
1249 2556 1338 2581 non
1371 2544 1487 2596 quod

76 2592 324 2642 figmentum
363 2591 644 2633 necessarium
683 2591 754 2640 sit,
803 2594 875 2633 sed
914 2609 1048 2648 usque
1097 2600 1209 2649 quo“
1257 2608 1332 2638 ete.
1403 2597 1488 2638 Sed

77 2647 177 2689 Mss.
209 2660 255 2688 ut
283 2649 327 2688 in
356 2662 505 2690 nostro
536 2659 659 2687 textu.
690 2647 740 2688 R.

192 2717 237 2772 ¹²)
270 2717 357 2759 Csr.
387 2717 517 2758 Hebr.
547 2718 600 2766 X,
633 2722 669 2761 1.

194 2788 238 2841 ⁵)
268 2788 378 2829 Edd.
410 2787 606 2829 Merlini:
638 2787 788 2830 Postea
821 2806 919 2832 vero
953 2807 1080 2845 quam
1113 2793 1223 2833 venit
1256 2792 1325 2835 ille
1357 2806 1430 2834 etc,

191 2858 235 2907 ⁶)
267 2858 339 2899 Ev.
371 2860 532 2901 Joann.
564 2859 617 2911 Il,
649 2859 712 2902 19.
