1752 3136
212 69 298 114 216
833 70 1057 113 Omonms

215 193 407 234 sanctus,
438 183 512 240 qui
543 183 596 227 ad
636 183 776 227 arietis
805 183 991 241 pretium
1033 184 1290 227 necessarius
1329 183 1506 235 dicitur,
1543 185 1637 228 vide

212 261 344 310 unde,
373 271 414 302 et
445 261 669 316 quomodo
701 260 1013 317 perquirendus
1042 261 1106 304 sit.
1155 260 1293 304 Siclus
1322 261 1528 318 pecuniae
1557 262 1636 305 do-

210 337 396 380 minicae
426 353 587 380 nomen
619 349 699 388 est,
738 349 778 379 et
814 339 859 379 in
889 338 1033 380 multis
1076 338 1395 394 Scripturarum
1428 337 1546 388 locis,
1575 337 1641 380 di..

212 414 340 457 versis
369 415 705 471 appellationum
730 415 994 466 nominibus,
1022 414 1204 471 pecunia
1229 415 1445 458 dominica
1473 431 1641 456 memo·

213 503 342 532 ratur.
403 490 491 533 Sed
523 492 733 548 quaedam
763 493 916 548 proba,
947 493 1156 549 quaedam
1185 509 1284 534 vero
1318 493 1505 549 reproba
1536 491 1641 534 dici-

213 578 297 610 tur.
354 568 499 610 Proba
531 580 619 610 erat
647 569 718 610 illa
749 569 943 625 pecunia,
972 585 1101 625 quam
1138 570 1439 626 paterfamilias
1467 585 1645 626 peregre

212 646 498 700 profecturus,
527 644 687 687 vocatis
717 645 842 686 servis
872 646 955 688 suis
988 645 1106 687 dedit
1143 646 1376 701 unicuique
1404 646 1644 688 secundum

212 721 410 764 virtutem
440 739 573 764 suam.
633 721 779 762 Proba
811 733 899 762 erat
941 733 982 762 et
1010 722 1083 763 illa
1113 723 1316 777 pecunia,
1361 739 1469 779 quae
1513 723 1643 763 dena-

214 798 303 840 rius
334 798 595 848 nominatur,
626 798 700 854 qui
732 814 830 838 curn
860 796 1130 840 mercenariis
1159 810 1305 853 pactus
1337 812 1408 849 est,
1439 812 1478 840 et
1507 815 1530 840 a
1560 816 1643 841 no-

213 874 386 917 vissimis
418 875 541 915 datus
572 886 633 915 est
661 890 794 931 usque
824 876 878 916 ad
907 874 1084 930 primos.
1152 874 1271 915 Scire
1310 890 1409 926 ergo
1439 886 1481 916 te
1510 892 1643 931 opor-

213 963 295 1002 tet,
334 951 434 1007 quia
466 963 527 994 est
556 963 596 993 et
626 950 706 993 alia
748 952 931 1008 pecunia
969 953 1167 1008 reproba.
1236 951 1352 992 Audi
1387 951 1645 1007 prophetam

214 1028 450 1070 dicentem:
479 1029 789 1084 „argentum¹)
825 1040 1009 1071 vestrum
1040 1030 1318 1085 reprobum.“
1388 1028 1503 1084 Quia
1544 1044 1643 1082 ergo

215 1116 275 1146 est
304 1105 514 1160 quaedam
555 1106 718 1162 proba,
766 1107 975 1161 quaedam
1022 1122 1123 1148 vero
1163 1107 1370 1163 reproba,
1416 1118 1645 1162 propterea

215 1183 472 1238 Apostolus,
518 1183 633 1224 velut
663 1184 719 1225 ad
747 1182 996 1239 probabiles
1033 1183 1274 1239 trapezitas:
1314 1183 1643 1240 ‚‚probantes,²)

215 1259 366 1315 inquit,
399 1258 558 1310 omnia,
589 1262 709 1316 quod
739 1261 906 1302 bonum
939 1271 998 1301 est
1029 1260 1305 1303 obtinentes.“
1370 1261 1498 1303 Solus
1530 1260 1644 1302 enim

216 1347 277 1378 est
304 1336 520 1377 Dominus
549 1348 696 1378 noster
724 1337 846 1378 Jesus
880 1336 1094 1388 Christus,
1124 1337 1197 1394 qui
1226 1349 1268 1380 te
1299 1337 1548 1395 hujusmodi
1577 1355 1644 1379 ar—

213 1423 299 1454 tem
332 1413 466 1469 possit
496 1414 691 1464 edocere,
726 1430 807 1470 per
836 1430 964 1470 quam
994 1414 1100 1456 scias
1137 1415 1398 1465 discernere,
1448 1432 1557 1471 quae
1593 1416 1647 1458 sit

213 1490 420 1546 pecunia,
467 1506 575 1547 quae
615 1490 703 1532 veri
744 1489 850 1543 regis
880 1490 1106 1543 imaginem
1146 1502 1284 1533 tenet:
1326 1508 1435 1548 quae
1461 1509 1563 1534 vero
1594 1492 1647 1534 sit

216 1568 477 1618 adulterina,
507 1580 569 1619 et,
598 1579 647 1609 ut
676 1567 801 1620 vulgo
834 1567 1008 1618 dicitur,
1053 1579 1166 1610 extra
1196 1581 1415 1611 monetam
1446 1571 1648 1620 formata,

214 1661 324 1701 quae
352 1661 514 1686 nomen
545 1644 719 1701 quidem
750 1645 906 1686 habeat
934 1644 1063 1699 regis,
1090 1647 1308 1688 veritatem
1336 1659 1476 1689 autem
1505 1647 1647 1699 regiae

214 1722 375 1774 figurae
403 1738 495 1763 non
524 1733 678 1763 teneat.
727 1721 858 1763 Multi
887 1737 1075 1777 namque
1102 1735 1211 1774 sunt,
1241 1724 1315 1779 qui
1333 1741 1495 1766 nomen
1517 1723 1645 1766 Chri-

214 1799 265 1841 sti
295 1799 469 1849 habent,
496 1801 570 1841 sed
601 1798 816 1840 veritatem
845 1815 936 1840 non
966 1799 1126 1841 habent
1156 1798 1325 1842 Christi.
1380 1802 1437 1842 Et
1464 1813 1646 1858 propter

216 1876 302 1918 hoc
330 1875 433 1917 dicit
463 1876 694 1932 Apostolus
723 1876 906 1918 Paulus:
937 1876 1203 1932 „oportet-³)
1236 1877 1348 1919 enim
1380 1890 1422 1919 et
1450 1880 1644 1921 haereses

218 1969 317 2004 esse,
345 1964 394 1994 ut
421 1953 593 2009 probati
621 1952 831 1995 manifesti
858 1953 963 1994 fiant
991 1952 1102 1994 inter
1131 1957 1247 1998 vos.“
1311 1955 1479 1997 Idcirco
1518 1954 1645 2007 igitur

217 2043 258 2074 et
287 2032 330 2074 in
360 2031 570 2088 praesenti
597 2029 781 2072 lectione
809 2029 1046 2082 legislator,
1087 2041 1201 2072 totus
1245 2032 1300 2073 ad
1337 2030 1560 2091 mysticum
1604 2044 1644 2074 et

214 2107 475 2165 spiritualem
504 2106 730 2163 respiciens
759 2123 948 2158 sensum,
986 2108 1174 2158 addidit,
1221 2121 1268 2150 ut
1296 2110 1402 2152 aries
1431 2108 1531 2160 iste,
1569 2110 1645 2166 qui

218 2187 275 2228 ob
306 2187 389 2228 hoc
421 2197 720 2242 comparatur,
760 2197 807 2226 ut
845 2197 1068 2242 peccatum
1098 2185 1231 2241 possit
1261 2187 1503 2239 absolvere,
1550 2205 1644 2230 non

217 2263 504 2320 qualicunque
533 2263 652 2313 siclo,
682 2263 767 2304 hoc
797 2275 868 2313 est,
897 2280 989 2304 non
1020 2264 1306 2319 qualicunque
1333 2263 1539 2319 pecunia,
1568 2265 1643 2306 sed

215 2341 319 2385 siclo
351 2354 495 2383 sancto
530 2352 816 2397 comparetur.
863 2339 998 2395 Quod
1026 2342 1166 2383 sinon
1186 2339 1437 2396 respiciebat
1466 2341 1521 2381 ad
1548 2357 1644 2398 my-

213 2418 402 2469 sterium,
432 2418 536 2474 quid
565 2417 743 2460 rationis
781 2433 867 2460 esse
896 2417 1141 2468 videbatur,
1180 2429 1227 2459 ut
1265 2417 1372 2458 aries
1409 2429 1542 2460 emtus
1575 2420 1641 2459 of-

213 2497 395 2538 ferretur
424 2496 479 2536 ad
509 2494 713 2546 hostiam,
752 2506 792 2537 et
829 2506 943 2537 certo
975 2494 1144 2551 pretio?
1189 2507 1230 2536 et
1255 2511 1347 2536 non
1374 2493 1529 2536 sufficit
1557 2511 1638 2536 no-

213 2589 315 2614 men
344 2571 551 2629 pecuniae
581 2573 685 2614 siclo
715 2571 980 2624 nominasse,
1023 2574 1096 2616 sed
1137 2572 1300 2615 addidit
1338 2582 1379 2613 et
1409 2583 1554 2614 sancto
1585 2572 1640 2615 si-

1618 2658 1639 2678 l

333 2748 377 2803 ι)
409 2747 497 2790 cfr.
527 2748 684 2791 serem.
717 2749 790 2799 vl,
822 2728 904 2794 30(

332 2816 378 2875 ²)
411 2816 499 2860 Csr.
527 2816 547 2858 I
578 2818 725 2862 Thess.
754 2819 804 2870 V,
833 2820 903 2862 21.
1023 2819 1071 2875 ³)
1101 2818 1118 2860 I
1152 2816 1251 2861 Cor.
1284 2817 1360 2872 XI,
1390 2817 1454 2862 19.
