1752 3136
532 74 579 102 m
609 61 861 103 Lsswncum
892 61 1091 103 ΗοΜηΙΑ
1119 62 1193 103 ΙΙΙ.
1491 65 1573 107 215

154 175 364 214 valeamus
411 185 562 215 cuncta
610 172 834 224 disserere,
877 183 1020 212 tamen
1061 172 1262 213 sentimus
1310 186 1461 214 cuncta
1504 191 1571 215 re—

151 250 264 305 pleta
307 266 392 292 esse
427 249 643 306 mysteriis.
729 247 785 288 Et
822 246 920 287 ideo
959 248 1153 289 studiosis
1190 247 1430 304 quibusque
1460 248 1573 290 indi-

153 326 214 367 cia
243 326 432 382 posuisse
457 316 834 378 sufficianqnibus
865 323 1027 364 excitati
1057 325 1111 365 ad
1141 322 1294 366 altiora
1323 325 1502 373 horum,
1533 336 1572 365 et

149 401 433 457 profundiora
461 400 728 456 perveniant,
767 411 808 440 et
835 399 1094 452 intelligant,
1133 416 1182 446 ex
1217 401 1370 458 quibus
1399 400 1447 443 iis
1477 416 1569 453 gre-

147 479 268 532 gibus
300 489 525 533 quaeratur
550 468 707 518 vitulus'
734 477 786 518 ad
818 476 1012 527 hostiam,
1043 494 1089 518 ex
1113 477 1267 532 quibus
1286 478 1434 519 ovibus
1464 477 1570 519 aries

147 555 433 612 providendus
461 555 526 595 sit.
581 554 762 604 „Habeo
784 554 826 609 ¹)
858 553 993 604 enim,
1037 553 1175 609 inquit
1213 554 1357 604 Jcsus,
1401 568 1441 596 et
1470 556 1569 596 alias

148 646 266 680 oves,
309 647 418 686 quae
455 648 548 672 non
589 642 687 673 sunt
726 632 778 672 de
821 631 905 672 hoc
941 631 1059 672 ovili:
1103 642 1143 671 et
1175 630 1267 673 illas
1301 642 1474 687 oportet
1500 648 1569 672 me

144 707 376 748 adducere&
407 719 454 749 ut
482 708 554 749 fiat
573 725 680 749 unus
704 724 814 760 grex,
844 719 884 748 et
904 724 1012 748 unus
1028 713 1225 762 pastor.“⁴
1261 707 1406 749 Sciant
1431 707 1570 757 etiam,

143 783 219 825 ubi
247 796 442 835 turtures,
471 783 547 825 ubi
577 786 804 826 columbae
842 782 1123 839 requirendae
1165 795 1277 826 sunt.
1335 784 1569 839 ‚‚Oculi,²)

144 860 303 915 inquit,
334 861 394 902 tui
423 861 530 903 sicut
566 862 792 902 columbae
830 877 958 915 super
994 859 1282 915 plenitudines
1322 865 1571 918 aquarum.“

144 938 210 978 Ad
243 934 449 992 aquarum
480 937 895 992 ergosplenitudincs
932 938 1258 992 properandum
1299 950 1380 989 est,
1418 938 1463 978 in
1507 939 1569 979 his

143 1012 258 1054 enim
278 1004 468 1068 ‘sponsae
498 1014 749 1055 describitur
777 1013 1070 1069 pulchritudo.
1129 1014 1271 1069 „Et³)
1298 1016 1472 1063 collum,
1501 1016 1567 1056 in-

143 1089 246 1145 quit,
275 1100 398 1130 tuum
427 1090 534 1131 sicut
563 1089 771 1132 turturis.“
828 1089 878 1130 In
918 1089 1128 1131 columbis
1173 1091 1288 1132 oculi
1317 1092 1567 1146 praedican-

141 1178 223 1207 tur.
284 1166 418 1220 Quod
450 1168 562 1207 enim
594 1167 717 1215 dixit:
759 1166 1076 1220 „columbae⁴)
1116 1183 1245 1222 super
1283 1167 1568 1223 plenitudines

143 1259 351 1297 aquarum
364 1247 401 1283 :“
438 1245 580 1284 ferunt
611 1243 694 1284 hoc
726 1260 856 1296 genus
887 1242 996 1293 avis,
1026 1260 1122 1284 cum
1156 1245 1208 1285 ad
1239 1260 1368 1299 aquas
1398 1244 1570 1292 venerit,

143 1319 242 1374 quia
279 1319 341 1361 ibi
379 1320 487 1362 solet
527 1319 735 1376 accipitris
764 1319 934 1362 insidias
964 1320 1070 1376 pati,
1108 1320 1349 1362 venientem
1389 1322 1570 1376 desuper

140 1396 377 1446 inimicum,
409 1396 620 1440 volitantis
648 1397 801 1437 umbra
830 1397 936 1451 in5)
967 1398 1085 1452 aquis
1114 1398 1299 1453 inspecta
1331 1398 1569 1453 deprehen—

142 1474 256 1521 dere,
287 1485 326 1513 et
356 1475 583 1514 oculorum
614 1473 872 1528 perspicacia
901 1474 1097 1515 fraudem
1127 1474 1310 1529 periculi
1338 1465 1567 1515 imminen-

143 1549 191 1590 tis
223 1549 411 1590 evadere.
472 1549 605 1603 Quod
635 1550 728 1604 sifi)
759 1562 801 1591 et.
829 1561 875 1590 tu
905 1550 960 1590 ita
992 1550 1242 1609 prospicere
1277 1551 1467 1603 potueris
1498 1550 1566 1591 iu-

142 1625 268 1668 sidias
298 1620 553 1674 diaboli,'0t
585 1642 743 1674 cavere,
776 1627 1027 1668 sacrificium
1057 1628 1154 1668 Deo
1188 1627 1410 1669 columbas
1442 1629 1567 1668 obtu-

140 1702 250 1744 leris.
311 1703 398 1743 Sed
429 1712 470 1742 et
499 1701 651 1757 quibus
680 1701 778 1743 talia
810 1719 935 1743 curae
963 1715 1082 1753 sunt,
1120 1703 1229 1745 illud
1271 1705 1394 1745 etiam
1424 1706 1567 1760 requi-

141 1790 249 1829 rant,
282 1795 329 1820 ex
361 1779 514 1834 quibus
545 1777 594 1819 iis
625 1779 730 1830 agris
766 1778 902 1819 simila
942 1780 1067 1820 debet
1104 1780 1262 1823 offerri.
1331 1781 1422 1833 Ego
1456 1782 1569 1822 arbi—

141 1870 242 1905 tror,
276 1857 394 1911 quod
427 1872 473 1896 ex
506 1856 618 1896 illius
648 1867 784 1897 terrae
813 1856 1033 1908 segetibus,
1066 1873 1174 1913 quac
1190 1857 1291 1897 facit
1309 1858 1440 1899 alium
1473 1875 1569 1899 cen-

144 1933 352 1982 tesimum,
383 1932 513 1973 alium
543 1932 863 1984 sexagesimum,
911 1934 1043 1975 alium
1083 1933 1340 1976 tricesimum
1369 1936 1569 1979 fructum.

143 2009 379 2065 chuirant
408 2009 548 2059 ctiam,
576 2008 654 2049 nisi
687 2010 793 2064 plus,
817 2027 945 2065 quam
977 2011 1114 2060 debet,
1144 2012 1361 2053 curiosum
1392 2012 1570 2060 videtur,

147 2087 596 2146 quibuspmolentibus
634 2086 770 2128 simila
815 2087 892 2128 ista
942 2089 996 2129 ad
1036 2088 1240 2130 sacrificia
1280 2101 1567 2144 praeparetur.

145 2165 237 2205 Nec
269 2179 339 2204 cos
368 2164 496 2204 lateat
526 2165 627 2204 duas
657 2179 764 2213 esse,
795 2180 904 2219 quac
932 2165 1121 2214 molunt,
1167 2182 1347 2222 quarum
1380 2183 1462 2206 una
1494 2167 1568 2206 ad-

145 2253 349 2291 sumetur,
367 2239 412 2295 7)
443 2253 482 2281 et
512 2240 591 2280 alia
622 2239 899 2297 relinquetur.
957 2242 1020 2282 Ex
1047 2241 1160 2284 illius
1181 2258 1279 2295 ergo
1301 2245 1432 2292 mola,
1463 2258 1571 2298 quae

147 2318 410 2359 adsumenda
442 2328 515 2367 est,
543 2315 722 2360 similam
756 2320 974 2377 oportebit
1003 2320 1174 2362 offerre.
1241 2320 1329 2361 Sed
1368 2332 1408 2360 et
1445 2318 1571 2361 siclus

266 2507 309 2562 Ι)
343 2506 433 2551 cfr,
465 2524 523 2548 ev.
555 2507 714 2548 Joann.
745 2508 801 2557 X,
832 2509 896 2551 16.
1015 2509 1061 2564 2)
1093 2507 1254 2550 Cantic.
1287 2509 1337 2560 V,
1367 2511 1433 2552 12.

263 2576 311 2629 3)
343 2576 430 2618 Cfr.
463 2576 624 2618 Camic.
656 2577 748 2628 VII,
776 2579 815 2619 4.
846 2582 947 2624 coll.
976 2580 1008 2630 I,
1038 2581 1105 2622 10.

266 2646 313 2700 ⁴)
345 2646 505 2706 Cantaic.
535 2649 588 2696 V,
619 2647 684 2690 12.
805 2649 850 2704 ⁵)
882 2650 1014 2691 Deest
1043 2650 1139 2700 „in“
1169 2650 1213 2690 in
1245 2650 1311 2690 ed.
1341 2647 1490 2690 Ruaei.

267 2716 314 2769 6)
345 2715 456 2759 Edd.
486 2717 682 2759 Mer-lini:
715 2729 754 2759 ct
780 2718 813 2759 si
842 2729 888 2760 tu
917 2719 975 2760 ita
1007 2730 1082 2761 cte.

241 2782 316 2842 Ὗ)
348 2786 458 2830 Edd.
488 2787 686 2832 Merlini:
715 2788 963 2840 adsumitur,
993 2800 1033 2831 et
1062 2789 1144 2832 alia
1170 2786 1435 2843 relinquitur.
