1752 3136
480 124 534 154 m
565 111 768 153 Exonum
798 112 1000 152 Horum
1034 111 1146 152 VIII.
1442 112 1526 158 103

97 241 188 266 sear
217 240 344 279 super
380 236 420 264 tc
459 223 610 263 ultra.“
697 221 814 263 Haec
856 223 909 263 de
956 238 1035 274 eo,
1081 221 1200 276 quod
1239 220 1400 264 dictum
1441 237 1513 266 est:

96 301 239 351 „Deus
258 300 300 355 ¹)
330 300 525 343 zelans-“1

206 377 245 419 6.
276 376 504 417 Videamus
534 390 648 414 nunc
680 386 719 415 et
749 376 868 429 quod
897 373 1099 429 sequitur,
1134 374 1359 429 quomodo
1391 376 1516 418 reddi

96 453 294 494 dicuntur
322 464 492 507 peccata
521 462 690 506 patrum
720 451 762 492 in
795 450 933 500 filIos,
976 450 1021 491 in
1051 450 1218 510 'tertiam
1251 462 1292 492 et
1321 463 1516 506 quartam

92 529 351 585 progeniem.
419 528 468 568 In
509 528 594 569 hoc
635 528 747 569 enim
789 543 987 569 sermone
1024 527 1164 568 solent
1201 544 1279 571 nos
1310 527 1512 570 haeretici

91 605 319 657 suggillare,
351 605 469 660 quod
498 621 588 645 non
613 603 665 646 sit
692 605 798 645 boni
830 602 913 644 Dei
942 621 1105 653 sermo,
1148 604 1220 659 qui
1247 621 1328 660 pro
1360 621 1512 660 pecca-

90 681 137 723 tis
168 681 335 722 alterius
373 681 502 722 alium
543 681 673 736 plecti
715 682 839 723 dicat.
919 681 1005 721 Sed
1042 681 1277 722 secundum
1318 681 1511 737 ipsorum

89 757 321 807 rationem,
369 757 502 813 qui2)
541 758 685 799 Deum
726 760 825 812 legis
855 748 1128 800 mandantem
1160 758 1264 819 hhaec
1292 759 1392 799 licet
1419 775 1511 799 non

86 836 274 884 bonum,
318 833 473 891 justum
516 845 660 875 tamen
705 834 873 885 dicunt,
925 852 980 876 ne
1019 833 1099 889 ipsi
1130 833 1303 889 quidem
1331 847 1510 889 possunt

86 912 320 959 ostendere,
351 912 573 966 quomodo
604 913 840 953 secundum
869 922 1038 955 sensum
1058 927 1180 953 suurn
1208 908 1390 966 justitiae
1408 927 1509 952 suae

87 988 314 1029 convenire
344 988 556 1036 videatur,
601 987 635 1028 si
666 989 770 1029 alius
800 989 884 1030 alio
915 998 1119 1043 peccante
1148 989 1365 1042 puniatur.
1424 989 1508 1029 Su-

84 1076 224 1119 perest
252 1065 389 1117 igilur,
420 1077 466 1104 ut
485 1064 724 1105 Dominum
749 1066 1042 1120 deprecemur,
1072 1064 1178 1115 ut3)
1199 1065 1395 1105 ostendat
1423 1081 1506 1104 no-

83 1141 160 1193 bis,
193 1143 414 1196 quomodo
446 1154 671 1196 praecepta
711 1142 815 1182 haec
854 1139 965 1198 justo
1003 1141 1212 1195 bonoque
1250 1139 1507 1181 conveniant

81 1217 192 1259 Deo.
265 1216 402 1274 Saepe
431 1217 515 1274 jam
563 1219 764 1268 diximus,
803 1219 921 1273 quod
949 1218 1182 1272 scripturae
1214 1216 1381 1257 divinae
1410 1233 1498 1258 non

83 1294 225 1335 omnia
256 1297 309 1336 ad
341 1296 588 1336 exteriorem
622 1295 863 1344 hominem,
905 1295 979 1336 scd
1008 1294 1212 1349 perplura
1243 1294 1298 1333 ad
1327 1293 1503 1334 interio—

80 1387 167 1410 rem
199 1371 449 1426 loquuntur.
516 1372 700 1413 Interior
735 1372 862 1424 igitur
900 1372 1033 1411 homo
1073 1381 1219 1410 noster
1257 1380 1328 1410 aut
1356 1369 1500 1410 Deum

81 1446 234 1488 dicitur
262 1449 419 1488 hahere
448 1461 634 1503 patrem,
667 1449 699 1489 si
728 1450 963 1490 secundum
994 1448 1138 1488 Deum
1170 1445 1289 1496 vivit,
1320 1458 1360 1487 et
1393 1463 1499 1502 quae

78 1523 162 1563 Dei
192 1536 288 1564 sunt
317 1525 418 1575 agit3
447 1538 517 1565 aut
550 1526 794 1574 diabolum,
824 1525 858 1565 si
887 1526 930 1565 in
961 1525 1141 1580 peccatis
1171 1524 1245 1571 sit,
1277 1535 1315 1564 et
1344 1523 1497 1564 volun-

79 1610 180 1639 tates
210 1599 322 1639 illius
353 1601 553 1656 gerat:⁴)
583 1602 690 1643 sicut
722 1601 938 1642 evidenter
966 1601 1008 1640 in
1040 1600 1263 1650 evangeliis
1303 1600 1498 1641 Salvator

54 1675 271 1725 'ostendit‚
302 1693 400 1716 cum
430 1678 548 1718 dicit:
580 1681 740 1734 ‚,vos⁵)
772 1679 823 1717 de
853 1689 973 1732 patre
1004 1677 1179 1718 diabolo
1214 1676 1319 1726 estis,
1350 1688 1390 1717 et
1420 1677 1494 1716 de—

75 1751 225 1793 sideria
255 1752 384 1808 patris
413 1755 537 1795 vestri
568 1756 705 1794 facere
727 1752 881 1794 Vvultis.
968 1754 1046 1792 Ille
1084 1753 1301 1794 homicida
1331 1753 1412 1794 fuit
1441 1755 1494 1793 ab

77 1829 213 1879 initio,
245 1830 355 1870 etin
385 1832 556 1872 veritate
584 1848 675 1871 non
714 1831 863 1872 stetit.“
929 1830 1050 1872 Sicut
1091 1846 1190 1882 ergo
1227 1845 1371 1870 semen
1409 1829 1496 1870 Dei

75 1906 118 1948 in
150 1907 276 1948 nobis
307 1907 462 1949 dicitur
489 1924 687 1980 manere,
731 1924 829 1948 cum
875 1908 1051 1947 verbum
1083 1907 1167 1947 Dei
1209 1917 1418 1949 servantes
1448 1907 1494 1948 in

76 1985 201 2025 nobis
229 2002 320 2025 non
349 2002 588 2041 peccamus,
616 1997 663 2025 ut
691 1988 878 2027 Joannes
909 1983 1034 2024 dicit:
1072 1982 1235 2039 „qui⁶)
1273 1995 1493 2040 autembex

75 2061 171 2102 Deo
205 2074 275 2111 est,
304 2079 394 2103 non
425 2073 586 2118 peccat,
616 2061 715 2117 quia
744 2078 886 2102 semen
919 2061 1005 2101 Dei
1043 2073 1187 2101 manet
1221 2060 1263 2100 in
1305 2065 1407 2101 co:“
1434 2059 1493 2100 ita

78 2139 200 2178 ctiam
245 2157 341 2180 cum
374 2157 395 2180 a
439 2139 614 2180 diabolo
657 2141 711 2180 ad
749 2140 1018 2195 peccandum
1058 2139 1310 2184 suademur,
1347 2151 1494 2177 semen

36 2246 43 2248 μ
75 2214 163 2269 ejus
195 2215 517 2271 suscipimus.)
587 2215 697 2256 Cum
739 2232 838 2257 vero
878 2215 1000 2256 etiam
1034 2214 1222 2271 operes)
1267 2213 1492 2268 implemus

190 2366 235 2422 ἵ)
268 2367 354 2409 Cfr.
386 2368 521 2410 Exod.
548 2368 646 2418 XX,
676 2370 714 2412 5.

190 2438 237 2491 ²)
269 2440 381 2479 Alias
412 2439 470 2494 (v.
505 2456 537 2479 c.
568 2441 612 2482 in
644 2436 740 2480 ede
769 2439 874 2490 M.):
913 2438 1013 2493 „qui
1044 2439 1147 2479 dum
1178 2436 1278 2489 legis
1310 2436 1489 2477 manda-

75 2506 163 2534 tum
193 2494 293 2535 licet
320 2512 408 2535 non
441 2494 833 2552 bonum,·justum“
861 2507 936 2536 etc.
967 2495 1018 2535 R.

189 2565 235 2620 3>
265 2566 376 2607 Edd.
406 2565 604 2607 Mcrlini:
636 2576 676 2605 et
706 2566 898 2605 ostendat
930 2577 1006 2609 etc.

192 2636 238 2688 4)
269 2637 380 2680 Edd.
411 2635 604 2677 Mcrlini:
635 2634 750 2686 gerit.
871 2635 916 2691 ⁵)
947 2635 1021 2677 Ev.
1053 2635 1210 2677 Joann.
1242 2633 1356 2686 Vlll,
1385 2633 1450 2677 44.

192 2705 237 2760 ⁰>
271 2705 355 2747 Cfr.
389 2707 406 2745 Ι
438 2708 597 2748 Joann.
626 2704 698 2751 III,
730 2704 768 2746 9.

198 2776 239 2828 ⁷)
270 2777 382 2818 Alias
411 2778 468 2833 (v.
500 2793 532 2816 c.
564 2774 607 2815 in
639 2775 734 2814 edd.
766 2774 872 2828 M.):
901 2776 1175 2824 „efficimur.“
1205 2777 1255 2817 R.

192 2846 238 2899 ὃ)
271 2845 401 2887 Deest
430 2851 613 2902 „opere“
643 2846 686 2887 in
719 2846 812 2888 edd.
850 2845 908 2886 Μ,
