1752 3136
537 107 582 137 m
617 94 872 135 LEvmcUm
902 89 1104 133 Homma
1134 91 1184 134 V.
1496 93 1584 136 255

275 207 312 249 7.
343 204 548 261 ‚‚Haec¹)
582 215 661 253 est,
689 201 847 258 inquit,
886 202 951 242 lex
985 202 1178 243 sacrificii
1207 202 1420 253 salutaris,
1461 206 1580 259 quod

163 284 344 324 offerent
382 281 587 323 Domino.
667 278 714 321 Si
756 278 929 334 quidem
970 295 1052 334 pro
1083 279 1330 321 laudatione
1370 279 1582 334 osfere12)

162 359 288 409 illud,
328 370 368 399 et
397 359 556 399 adferet
595 357 649 397 ad
676 353 929 396 sacrificium
967 372 1098 411 panes
1137 355 1402 398 laudationes
1426 348 1486 397 *ex
1526 355 1582 399 si-

160 436 261 477 mila
290 437 421 476 factos
450 432 495 473 in
526 433 635 482 oleo,
669 442 708 471 et
738 431 887 482 lagana
917 447 1067 487 azyma
1096 445 1223 475 uncta
1255 435 1366 483 oleo,
1397 443 1438 474 et
1465 432 1583 474 simi-

157 513 338 566 laginem
381 525 651 564 conspersam
690 507 735 548 in
777 508 888 550 oleo.
958 509 1099 565 Super
1138 527 1266 566 panes
1306 512 1582 552 fermentatos

161 591 310 631 offeret
342 602 519 627 munera
548 602 636 635 sua,
667 585 762 640 quia
791 585 1043 628 sacrificium
1092 587 1348 630 laudationis
1388 586 1582 629 salutaris

162 664 246 720 ejus
277 676 355 705 est:
396 674 436 704 et
477 664 629 704 offeret
671 663 723 702 ab
765 678 816 702 eo
847 680 981 704 unum
1019 665 1072 705 de
1102 665 1302 705 omnibus
1333 664 1583 705 muneribus

157 741 254 791 suis,
282 739 594 796 separationem
626 738 906 796 Domino:³)
936 742 1169 792 sacerdoti,
1213 739 1346 798 qui4)
1391 741 1583 781 effundet

157 817 405 872 sanguinem
431 816 644 866 salutaris,
677 828 716 857 et
748 832 892 858 carnes
921 818 1113 860 sacrificii
1142 816 1397 860 laudationis
1426 817 1582 859 saluta-

157 894 225 945 ris,
255 894 337 949 ipsi
370 905 512 935 erunt:
556 905 595 934 et
634 894 679 934 in
709 910 792 949 qua
823 893 891 935 die
923 895 1087 936 donum
1120 897 1314 945 offertur,
1343 896 1579 936 manduca-

157 973 289 1021 bunt,
319 983 358 1012 et
386 988 477 1012 non
510 969 808 1025 derelinquent
844 970 951 1026 431⁵)
992 988 1042 1012 eo
1083 971 1129 1014 in
1166 977 1335 1013 mane.“
1406 971 1580 1013 Sacrifi-

159 1049 271 1091 cium
301 1049 398 1098 hoc,
429 1048 548 1104 quod
579 1047 759 1087 salutare
789 1047 1052 1102 appellatur,
1091 1050 1135 1090 in
1170 1050 1273 1091 duas
1304 1048 1452 1091 dividit
1480 1067 1582 1106 par-

158 1138 232 1176 tes,
259 1138 300 1167 et
327 1141 459 1166 unam
490 1123 663 1179 quidem
706 1123 958 1166 laudationis
1004 1126 1217 1176 nominat,
1261 1125 1437 1167 alteram
1480 1125 1580 1176 voti,

155 1214 385 1257 utrumque
413 1213 554 1242 tamen
582 1199 848 1250 sacrificium,
877 1201 1059 1244 salutare
1087 1202 1347 1245 nominatur.
1417 1203 1580 1244 Verum

159 1279 362 1335 quoniam
392 1296 482 1320 non
524 1289 583 1319 est
620 1277 746 1319 nobis
785 1294 900 1319 nunc
938 1281 1174 1321 secundum
1212 1280 1378 1321 literam
1415 1279 1578 1322 instau-

156 1373 250 1397 rare
279 1355 494 1406 sacrificia,
524 1355 788 1411 requiramus
816 1354 861 1396 in
891 1356 1028 1406 nobis,
1061 1358 1253 1411 quisnam
1274 1369 1332 1399 est
1360 1368 1500 1400 tantus
1531 1374 1580 1399 ae

155 1434 260 1483 talis,
292 1433 364 1489 qui
395 1433 649 1474 sacrificium
683 1433 878 1481 salutare,
906 1444 945 1473 et
973 1433 1228 1474 sacrificium
1258 1435 1394 1476 laudis
1426 1437 1581 1477 offerat

157 1510 270 1551 Deo.
328 1509 419 1562 Ego
450 1509 571 1550 illum
604 1524 689 1550 esse
720 1510 928 1557 arbitror,
981 1508 1054 1564 qui
1090 1508 1136 1550 in
1178 1510 1378 1552 omnibus
1419 1512 1579 1553 actibus

159 1586 242 1628 suis
274 1586 373 1627 facit
402 1585 568 1627 laudari
587 1586 743 1634 Deum,
776 1597 814 1626 et
843 1585 1044 1641 impletur
1072 1603 1151 1642 per
1181 1603 1279 1628 eum
1307 1587 1427 1637 illud,
1457 1589 1578 1643 quod

158 1663 374 1705 Dominus
406 1674 445 1703 et
474 1663 669 1703 Salvator
697 1674 841 1703 noster
870 1661 991 1703 dicit:
1022 1675 1095 1713 „ut
1110 1663 1156 1720 ff)
1185 1665 1354 1706 videant
1383 1664 1579 1707 homines

161 1757 292 1797 opera
323 1751 455 1781 vestra
483 1740 612 1789 bona,
645 1750 684 1779 et
711 1739 980 1791 magnificent
1009 1752 1174 1795 patrem
1199 1753 1396 1791 vestrum,
1430 1742 1503 1798 qui
1530 1742 1576 1783 in

160 1818 289 1860 coelis
321 1822 419 1859 est.“
476 1816 554 1856 Ille
585 1831 683 1867 ergo
716 1817 869 1858 obtulit
897 1815 1152 1859 sacrificium
1181 1818 1339 1868 laudis,
1377 1835 1458 1874 pro
1499 1835 1576 1859 cu·-

158 1894 222 1953 jus
253 1894 438 1945 actibus,
481 1910 562 1950 pro
596 1893 714 1950 cujus
748 1893 962 1944 doctrina,
1007 1894 1330 1952 praeceptis,⁷)
1361 1896 1505 1946 verbo,
1536 1908 1576 1938 et

159 1972 365 2022 moribus,
395 1983 436 2013 et
466 1970 700 2026 disciplina,
729 1970 928 2012 laudatur
959 1982 998 2012 ct
1018 1971 1287 2014 benedicitur
1311 1972 1440 2022 Deus,
1470 1972 1576 2014 sicut

161 2066 183 2089 e
213 2048 428 2090 contrario
458 2058 553 2091 sunt
581 2046 667 2098 illi,
698 2048 751 2088 de
783 2047 936 2103 quibus
972 2047 1147 2099 dicitur,
1178 2049 1275 2106 quia
1305 2050 1468 2105 ,ψει-3)
1500 2066 1576 2092 vos

280 2174 322 2230 ι)
352 2172 479 2214 Lex-it.
509 2172 600 2221 vn,
630 2173 826 2218 11—15.

275 2244 320 2299 ²)
354 2243 461 2285 Cod.
494 2243 766 2294 Sangcrman.
795 2246 979 2295 „offeret
1006 2245 1138 2294 illud,
1179 2255 1220 2284 et
1249 2245 1448 2285 adferet.“
1503 2245 1573 2287 Li-

159 2302 225 2344 bri
258 2301 357 2344 editi
386 2304 446 2356 (v.
479 2316 513 2340 c.
545 2300 639 2340 edd.
670 2300 780 2355 M.):
810 2303 1023 2351 „offerent
1050 2300 1171 2350 illud,
1204 2312 1242 2342 et
1270 2303 1492 2346 offerent.“
1521 2304 1574 2345 R.

275 2371 321 2426 ³)
351 2371 461 2412 Edd.
490 2369 664 2411 Merlini
694 2387 937 2426 perperam:
969 2371 1146 2412 domino
1165 2370 1388 2420 sacerdoti,
1406 2372 1476 2426 qui
1494 2384 1571 2414 etc.

276 2442 322 2496 ⁴)
355 2441 461 2482 Cod.
494 2440 766 2493 Sangerman.
793 2441 893 2497 „qui
926 2443 1143 2482 effundet“
1181 2452 1257 2483 etc.
1325 2441 1442 2483 Libri
1473 2442 1574 2484 editi

159 2499 220 2554 (v.
252 2515 284 2539 c.
315 2499 409 2539 edd.
441 2498 553 2552 M.):
584 2498 683 2552 „qui
715 2497 922 2539 effundit“
953 2510 1026 2539 etc.
1058 2498 1108 2538 R.

278 2567 322 2621 ⁵)
356 2569 463 2609 Cod.
495 2567 712 2618 sangerm.
752 2583 826 2616 „ex
858 2584 906 2609 eo
937 2567 981 2609 in
1012 2573 1176 2609 mane.“
1238 2566 1355 2609 Libri
1385 2567 1484 2610 editi
1512 2568 1574 2624 (v.

162 2642 196 2666 c.
231 2626 324 2665 edd.
355 2625 462 2679 RI.):
492 2640 566 2673 „cx
598 2640 647 2664 eo
678 2633 811 2679 usq‘ue
838 2624 883 2665 in
913 2631 1077 2666 mane.“
1108 2625 1156 2668 R.

275 2694 321 2749 ὅ)
350 2694 497 2735 Matth.
525 2695 577 2744 V,
608 2695 673 2737 16.

277 2765 322 2820 ⁷)
352 2764 481 2805 Deest
507 2762 793 2820 ‚‚praeceptis“
823 2762 866 2805 in
899 2764 995 2805 edd.
1027 2764 1091 2808 M.

274 2835 321 2891 Β)
353 2834 476 2876 Rom.
508 2834 561 2886 ll,
588 2834 654 2879 24.
688 2835 786 2876 coll.
819 2835 902 2877 Jes.
936 2834 1025 2887 LII,
1053 2835 1092 2877 5.
