1752 3136
470 165 518 195 m
547 152 800 195 Lssvrncum
830 148 1031 192 HommA
1062 148 1179 191 XVI.
1448 150 1534 194 429

111 278 171 309 est
201 265 400 314 otiosum,
444 267 516 307 sed
547 262 808 321 apostolicae
836 261 1126 303 vehementiae
1163 261 1352 316 plenum.
1421 261 1533 303 Nam

112 343 210 398 quia
246 341 405 383 sciebat
441 343 576 383 multa
617 355 704 381 esse
742 338 987 394 implenda,
1038 354 1146 393 quae
1190 340 1451 380 mandantur
1486 338 1534 380 iu

107 421 213 472 lege,
245 430 285 460 et
315 418 361 460 in
391 433 657 475 unoquoque
685 417 888 457 mandato
920 415 1121 471 proprios
1153 416 1323 458 existere
1363 431 1532 467 agones,

108 495 154 536 in
186 496 339 550 quibus
367 513 445 551 per
478 496 640 546 singula
670 493 1030 542 benedictionem,
1064 492 1136 548 qui
1166 494 1361 544 vinceret,
1392 509 1532 533 mere-

110 583 239 621 retur,
270 571 367 612 ideo
399 572 520 613 dixit:
553 570 654 627 „qui
675 571 714 626 ¹)
748 569 963 611 benedixit
999 586 1079 610 nos
1118 569 1163 610 in
1206 569 1326 610 omni
1355 569 1532 610 benedi-

113 650 254 690 ctione
282 648 542 704 spirituali:“
572 659 620 689 ut
651 660 689 688 et
720 649 862 704 plures
890 664 956 688 eas
980 648 1222 689 ostenderet
1245 663 1344 696 esse,
1376 657 1415 687 et
1445 646 1533 701 spi-

111 726 294 766 rituales.
354 725 499 767 Potest
528 737 668 765 autem
699 725 744 766 in
776 725 859 765 hoc
889 740 1108 774 sermone,
1150 740 1236 779 quo
1282 724 1358 765 ait:
1399 722 1533 776 „in²)

113 802 232 843 omni
261 802 562 843 benedictione
591 802 849 858 spirituali:“
880 812 919 842 et
949 801 1057 841 illud
1089 799 1287 852 intelligi,
1316 813 1386 851 ut,
1414 800 1533 841 verbi

111 881 253 934 gratia,
282 879 416 936 justus
452 879 610 935 quique
641 892 681 921 ct
709 880 920 936 perfectus
954 878 1094 934 capiat
1117 877 1435 920 benedictiones
1453 877 1534 918 Le-

112 957 237 1008 vitici,
267 958 321 998 de
352 957 506 1012 quibus
537 973 652 997 nunc
681 972 822 998 sermo
856 966 933 996 est:
980 955 1116 1010 capiat
1148 967 1186 996 et
1217 972 1311 1006 eas,
1351 971 1459 1010 quae
1487 957 1535 997 in

111 1034 223 1075 libro
255 1035 546 1075 Numerorum
577 1032 756 1089 scriptae
786 1043 905 1082 sunt,
947 1034 1021 1073 sed
1052 1044 1091 1073 ct
1121 1033 1235 1082 illas,
1267 1049 1375 1088 quae
1403 1032 1449 1073 iu
1479 1031 1532 1072 li-

111 1112 192 1151 bro
237 1110 409 1152 Genesis
449 1110 722 1151 continentur
762 1108 1083 1150 benedictiones
1120 1110 1216 1150 Noe
1259 1110 1313 1149 ad
1352 1110 1452 1151 Sem
1495 1119 1536 1149 et

110 1189 289 1243 Japhet‚
333 1199 373 1228 et
400 1187 722 1227 benedictiones
751 1186 868 1226 Isaac
900 1187 953 1226 ad
986 1186 1149 1235 Jacob,
1196 1197 1236 1226 et
1264 1185 1363 1226 item
1395 1186 1533 1226 Jacob

110 1265 427 1306 benedictiones
457 1264 510 1304 ad
540 1264 718 1318 Joseph,
751 1273 789 1303 et
808 1263 1014 1318 Ephrem,
1046 1275 1085 1304 et
1105 1264 1344 1312 Manassen,
1376 1274 1416 1304 et
1437 1275 1537 1318 post

112 1343 215 1382 haec
247 1342 301 1382 ad
341 1340 572 1382 duodecim
609 1341 880 1395 patriarchas.
949 1341 1064 1394 Quia
1105 1356 1203 1391 ergo
1245 1342 1402 1381 multae
1438 1352 1537 1382 sunt

109 1418 430 1460 benedictiones
461 1419 624 1474 positae
654 1419 699 1459 in
732 1416 881 1458 divinis
919 1417 1158 1472 seripturis,
1202 1434 1310 1472 quae
1339 1417 1538 1460 videntur

113 1496 287 1551 quidem
319 1495 371 1535 ad
390 1511 742 1551 unumquemque
764 1504 1024 1547 sanctorum,
1042 1495 1159 1535 verbi
1186 1496 1327 1547 gratia,
1346 1497 1398 1536 ad
1419 1496 1535 1547 Sem,

111 1573 177 1614 vel
208 1573 378 1628 Japhet,
410 1584 480 1613 aut
510 1572 672 1627 Joseph
703 1571 838 1622 dirigi,
868 1588 959 1612 non
990 1583 1155 1621 tamen,
1195 1583 1242 1612 ut
1280 1573 1535 1627 quibusdam

111 1649 288 1700 videtur,
318 1649 374 1690 ita
405 1649 449 1689 in
478 1650 574 1690 illos
602 1650 718 1691 solos
749 1648 1011 1700 diriguntur,
1050 1660 1096 1689 ut
1127 1649 1231 1690 alius
1263 1666 1309 1690 ex
1340 1650 1403 1691 his
1434 1668 1534 1707 par-

110 1727 287 1784 ticipare
316 1742 407 1767 non
437 1727 590 1782 possit:
625 1725 786 1767 idcirco
824 1741 888 1767 eas
924 1725 1160 1781 spirituales
1191 1728 1425 1782 Apostolus
1452 1745 1534 1768 no-

110 1805 298 1853 minavit,
327 1815 385 1853 ut,
418 1803 663 1860 quicunque
695 1803 806 1844 effici
837 1803 1026 1858 potuerit
1054 1803 1098 1844 in
1133 1804 1282 1846 virtute
1313 1816 1352 1845 et
1369 1804 1534 1860 spiritu,

110 1881 228 1924 verbi
258 1882 401 1933 gratia,
434 1882 555 1930 Sem,
585 1881 650 1920 vel
680 1879 858 1935 Japhet,
888 1881 953 1921 vel
985 1881 1170 1936 Joseph,
1203 1893 1274 1922 aut
1304 1882 1431 1931 Isaac,
1462 1895 1534 1925 aut

111 1960 272 2007 Jacob,
311 1961 416 2001 sicut
453 1970 491 1999 et
520 1959 708 1999 Joannes
746 1957 827 1998 fuit
864 1958 907 1998 in
937 1957 1087 2014 spiritu
1119 1970 1158 1999 et
1189 1958 1340 2000 virtute
1370 1959 1533 2011 Heliae,

110 2036 245 2093 possit
276 2039 398 2078 etiam
428 2035 516 2090 ipse
545 2034 852 2076 benedictionis
881 2033 993 2076 illius
1022 2035 1231 2091 particeps
1261 2036 1376 2087 fieri,
1415 2037 1534 2094 cujus

111 2117 308 2171 virtutem
341 2125 379 2154 et
407 2112 602 2169 spiritum
635 2111 815 2164 gesserit.

223 2192 263 2232 2.
297 2191 382 2232 Sed
429 2191 644 2231 videamus
688 2207 806 2231 nunc
852 2189 898 2232 in
948 2189 1132 2233 Levitico
1182 2191 1534 2236 benedictionum

115 2269 233 2325 quod
265 2268 318 2309 sit
350 2267 583 2308 exordium.
672 2266 838 2323 „Si,³)
879 2267 1041 2323 inquit,
1079 2267 1125 2308 in
1163 2270 1401 2325 praeceptis
1429 2271 1533 2314 meis

115 2344 449 2394 ambulaveritis,
495 2355 534 2385 et
572 2346 774 2384 mandata
813 2360 907 2385 mea
938 2343 1240 2396 custodieritis,
1283 2358 1323 2387 et
1353 2349 1533 2391 feceritis

115 2427 202 2465 ea.“
262 2421 364 2463 Tria
394 2432 513 2470 sunt,
555 2437 663 2476 quae
694 2420 819 2462 dicit:
860 2421 905 2462 in
940 2422 1176 2478 praeceptis
1208 2425 1533 2478 ambulandum,

113 2502 312 2542 mandata
345 2498 646 2548 custodienda,
697 2509 736 2539 et
778 2499 995 2551 facienda,
1046 2516 1153 2555 quae
1192 2502 1393 2542 mandata
1421 2514 1531 2545 sunt.

113 2578 243 2618 Unde
270 2576 438 2618 videtur
468 2574 572 2615 mihi
602 2587 878 2631 praeceptum
909 2592 1006 2627 esse,
1036 2577 1153 2618 verbi
1174 2578 1316 2631 gratia,
1347 2595 1442 2620 cum
1462 2578 1530 2635 ju-

115 2653 253 2702 betur,
279 2663 327 2692 ut
356 2652 440 2701 ille,
478 2652 550 2708 qui
577 2653 803 2695 sabbatum
831 2670 922 2695 non
951 2655 1145 2707 servavit,
1177 2655 1229 2699 ab
1262 2655 1379 2699 omni
1407 2672 1531 2714 syna-

237 2832 279 2886 ¹)
309 2832 463 2887 Ephcs.
495 2835 525 2884 I,
554 2835 592 2877 3.
712 2835 758 2892 ²)
788 2836 943 2893 Ephes.
973 2836 1005 2889 Ῑ,
1033 2838 1072 2881 3.

225 2903 279 2957 J)
311 2902 439 2947 Levit.
469 2904 627 2957 XXVI,
655 2905 694 2948 3.
