1752 3136
254 104 337 147 124
851 104 1071 148 Omessms

252 216 358 257 tium
390 231 563 272 pacem:
595 227 633 257 et
662 217 792 257 multa
824 217 886 258 his
929 216 1092 258 similia.
1162 217 1279 259 Haec
1322 228 1462 258 autem
1504 217 1664 261 idcirco

251 293 564 349 praemisimus,
604 293 664 334 uti
695 310 750 334 ne
779 310 905 349 super
933 296 1224 336 membrorum
1256 310 1334 336 nos
1365 295 1582 337 vocabulis
1613 296 1667 336 si·

249 370 447 411 militudo
479 371 716 412 conturbet.
776 371 870 413 Sint
904 387 1002 424 ergo
1044 374 1130 415 duo
1163 371 1238 412 viri
1269 371 1356 420 isti,
1392 370 1463 427 qui
1495 371 1668 424 litigant,

252 448 340 488 duo
374 447 642 502 disputantes,
674 459 712 488 et
743 448 795 488 de
826 448 1093 501 dogmatibus
1123 449 1187 488 vel
1220 434 1537 504 quaestionibus
1570 448 1669 500 legis

250 540 393 566 secum
423 523 602 565 invicem
634 525 952 581 conquirentes,
984 537 1045 574 et,
1075 537 1121 566 ut
1151 525 1346 580 Apostoli
1376 541 1573 567 sermone
1603 525 1668 566 di-

253 618 419 650 camus,
462 601 640 643 rixantes
683 602 793 643 circa
826 603 1053 643 verborum
1083 617 1254 657 pugnas.
1325 601 1453 642 Unde
1484 612 1523 642 et
1553 600 1667 642 idem

248 679 506 734 Apostolus,
547 679 679 720 sciens
716 678 828 719 inter
866 680 1012 720 fratres
1043 678 1288 735 hujusmodi
1318 677 1407 719 lites
1438 694 1669 730 exsurgere,

249 755 476 812 praecipit,
523 766 562 795 et
603 754 721 796 dicit:
766 754 942 810 „noli¹)
971 754 1107 796 verbis
1139 757 1418 804 contendere,
1466 756 1519 795 ad
1560 754 1668 795 nihil

250 833 364 873 enirn
403 832 506 872 utile
545 843 624 880 est,
666 829 746 871 nisi
785 831 839 870 ad
874 831 1192 872 subversionem
1225 829 1526 875 audientium.“
1613 832 1669 872 Et

249 908 371 950 alibi:
416 906 774 964 „quaestiones²)
822 919 960 948 autem
1009 909 1109 959 legis
1161 909 1318 957 devita,
1367 908 1500 950 sciens
1548 911 1667 964 quod

247 998 448 1039 generant
478 987 578 1028 lites.
638 985 815 1026 Servum
849 996 989 1025 autem
1020 984 1103 1025 Dei
1142 1001 1231 1026 non
1267 997 1436 1041 oportet
1466 986 1669 1038 litigare.“

247 1065 359 1125 Quia
392 1080 490 1116 ergo
521 1062 608 1111 isti,
650 1061 720 1117 qui
751 1063 795 1102 in
827 1060 1144 1116 quaestionibus
1179 1061 1360 1114 litigant,
1397 1064 1450 1104 ad
1491 1065 1663 1104 subver-

245 1140 410 1183 sionem
441 1139 699 1182 audientium
739 1139 924 1192 litigant,
962 1137 1123 1179 idcirco
1162 1141 1407 1194 percutiunt
1443 1140 1664 1182 muIIerem

244 1230 560 1275 praegnantem,
592 1229 632 1258 et
662 1215 836 1275 ejiciunt
852 1216 1060 1256 infantem
1092 1214 1191 1272 ejus,
1222 1219 1286 1258 vel
1317 1218 1547 1258 formatum
1568 1217 1667 1274 jam,

245 1296 310 1337 vel
340 1297 535 1336 nondum
569 1297 812 1336 formatum.
870 1293 1032 1334 BIulier
1061 1309 1297 1349 praegnans
1329 1294 1482 1336 dicitur
1510 1295 1665 1346 anima,

247 1390 356 1429 quae
393 1389 533 1428 nuper
569 1370 654 1411 Dei
694 1370 890 1424 concepit
929 1370 1119 1410 verbum.
1185 1370 1254 1411 De
1283 1371 1356 1410 tali
1387 1383 1527 1412 autem
1560 1389 1665 1413 con-

246 1448 443 1504 ceptione
472 1447 647 1500 legimus
677 1447 721 1488 in
753 1446 838 1488 alio
869 1448 969 1487 loco
1001 1446 1226 1501 scriptum:
1257 1447 1367 1502 „a3)
1393 1448 1547 1489 timore
1574 1460 1664 1498 tuo,

242 1524 448 1575 Domine,
477 1526 521 1566 in
550 1536 672 1565 utero
706 1522 1000 1578 concepimus,
1032 1534 1070 1562 et
1100 1522 1385 1578 peperimus.“
1445 1525 1532 1578 Qui
1564 1541 1662 1577 ergo

244 1602 514 1658 concipiunt,
562 1614 601 1643 et
642 1599 780 1642 statim
819 1600 1012 1655 pariunt,
1058 1598 1127 1640 isti
1169 1617 1248 1641 nec
1288 1602 1486 1643 mulieres
1527 1602 1662 1643 existi-

241 1679 449 1736 mandi⁴)
478 1690 600 1729 sunt,
643 1677 716 1718 sed
746 1676 864 1726 viri,.
885 1687 924 1716 et
961 1677 1138 1731 perfecti
1169 1677 1255 1720 viri.
1323 1679 1524 1735 Denique
1561 1679 1662 1721 audi

243 1769 292 1798 et·>
311 1756 569 1812 prophetam
600 1754 831 1795 dicentem:
864 1751 986 1807 „si⁵)
1024 1753 1190 1808 peperit
1227 1766 1337 1796 terra
1374 1756 1416 1796 in
1461 1772 1546 1796 una
1578 1757 1659 1806 die,

243 1844 285 1874 et
313 1844 410 1873 nata
442 1843 500 1874 est
537 1848 635 1884 gens
673 1830 784 1885 de5)
807 1830 993 1870 *semeld‘
1079 1829 1162 1871 Ista
1203 1846 1301 1883 ergo
1344 1843 1405 1874 est
1445 1834 1658 1885 generatio

240 1911 543 1966 perfectorum,
575 1923 682 1964 quae
712 1906 851 1949 statim
881 1906 960 1947 sub
992 1905 1072 1957 die,
1103 1919 1148 1947 ut
1178 1921 1381 1964 concepta
1411 1909 1549 1960 suerit,
1582 1928 1681 1952 na-.

239 1986 380 2029 scitur.
439 1985 600 2026 Verum
639 2002 694 2027 ne
730 1984 808 2025 tibi
837 2000 997 2025 novum
1027 1984 1241 2034 videatur,
1281 1988 1397 2041 quod
1436 1986 1547 2029 viros
1584 2004 1662 2043 pa.-

238 2080 334 2106 rere
365 2063 555 2111 diximus,
583 2061 670 2119 jam
703 2063 866 2103 dudum
896 2060 1233 2116 praemissimus,
1265 2066 1490 2118 quomodo
1521 2081 1657 2105 mem-

238 2142 421 2182 brorum
449 2139 780 2196 appellationem
810 2138 1022 2193 suscipere
1054 2140 1218 2189 debeas,
1249 2152 1296 2181 ut
1327 2142 1538 2182 recedasa
1563 2158 1658 2182 cor-

236 2219 380 2275 poreis
408 2217 619 2267 sensibus,
664 2228 702 2257 et
740 2215 951 2256 interioris
981 2214 1164 2257 hominis
1205 2217 1342 2274 capias
1382 2217 1656 2259 intellectum.

240 2295 287 2336 Si
318 2307 458 2336 autem
490 2295 561 2345 vis,
590 2307 637 2335 ut
666 2295 806 2335 adhuc
837 2304 876 2333 et
905 2291 949 2332 in
978 2292 1061 2334 hoc
1093 2294 1146 2334 de
1177 2294 1402 2351 Scripturis
1433 2294 1510 2336 tibi
1537 2295 1656 2337 satis-

237 2373 411 2423 faciam,
451 2372 551 2414 audi
589 2371 856 2427 Apostolum
895 2369 1129 2412 dicentem:
1166 2369 1375 2426 ‚‚filioli⁷)
1405 2372 1510 2423 mei,
1549 2388 1656 2427 quos

354 2498 400 2553 ¹)
429 2498 469 2538 II
499 2497 610 2539 Tim.
640 2497 692 2546 II,
724 2497 788 2539 14.
906 2496 952 2552 2)
986 2495 1025 2537 ΙΙ
1058 2495 1168 2539 Tim.
1200 2496 1253 2546 II,
1280 2497 1348 2540 23.
1380 2497 1447 2540 24.

352 2568 401 2623 3)
430 2568 556 2610 Jesai.
588 2567 746 2617 XXVI,
777 2567 843 2611 18.

355 2636 401 2691 ³¹)
431 2639 544 2679 Edd.
574 2637 768 2679 Merlini:
799 2637 1111 2680 existimandae.

351 2707 396 2763 ⁵)
426 2707 549 2749 Jesai.
577 2707 729 2758 LXVI,
758 2708 796 2751 8.

352 2778 399 2833 ⁶)
429 2778 540 2820 Edd.
572 2777 769 2820 Merlini:
798 2780 851 2822 de
880 2779 1046 2823 Semel:
1078 2779 1154 2822 ista
1184 2788 1246 2821 est
1273 2777 1486 2832 generatio
1519 2788 1595 2819 etc.

353 2847 400 2903 ⁷)
434 2846 526 2890 Gal.
557 2846 628 2898 IV,
659 2847 723 2890 19.

243 2457 330 2464 --
