1752 3136
504 155 549 183 m
578 142 778 182 Exonum
807 138 1008 181 Homirm
1030 139 1142 180 VIII.
1482 126 1540 183 99

1003 213 1023 220 κ

109 242 414 304 reti-icantem,
445 268 570 308 quam
603 266 807 303 egressam
837 261 936 305 post
967 249 1278 291 consessionem
1309 250 1408 299 viri,
1438 268 1532 292 rur-

107 348 200 372 sum
233 331 468 373 adulteram
498 328 607 369 fieri.
662 328 788 368 Nulla
821 342 922 378 ergo
953 328 1199 378 ,‚socictas‚“
1228 327 1338 369 sicut
1368 326 1528 381 dicit¹)

109 408 352 463 Apostolus,
381 407 544 461 templo
587 404 699 455 „Dei
731 420 828 445 cum
858 403 1034 454 idolis‚“
1075 404 1191 445 nulla
1223 391 1533 454 „consonantia

110 483 278 525 Christo
320 494 359 523 et
394 481 571 523 Belial.“
642 481 688 522 Si
718 480 801 522 Dei
830 498 1001 531 sumus,
1040 482 1143 522 tales
1184 498 1270 523 esse
1313 481 1532 528 debemus,

107 573 155 601 ut
184 561 447 615 compleatur
476 560 607 608 illud,
650 559 768 614 quod
804 557 905 599 dicit
934 560 987 599 de
1016 543 1142 599 nobis
1174 559 1311 599 Deus:
1341 557 1532 613 ,‚quia²)

106 636 308 677 habitabo
340 635 382 676 in
413 636 475 686 iis,
508 647 546 676 et
575 635 621 676 in
651 634 701 676 iis
734 635 990 685 ambulabo,
1023 646 1062 675 et
1090 633 1169 690 ipsi
1200 645 1322 676 erunt
1350 633 1456 675 mibi
1484 633 1531 674 in

105 714 359 769 populum.“
415 712 472 754 Et
509 711 617 754 sicut
655 711 738 754 alio
781 712 880 752 loco
920 713 1132 767 propheta
1174 710 1298 753 dicit:
1337 709 1529 764 ,‚exite³)

107 791 160 831 de
188 789 333 830 medio
367 805 531 839 eorum,
564 800 602 830 ct
630 787 899 845 separamini,
932 789 1032 830 dicit
1064 788 1293 836 Dominus,
1323 787 1395 844 qui
1424 804 1530 843 por-

106 866 202 908 tatis
232 883 326 907 vasa
357 866 553 907 Domini.
626 865 771 915 Exite,
813 876 852 906 et
887 864 1160 907 immundum
1200 865 1334 906 nolite
1365 863 1533 905 contin-

105 959 223 996 gere:
256 955 295 984 et
326 959 401 996 ego
432 942 634 998 recipiam
666 959 753 991 vos,
783 953 823 983 et
858 959 930 984 ero
954 944 1075 984 vobis
1104 942 1148 984 in
1175 953 1354 997 patrem,
1386 953 1426 982 ct
1454 957 1529 982 vos

107 1019 218 1061 eritis
248 1019 353 1060 mihi
382 1019 427 1060 in
456 1021 565 1061 filios
599 1030 638 1060 et
669 1019 797 1067 filias,
838 1018 940 1060 dicit
969 1019 1186 1060 Dominus
1220 1017 1532 1074 omnipotens.“

106 1095 338 1151 Propterea
357 1112 469 1149 'ergo
503 1095 624 1137 dicit:
663 1112 778 1145 „non
795 1095 840 1150 ιι)
883 1107 1007 1136 erunt
1044 1095 1123 1136 tibi
1166 1097 1225 1137 dii
1263 1094 1334 1136 alii
1363 1106 1532 1151 praeter

104 1188 187 1222 me,
216 1189 295 1213 nec
327 1172 453 1215 facies
484 1171 562 1213 tibi
592 1172 672 1228 ipsi
702 1172 888 1221 idolum,
931 1189 1073 1228 neque
1115 1172 1438 1214 similitudinem
1467 1172 1533 1212 ul-

105 1249 213 1299 lam,
253 1264 534 1305 quaecunque
562 1248 608 1290 in
641 1249 762 1290 coelo
795 1259 915 1298 sunt,
955 1260 996 1290 et
1024 1265 1304 1305 quaecunque
1332 1249 1377 1290 in
1406 1259 1534 1299 terra,

106 1336 146 1366 et
173 1342 283 1382 quae
312 1325 357 1367 in
389 1326 528 1382 aquis:
559 1325 710 1380 non5)
740 1325 939 1367 adorabis
971 1343 1032 1374 ea,
1062 1342 1201 1384 neque
1234 1327 1349 1368 coles
1380 1330 1466 1367 ea.“

214 1404 255 1446 5.
284 1403 402 1454 „Ego
421 1403 466 1459 ὃ)
497 1402 609 1444 enim
641 1421 733 1446 sum
763 1403 981 1445 Dominus
1014 1404 1132 1445 Deus
1162 1415 1280 1453 tuus,
1312 1403 1431 1445 Deus
1462 1394 1530 1444 ze·-

106 1478 240 1520 lans.“
295 1478 404 1520 Vide
434 1479 737 1531 benignitatem
769 1479 874 1529 Dei,
917 1481 1143 1535 quomodo
1183 1491 1230 1521 ut
1258 1496 1336 1521 nos
1367 1482 1533 1529 doceat,

110 1566 152 1595 et
180 1556 392 1610 perfectos
422 1555 568 1605 faciat,
609 1557 699 1612 ipse
728 1555 992 1608 fragilitatem
1023 1557 1313 1613 humanorum
1342 1574 1434 1598 non
1465 1573 1532 1599 re-

107 1643 224 1672 cusat
253 1631 497 1674 affectuum.
552 1632 659 1687 Quis
682 1633 795 1674 enim
826 1625 1001 1675 audiens
1033 1634 1174 1675 Deum
1204 1635 1410 1676 zelantem
1439 1651 1530 1675 non

106 1708 315 1748 continuo
355 1709 559 1759 miretur,
606 1722 645 1750 et
685 1709 896 1750 humanae
932 1709 1163 1761 fragilitatis
1203 1711 1351 1752 vitium
1379 1712 1532 1768 putet?

106 1784 192 1826 Sed
226 1784 371 1827 omnia
401 1770 579 1842 prop⁹ter
606 1804 686 1828 nos
718 1787 798 1840 agit
829 1797 868 1827 et
903 1786 1061 1842 patitur
1089 1787 1220 1838 Deus,
1254 1799 1294 1829 et
1322 1799 1371 1829 ut
1399 1789 1535 1845 possi-

104 1877 198 1903 mus
240 1862 433 1911 edoceri,
479 1862 591 1905 notis
632 1875 672 1905 et
709 1863 867 1907 usitatis
908 1864 1132 1905 affectibus
1171 1866 1298 1907 nobis
1327 1866 1532 1922 loquitur.

105 1938 337 1980 Videamus
378 1955 501 1990 ergo,
548 1940 651 1995 quid
683 1952 740 1982 est
771 1941 874 1990 hoc,
919 1942 1037 1996 quod
1070 1941 1245 1996 dicit‚⁷>
1277 1943 1375 1998 quia
1413 1944 1532 1985 Deus

107 2017 247 2057 zelans
279 2032 354 2068 ego
387 2033 492 2057 sum.
566 2017 652 2058 Sed
693 2027 739 2057 ut
769 2018 1050 2074 contemplari
1079 2018 1244 2060 facilius
1272 2020 1438 2075 possint
1467 2021 1532 2062 di·-

106 2092 217 2143 vina,
248 2094 301 2133 de
332 2092 550 2142 humanis,
587 2095 824 2135 secundum
858 2111 927 2144 ea,
975 2111 1084 2151 quae
1112 2096 1305 2151 superius
1337 2097 1535 2138 disserui-

47 2214 53 2221 .
105 2185 214 2218 mus,
248 2170 483 2211 doceamur
513 2171 723 2227 exemplis.
775 2170 928 2213 Omnis
952 2172 1107 2213 mulier
1137 2184 1207 2214 aut
1227 2175 1305 2216 sub
1337 2173 1427 2214 viro
1460 2177 1532 2224 est,

108 2257 148 2285 et
176 2244 366 2301 subjecta
397 2247 558 2298 legibus
588 2247 678 2297 viri,
709 2260 780 2289 aut
809 2248 1007 2290 meretrix
1039 2261 1117 2300 est,
1149 2241 1200 2291 *et
1238 2250 1371 2291 utitur
1398 2249 1530 2292 liber-

106 2331 190 2363 tate
219 2322 438 2378 peccandi.
510 2323 598 2377 Qui
638 2340 736 2377 ergo
776 2325 1013 2378 ingreditur
1053 2328 1107 2368 ad
1137 2327 1427 2378 meretricem,
1457 2329 1535 2370 scit

229 2468 272 2523 Ι)
307 2469 392 2511 cfr.
422 2469 464 2510 11
496 2469 598 2512 cor.
629 2470 701 2520 vl,
732 2472 798 2514 15.
832 2475 898 2517 16.

224 2537 271 2594 2)
306 2539 392 2581 Cfr.
434 2540 474 2579 II
512 2540 614 2581 Cor.
658 2541 730 2591 VI,
768 2542 834 2585 16.
874 2544 974 2587 coll.
1010 2543 1140 2586 Levit.
1178 2543 1350 2595 XXVI,
1393 2545 1459 2590 12.
1491 2555 1532 2587 et

55 2598 57 2603 '
109 2592 265 2636 Ezech.
297 2595 504 2647 XXXVI,
530 2598 598 2640 28.

230 2665 276 2720 ³)
310 2665 397 2707 Csr.
426 2666 552 2709 Jesai.
581 2666 670 2717 LII,
700 2667 768 2711 11.
799 2669 898 2711 coll.
929 2668 969 2709 ΙΙ
1000 2668 1100 2712 Cor.
1133 2669 1205 2727 VI,
1239 2670 1306 2713 17.

228 2735 276 2789 4)
305 2735 439 2776 Exod.
469 2726 568 2787 ΧΧζ
597 2738 634 2780 3.
666 2738 703 2780 4.
735 2739 776 2780 5.

231 2804 276 2859 ⁵)
307 2804 418 2847 Edd.
444 2806 641 2849 Merlini:
671 2824 762 2850 non
793 2809 992 2850 adorabis
1023 2825 1109 2860 eos,
1136 2826 1279 2869 neque
1308 2813 1422 2856 coles
1449 2827 1536 2854 eos.

227 2873 274 2929 6)
306 2875 444 2919 Exod.
476 2877 572 2929 XX,
603 2878 642 2920 5.
763 2876 809 2933 7)
842 2878 977 2924 Exod.
1008 2880 1108 2933 XX,
1137 2882 1177 2923 5.

1123 2957 1185 2999 7*
