1752 3136
517 162 564 193 m
592 150 794 193 Exomm
823 146 1024 189 HommA
1053 144 1122 186 IV.
1471 142 1525 185 41

217 266 255 309 6.
284 265 395 305 Puto
426 277 538 316 erge,
567 286 624 294 ·-—
651 273 698 302 ut
725 260 879 302 sentire
908 274 1081 315 possum
1116 279 1192 305 -‚
1228 255 1344 310 quod
1376 254 1522 297 Moses

107 345 160 385 ad
193 345 399 401 Aegytum
428 338 617 388 veniens,
656 351 695 379 et
726 338 918 378 deferens
948 334 1126 386 virgam,
1167 348 1249 387 qua
1281 330 1448 383 castigat
1484 343 1523 372 et

107 422 299 461 verberat
328 420 567 474 Aegyptum
598 416 745 456 decem
776 413 928 469 plagis,
966 412 1113 453 Moses
1143 409 1210 450 hic
1240 409 1304 449 lex
1335 407 1418 448 Dei
1448 407 1521 449 sit:

110 514 219 553 quae
251 498 345 537 data
377 505 437 535 est
465 493 564 535 huic
593 492 781 539 mundo,
811 501 859 529 ut
889 505 984 528 eum
1019 488 1165 527 decem
1194 486 1347 541 plagis,
1376 486 1421 527 id
1454 497 1524 535 est,

109 576 254 615 decem
285 569 492 613 mandatis
510 601 520 619 ‚
549 585 657 624 quae
686 567 732 608 in
760 567 962 617 decalogo
995 563 1279 613 continentur,
1313 561 1527 617 corripiat,

109 662 150 693 ct
179 651 385 691 emendet.
442 647 570 697 Virga
604 645 716 698 ergo,
746 660 825 700 per
855 659 982 699 quam
1013 653 1214 693 geruntur
1236 642 1340 681 haec
1373 639 1528 689 omnia,

107 746 184 783 per
215 744 341 783 quam
375 728 590 779 Aegyptus
621 720 865 778 subjicitur,
896 731 937 761 et
967 720 1131 775 Pharao
1162 728 1398 774 superatur,
1429 733 1529 756 crux

111 803 270 861 Christi.
302 803 372 855 sit,
409 818 487 858 per
524 816 651 856 quam
685 799 871 839 mundus
910 796 977 838 hic
1012 796 1215 845 vincitur,
1255 806 1295 836 et
1332 793 1530 850 princeps

109 880 234 938 hujus
264 878 416 922 mundi
446 894 543 919 cum
572 875 878 933 principatibus
921 886 961 915 et
990 874 1265 931 potestatibus
1293 869 1531 926 triumpha-

113 970 193 999 tur.
255 956 388 1011 Quod
419 966 559 996 autem
588 954 700 1004 virga
740 950 931 1008 projecta
969 952 1018 992 fit
1054 953 1205 1001 draco,
1244 950 1309 990 vel
1346 964 1531 1003 serpens,

115 1046 155 1076 et
186 1035 360 1075 devorat
391 1029 697 1089 Aegyptiorum
728 1045 954 1082 magorum
985 1040 1210 1084 serpentes,
1243 1026 1316 1082 qui
1345 1025 1388 1067 id
1416 1024 1532 1067 simi-

113 1111 208 1152 liter
239 1113 448 1152 fecerant:
478 1118 714 1162 serpentem
745 1122 826 1162 pro
857 1103 1061 1160 sapientia
1091 1103 1218 1160 poni,
1248 1103 1314 1143 vel
1343 1104 1533 1158 pruden-

114 1186 183 1236 tia,
213 1185 372 1228 indicat
403 1182 663 1235 evangelicus
693 1200 856 1231 sermo,
887 1198 984 1222 cum
1015 1181 1140 1223 dicit:
1175 1179 1394 1234 ‚,est0te¹)
1431 1195 1535 1234 pru-

117 1265 261 1304 dentes
290 1274 494 1317 tanquam
514 1265 767 1316 serpentes.“
817 1259 874 1300 Et
893 1259 1016 1301 alibi:
1043 1275 1241 1315 „serpens
1257 1258 1302 1314 2)
1320 1269 1408 1298 erat
1431 1274 1534 1313 pru-

118 1341 287 1381 dentior
320 1338 519 1380 omnibus
550 1336 897 1392 animantibus3)
936 1348 977 1378 et
1005 1335 1165 1384 bestiis,
1205 1351 1314 1391 quae
1345 1346 1464 1376 erant
1491 1333 1537 1374 in

118 1417 356 1474 paradisof‘
405 1415 533 1456 Crux
566 1433 663 1469 ergo
697 1414 873 1464 Christi,
916 1412 1035 1470 cujus
1069 1411 1330 1469 praedicatio
1369 1410 1539 1452 stultitia

118 1495 351 1543 videbatur,
383 1494 510 1549 quam
541 1493 696 1542 Moses,
723 1492 771 1532 id
803 1502 882 1541 cst,
912 1492 978 1532 lex
1008 1490 1217 1539 continet,
1245 1488 1353 1530 sicut
1382 1488 1538 1528 Domi-

118 1588 197 1612 nus
229 1570 352 1611 dixit:
384 1572 467 1622 „de
486 1569 532 1624 4)
572 1586 642 1610 me
682 1569 795 1610 enim
833 1568 906 1608 ille
935 1567 1147 1623 scripsit;“
1184 1567 1313 1617 haec,
1351 1566 1541 1621 inquam,

123 1664 234 1696 crux,
267 1648 318 1687 de
351 1663 432 1702 qua
462 1646 604 1688 Moses
633 1644 822 1702 scripsit,
857 1655 1086 1701 postquam
1124 1645 1170 1686 in
1209 1657 1321 1686 terra
1350 1643 1541 1701 projecta

124 1736 194 1772 est,
224 1724 269 1765 id
301 1735 378 1773 est,
416 1734 694 1779 posteaquam
733 1723 787 1762 ad
826 1723 1116 1764 credulitatem
1157 1733 1198 1763 et
1231 1723 1359 1763 fidem
1400 1723 1541 1763 homi-

120 1818 226 1841 num
254 1800 379 1850 venit,
413 1815 612 1840 conversa
644 1811 703 1840 est
731 1799 776 1839 in
804 1798 1076 1854 sapientiam,
1118 1812 1157 1841 et
1184 1811 1343 1840 tantam
1376 1795 1545 1855 sapien-

124 1877 239 1927 tiam,
271 1894 379 1933 quae
410 1893 581 1918 omnem
616 1876 936 1934 Aegyptiorum,
966 1876 1011 1917 id
1043 1887 1115 1926 est,
1145 1876 1270 1934 hujus
1296 1878 1447 1920 mundi
1477 1895 1542 1920 sa-

122 1954 327 2011 pientiam
359 1957 591 1996 devoraret.
663 1954 833 1994 Intuere
863 1970 990 2007 ergo,
1033 1955 1251 2010 quomoda
1281 1955 1451 1996 stultam
1481 1957 1546 1996 fe-

126 2032 182 2073 cit
211 2033 329 2074 Deus
358 2029 606 2087 sapientiam
638 2029 763 2087 hujus
793 2031 966 2082 mundi,
995 2043 1274 2088 posteaquam
1302 2031 1546 2074 manifesta-

126 2110 184 2150 vit
215 2107 441 2157 Christum,
472 2108 545 2163 qui
576 2108 796 2150 crucifixus
827 2119 897 2158 est,
929 2108 1011 2149 Dei
1040 2108 1235 2149 virtutem
1269 2125 1353 2150 csse
1394 2120 1435 2149 et
1462 2109 1548 2151 Dei

103 2185 394 2241 &sapientiamz
428 2196 468 2226 et
497 2184 710 2227 universus
738 2183 823 2242 jam
840 2187 1024 2226 mundus
1045 2187 1375 2241 comprehensus
1405 2198 1465 2228 est
1493 2187 1547 2227 ab

128 2279 194 2312 eo,
227 2261 299 2318 qui
330 2262 450 2303 dicit:
487 2262 942 2319 „comprehendens⁵)
986 2264 1351 2319 eomprehendam
1381 2263 1549 2320 sapien-

129 2350 191 2380 tes
221 2340 264 2381 in
297 2338 445 2380 astutia
478 2345 668 2379 eorum.“
739 2339 872 2394 Quod
909 2356 1008 2381 vero
1047 2356 1183 2395 aquae
1225 2339 1410 2381 fluminis
1458 2358 1550 2383 ver-

131 2428 277 2457 tuntur
305 2416 349 2457 in
378 2415 638 2469 sanguinem,
678 2417 776 2458 satis
816 2415 1114 2458 convenienter
1152 2428 1330 2472 aptatur.
1400 2417 1547 2459 Primo

134 2494 307 2549 quidem
338 2505 384 2534 ut
420 2492 453 2535 is
493 2493 664 2542 fluvius,
703 2492 771 2534 cui
812 2494 1109 2539 Hebraeorum
1149 2493 1350 2549 parvulos
1390 2494 1553 2537 crudeli

256 2687 297 2740 Ι)
327 2686 480 2729 Matth.
510 2688 564 2737 X,
595 2689 659 2732 16.
778 2687 825 2743 2)
859 2687 946 2729 Cfr.
979 2687 1130 2744 Genes.
1162 2689 1239 2741 Ill,
1264 2691 1300 2734 1.

253 2758 298 2813 3)
330 2758 440 2799 Edd.
471 2757 664 2799 Merlini:
697 2757 961 2801 animalibus.

254 2826 300 2882 4)
328 2828 405 2870 Ev.
434 2828 592 2871 Joann,
621 2829 673 2877 V,
702 2828 770 2873 46.

257 2898 301 2951 ⁵)
334 2897 422 2940 cfr.
453 2898 469 2938 l
503 2898 602 2942 Cor.
634 2899 708 2950 111,
738 2900 804 2944 19.
837 2900 934 2943 coll.
964 2901 1063 2945 Job.
1097 2900 1145 2950 V,
1177 2900 1242 2944 13.
