1752 3136
466 144 511 174 m
541 131 740 172 Exonum
771 128 972 170 HommA
991 127 1069 169 IX.
1400 130 1482 173 113

59 258 128 288 aut
158 261 325 299 rugam,
365 245 446 286 hoc
475 244 629 292 modo,
677 240 711 282 si
751 242 970 283 columnas
1012 239 1167 281 habeat
1210 239 1408 281 doctores
1441 253 1481 282 et

57 322 268 364 ministros
298 336 407 369 su05,
438 322 491 362 de
521 318 673 374 quibus
704 316 804 358 dicit
829 317 1090 373 Apostolus:
1135 315 1377 371 ‚,Petrus,¹)
1405 317 1478 358 Ja-

59 399 204 449 cobus‚
236 409 276 439 et
303 398 503 446 Joannes,
536 394 608 451 qui
638 393 893 436 videbantur
925 395 1154 436 columnae
1183 409 1282 444 esse,
1311 394 1477 435 dextras

57 466 264 517 dederunt
300 473 406 514 mihi
444 484 484 514 et
512 471 739 513 Barnabae
785 470 1034 513 societatis.“
1121 470 1171 511 In
1198 472 1476 514 tabernaculo

56 567 153 602 ergo
184 552 266 591 hoc
298 551 522 591 columnae
551 547 650 589 seris
680 545 909 604 interjectis
930 546 1177 602 junguntur,
1208 548 1313 588 dum
1329 547 1373 588 in
1404 563 1476 588 ec-

53 628 175 668 clesia
206 629 401 668 doctores
441 625 548 666 datis
589 624 669 667 sibi
709 624 863 666 dextris
912 624 1140 667 sociantur.
1224 624 1312 666 Sed
1355 626 1476 666 colu-

50 720 175 744 mnae
203 703 305 744 istae
333 701 619 755 inargentatae
648 701 743 752 sint,
775 713 815 742 et
846 702 966 743 bases
998 717 1144 743 earum
1173 701 1473 754 inargentatae.

52 779 185 820 Binae
205 790 344 820 autem
366 779 483 822 bases
505 779 710 821 columnis
735 778 906 831 singulis
929 779 1205 834 deputentur:
1234 794 1333 828 una,
1364 794 1473 833 quae

50 867 175 912 caput
205 856 380 904 dicitur,
412 869 450 897 et
478 856 802 912 superponitur:
833 853 936 906 alia,
977 872 1084 912 quae
1125 871 1222 896 vere
1255 856 1366 898 basis
1396 871 1474 911 ap-

50 933 246 990 pellatur,
278 944 317 973 et
347 933 575 974 columnae
605 932 720 973 velut
747 933 1076 974 fundamentum
1109 930 1341 989 subjicitur.
1399 932 1474 974 In-

55 1020 291 1062 arg'entatae
311 1024 408 1061 ergo
427 1021 522 1051 sunt
553 1009 778 1050 columnae
797 1008 973 1059 idcirco,
1005 1010 1102 1065 quia
1127 1009 1199 1064 qui
1215 1009 1259 1064 ²)
1291 1010 1472 1051 verbum

45 1086 131 1126 Dei
160 1085 417 1148 praedicant,
448 1085 714 1141 aecipient3)
754 1102 831 1142 per
860 1085 1053 1141 spiritum
1083 1084 1282 1142 „eloquia
1297 1084 1344 1141 ⁴²)
1373 1086 1471 1127 Do-

46 1163 193 1212 mini,“
234 1178 342 1218 quae
378 1173 476 1204 sunt
515 1162 714 1217 „eloquia
752 1174 883 1217 casta,
930 1165 1148 1214 argentum
1179 1162 1276 1215 igne
1304 1164 1468 1218 proba-

45 1242 178 1280 tum.“
241 1238 312 1280 Isti
350 1250 489 1280 autem
526 1239 854 1294 praedicationis
893 1256 994 1282 suae
1022 1241 1142 1281 bases
1175 1240 1335 1281 habent
1363 1257 1469 1296 pro—

45 1316 201 1371 phetas.
271 1315 411 1371 Super
447 1317 773 1358 fundamentum
813 1316 925 1358 enim
978 1317 1314 1372 Apostolorum,
1364 1317 1465 1372 et⁵)

44 1393 372 1448 prophetarum,
419 1392 639 1434 ecclesiam
688 1393 922 1443 collocant,
976 1410 1166 1449 quorum
1215 1394 1467 1438 testimoniis

45 1481 225 1519 utentes,
265 1469 395 1510 fidem
437 1468 592 1510 Christi
623 1471 888 1510 confirmant.
967 1469 1108 1526 Caput
1159 1484 1300 1513 autem
1340 1471 1462 1513 colu-

42 1563 242 1587 mnarum
272 1557 331 1587 est
357 1545 442 1596 ille,
472 1557 519 1586 ut
550 1545 718 1601 opinor,
754 1546 808 1586 de
836 1561 922 1601 quo
955 1545 1056 1587 dicit
1085 1548 1332 1602 Apostolus,
1363 1548 1465 1604 quia

41 1634 198 1678 „caput
212 1623 257 1676 6)
286 1621 363 1663 viri
396 1621 584 1663 Christus
616 1626 713 1664 est.“
770 1622 893 1664 Seras
922 1638 1022 1663 vero
1044 1625 1358 1678 columnarum,
1389 1619 1462 1666 so—

45 1699 200 1742 cietatis
231 1696 489 1760 apostolieae
519 1699 636 1739 datas
665 1698 744 1740 sihi
774 1698 954 1740 invicem
974 1700 1135 1741 dextras
1152 1717 1280 1756 supra
1299 1701 1343 1756 7)
1373 1700 1461 1758 jam

44 1777 230 1820 diximus.
280 1774 496 1825 Tentoria,
528 1791 630 1830 qaae
658 1775 813 1817 ansulis
834 1787 982 1828 assuta,
1003 1788 1044 1817 et
1064 1775 1230 1818 circulis
1248 1793 1463 1834 suspensa,

45 1865 169 1909 atque
196 1853 370 1894 innexa'
385 1853 580 1902 funibus,
632 1854 687 1894 ad
726 1853 906 1894 modum
947 1853 1209 1895 cortinarum
1248 1853 1392 1907 viginti
1423 1867 1463 1896 et

45 1941 141 1972 octo
171 1931 215 1971 in
243 1931 440 1980 longum,
480 1939 607 1984 atque
644 1930 688 1970 in
719 1930 852 1971 latum
900 1943 1084 1986 quatuor
1123 1930 1273 1972 cubitis
1304 1932 1462 1974 disten-

46 2008 213 2055 duntur,
240 2006 446 2047 habeatur
474 2005 638 2061 reliqua
668 2006 930 2048 credentium
951 2007 1085 2063 plebs,
1117 2023 1223 2063 quae
1245 2008 1389 2049 haeret
1421 2020 1462 2049 et

14 2074 22 2079 -
43 2085 197 2140 pendet
225 2082 270 2124 in
299 2083 471 2124 funibus
504 2082 616 2124 fidei.
684 2083 817 2126 Funis
849 2084 962 2125 enim
990 2085 1144 2140 triplex
1173 2101 1265 2126 non
1295 2076 1460 2141 rumpiu

41 2171 123 2213 tur,
158 2175 265 2216 quae
294 2171 351 2201 est
379 2158 571 2200 trinitatis
600 2159 716 2210 fides,
747 2177 794 2201 ex
815 2177 897 2217 qua
916 2161 1140 2216 dependet,
1173 2172 1212 2202 et
1229 2178 1307 2217 per
1329 2179 1457 2218 quam

43 2236 263 2280 sustinetur
293 2235 427 2277 omnis
458 2236 643 2278 ecclesia.
709 2236 867 2290 Viginti
899 2250 1038 2279 autem
1081 2249 1120 2280 et
1157 2251 1254 2281 octo
1287 2238 1455 2281 cubito-

159 2396 202 2452 1)
235 2395 373 2437 Galat.
404 2396 456 2445 Il,
486 2397 525 2439 9.
645 2398 690 2452 ²)
720 2399 850 2441 Deest
878 2398 1007 2455 ‚,qui“
1037 2400 1082 2440 in
1114 2400 1177 2440 ed.
1207 2398 1258 2440 R.

937 2472 967 2480 -x

153 2466 199 2522 3)
228 2466 310 2507 Ed.
342 2465 476 2507 Ruaei
506 2468 619 2509 sola:
654 2468 877 2524 accipiunt.

154 2535 200 2589 ⁴)
233 2535 319 2576 Cfr.
349 2535 504 2576 Psalm.
534 2537 630 2587 XIl,
657 2539 696 2581 6.
727 2538 849 2595 (XI.)

0 2635 2 2638 ψ
155 2604 201 2659 ⁵)
228 2605 352 2671 Mss3:
383 2618 450 2656 „et
478 2607 785 2672 prophet-arum
810 2607 1036 2673 ’ecclesiam
1057 2610 1309 2651 collocant.“
1337 2609 1452 2653 Alias

4 2676 6 2694 ἡ
42 2673 163 2758 11ζὲῑὶ
166 2662 292 2759 iuer‘?
301 2679 366 2759 ἐκ)
396 2664 492 2704 edd.
523 2663 608 2725 Mss')
639 2664 904 2720 slmphciter:
935 2676 1001 2717 „et
1023 2666 1329 2723 prophetarum
1363 2668 1452 2709 col-

156 2786 202 2842 6)
234 2787 321 2829 Cfr.
350 2788 371 2829 I
404 2788 503 2831 Cor.
533 2788 608 2838 ΧῘ,
637 2790 676 2832 3.

154 2856 199 2909 ’7)
227 2857 357 2900 Deest
385 2865 564 2915 „supra“
591 2858 634 2900 in
666 2860 728 2902 ed.
760 2858 904 2903 Rnaei.

49 2918 266 3012 {luemus
297 2933 470 2980 OPERA.
502 2935 623 2979 Tom.
655 2935 728 2977 IX.
764 2968 767 2969 γ
1103 2939 1129 2980 S
