1752 3136
199 114 253 158 16
802 114 1023 158 Omcssms

195 243 286 278 rao,
317 225 407 269 odit
437 226 686 285 hujusmodi
715 243 864 278 mares,
895 229 968 284 qui
999 228 1176 270 seminas
1207 241 1331 271 amat.
1392 229 1473 273 Istc
1502 231 1626 274 ctiam

197 305 442 347 obstetrices
473 322 749 361 corrumpere
789 306 1051 358 aggreditur,
1099 319 1137 348 et
1177 323 1256 362 per
1294 307 1402 363 ipsas
1434 307 1626 364 implere,

195 384 313 438 quod
345 383 576 424 desiderat:
617 400 796 438 quarum
840 383 963 424 etiam
993 385 1170 426 nomina
1210 386 1340 426 nobis
1374 402 1452 441 per
1480 384 1625 440 provi-

194 460 360 502 sionem
389 459 561 515 spiritus
590 460 746 509 sancti,
787 462 858 516 qui
894 463 996 504 haec
1038 462 1164 503 scribi
1195 462 1338 513 voluit,
1368 450 1639 504 indicantur..

194 538 403 594 Sephora,
432 537 583 593 inquit,
613 554 710 586 una,
743 555 851 592 quae
881 539 1184 594 interpretatur
1212 557 1378 596 passer:
1422 552 1460 581 ct
1490 540 1625 589 Phua,

195 631 304 670 quae
345 615 461 671 apud
500 631 580 656 nos
622 615 685 654 vel
727 615 907 663 rubens,
958 618 1020 657 vel
1063 620 1301 659 verecunda
1351 616 1433 658 dici
1471 628 1625 672 potest.

192 691 277 733 Per
315 693 387 734 has
423 691 549 743 igitur
586 691 732 733 necari
772 708 931 742 mares,
971 705 1010 733 et
1053 694 1249 736 vivificari
1290 695 1401 737 solas
1440 694 1620 736 feminas

193 769 372 826 quaerit.

302 847 341 888 2.
374 845 461 887 Sed
494 844 597 901 quid
630 844 731 885 dicit
761 845 1013 901 Scriptura?
1045 846 1187 900 „Et¹)
1218 847 1438 898 timebant,
1470 847 1621 903 inquit,

192 923 435 966 obstetrices
463 922 623 973 Deum,
655 934 694 963 et
724 940 814 964 non
846 924 1055 972 fecerunt,
1086 924 1194 965 sicut
1223 923 1443 980 praecepit
1471 923 1520 965 iis
1550 940 1620 964 rex

190 1000 410 1060 Aegypti.“
461 1001 562 1043 Istas
595 1002 838 1042 obstetrices
872 1000 1070 1042 dixerunt
1101 1013 1198 1042 ante
1227 1019 1306 1044 nos
1338 1001 1525 1058 quidam,
1554 1016 1623 1041 ra-

189 1077 409 1119 tionabilis
450 1077 700 1119 eruditionis
743 1079 929 1119 sormam
970 1090 1123 1120 tenere.
1205 1078 1465 1121 ObstetrIces
1508 1078 1621 1120 enim

187 1154 439 1209 medicae²)
483 1157 692 1210 quaedam
733 1169 852 1206 sunt,
906 1167 945 1197 et
992 1168 1080 1197 tam
1129 1159 1341 1199 masculos
1391 1169 1621 1206 nascentes,

189 1248 316 1288 quarn
350 1232 527 1274 seminas
556 1234 716 1274 fovent.
784 1233 984 1274 Eruditio
1027 1250 1126 1285 ergo
1166 1233 1242 1275 ista
1284 1235 1522 1277 communis
1551 1252 1620 1277 ra·-

188 1309 405 1351 tionabilis
435 1310 645 1360 scientiae,
679 1311 733 1353 ad
767 1327 938 1351 omnem
956 1312 1277 1367 propemodum
1303 1311 1495 1367 pervenit
1523 1328 1618 1354 sen-—

186 1404 294 1437 sum,
326 1404 474 1429 omncs
514 1388 704 1439 instruit,
755 1405 903 1429 omnes
944 1390 1070 1430 fovet.
1141 1388 1187 1430 Si
1220 1388 1310 1444 quis
1340 1389 1385 1430 in
1416 1405 1464 1429 ea
1493 1388 1620 1430 virilis

188 1465 319 1506 animi
350 1465 488 1515 fuerit,
521 1476 561 1505 et
591 1466 773 1507 voluerit
805 1465 999 1507 coelestia
1034 1482 1262 1521 quaerere,
1303 1477 1342 1506 et
1382 1465 1522 1507 divina
1553 1482 1616 1507 se-

186 1542 312 1591 ctari,
342 1543 468 1583 veluti
499 1540 754 1589 medicatus,
795 1553 834 1582 et
864 1543 976 1583 sotus
1015 1558 1092 1597 per
1123 1540 1372 1598 hujusmodi
1413 1543 1619 1584 eruditio-

185 1618 372 1674 nem,3)
424 1620 476 1660 ad
532 1619 777 1660 divinorum
836 1619 1158 1673 intelligentiam
1215 1619 1407 1677 paratior
1469 1619 1618 1661 veniet.

186 1697 284 1738 Una
302 1696 347 1751 ⁴²)
379 1708 437 1738 est
469 1695 581 1737 enim
612 1698 726 1738 velut
755 1713 911 1752 passer,
944 1715 1052 1754 quae
1085 1698 1261 1738 celsiora
1295 1699 1438 1746 docet,
1480 1709 1520 1737 et
1549 1713 1618 1737 ra-

188 1774 471 1816 tionabilibus
512 1773 732 1816 doctrinae
771 1775 922 1830 pennis
962 1776 1006 1816 in
1048 1776 1181 1815 altum
1218 1773 1364 1816 volare
1408 1785 1617 1828 provocat

185 1853 364 1894 animos.
436 1851 554 1901 Alia,
598 1868 705 1907 quae
735 1852 893 1893 rubens
926 1863 1005 1902 est,
1045 1852 1109 1891 vel
1140 1852 1401 1900 verecunda,
1441 1851 1616 1892 moralis

185 1941 256 1980 est,
289 1946 431 1971 mores
463 1930 708 1985 componit,
747 1929 1049 1970 verecundiam
1083 1930 1232 1979 docet,
1269 1927 1446 1970 instituit
1476 1927 1613 1968 hone-

182 2019 344 2050 statem.
407 2006 517 2047 Mihi
544 2017 702 2055 tamen,
734 2006 938 2061 quoniam
958 2006 1059 2047 dicit
1090 2007 1142 2047 de
1165 2005 1225 2047 his
1248 2005 1483 2061 Scriptura,
1516 2005 1616 2061 quia

182 2086 390 2127 timebant
419 2085 576 2134 Deum,
605 2095 644 2124 et
673 2100 764 2124 non
794 2084 985 2123 fecerunt
1012 2095 1239 2139 praecepta
1280 2081 1383 2134 regis
1422 2083 1616 2140 Aegypti,

183 2161 381 2203 videntur
419 2160 660 2203 obstetrices
700 2159 804 2201 istae
842 2161 951 2202 duae
990 2161 1210 2215 utriusque
1238 2161 1477 2201 testamenti
1506 2162 1614 2213 figu-

185 2256 278 2280 ram
309 2255 495 2287 servare,
537 2249 576 2278 et
607 2237 815 2292 Sephora,
848 2253 955 2293 quae
982 2253 1125 2292 passer
1153 2237 1482 2293 interpretatur,
1520 2237 1614 2291 legi,

186 2332 294 2371 quae
323 2315 550 2371 spiritualis
583 2325 654 2364 est,
683 2331 806 2370 posse
839 2315 1044 2366 conferri;
1084 2304 1207 2355 Phua
1236 2331 1360 2365 vero,
1403 2330 1511 2370 quae
1539 2332 1614 2355 ru-

182 2393 381 2435 bens-vel
413 2390 653 2434 verecunda
686 2403 756 2442 est,
787 2391 976 2434 indicare
1008 2390 1259 2444 Evangelia,
1305 2407 1414 2447 quae
1455 2390 1612 2432 Christi

181 2470 386 2523 sanguine
416 2471 583 2518 rubent,
615 2481 654 2510 et
683 2485 760 2525 per
790 2468 1030 2512 universum
1053 2471 1263 2511 mundum
1285 2467 1492 2525 passionis
1522 2467 1610 2526 ejus

305 2593 348 2650 1>
381 2594 514 2636 Exod.
546 2596 577 2646 I,
611 2597 676 2639 17.

299 2665 346 2720 ²)
378 2665 449 2706 Sic
478 2665 579 2708 Mss.
612 2667 724 2707 Alias
756 2667 815 2722 (v.
850 2683 882 2706 c.
913 2666 958 2707 in
990 2668 1084 2709 edd.
1115 2665 1225 2722 Μ.);
1256 2665 1450 2717 „mediae
1481 2681 1610 2721 quae-

184 2722 283 2763 dam
314 2727 451 2763 sunt.“
482 2722 533 2763 R.

296 2790 343 2847 ³)
376 2791 490 2832 Alias
522 2790 581 2846 (e.
613 2810 647 2834 c.
676 2795 721 2834 in
753 2794 849 2835 edd.
879 2793 985 2846 M.):
1015 2790 1341 2843 „eruditiones.“
1372 2791 1422 2833 R.

297 2861 344 2917 4)
375 2862 485 2904 Edd.
518 2862 714 2906 Merlini:
746 2863 818 2908 Est
850 2862 961 2905 enim
993 2880 1078 2906 una
1107 2862 1221 2905 velut
1248 2877 1393 2919 passer
1423 2872 1499 2904 etc.
