1768 3107
0 2580 3 2679 ε

0 2787 9 3107 ι

472 150 521 180 m
552 137 753 177 Exonum
784 133 988 175 HommA
1019 132 1051 174 Ι.
1450 135 1480 178 3

52 271 159 312 quae
188 256 252 296 vel
284 268 305 296 a
336 250 551 308 prioribus
580 246 760 297 nostris,
789 246 853 286 vel
874 245 917 302 ¹)
950 244 1076 286 etiam
1107 260 1129 285 a
1162 245 1478 301 coaequalibus,

40 333 123 374 ¹sed
168 343 207 372 et
245 347 267 371 a
307 325 429 370 nobis
458 342 549 366 non
579 339 800 380 nunquam
832 321 1041 378 disputata
1084 332 1206 370 sunt,
1243 321 1480 374 intelligere

49 409 220 465 poterit,
249 420 354 460 quae
384 403 436 444 sit
451 401 496 458 ²)
526 403 760 460 Aegyptus,
801 399 844 440 in
889 415 1017 455 quam
1055 399 1245 455 populus
1273 399 1358 441 Dei
1387 415 1476 439 non

49 499 135 527 tam
167 484 218 524 ad
248 479 543 528 habitandum,
575 494 704 534 quam
736 478 789 518 ad
819 476 1112 526 incolendum,
1143 475 1374 526 descendit,
1405 475 1479 531 qui

52 562 174 603 etiam
203 556 283 599 sint
313 554 485 613 Assyrii,
517 555 590 612 qui
623 571 695 596 eos
725 554 807 596 vim
839 553 1039 596 facientes
1065 554 1345 604 abduxerunt,
1375 570 1479 595 con-

47 645 270 691 sequenter
311 634 521 682 advertet,
571 633 663 689 quis
708 634 760 674 sit
800 631 1141 688 patriarcharum
1192 647 1396 672 numerus
1441 641 1481 671 et

49 714 172 761 ordo,
205 726 364 766 quaeve
395 727 545 752 eorum
577 710 731 752 domus
765 720 805 749 et
835 707 1020 750 familiae
1052 708 1337 759 designentur,
1370 724 1479 763 quae

17 844 24 851 ι
44 805 129 830 una
161 805 258 829 cum
287 788 424 829 Jacob
456 799 576 843 patre
606 805 683 829 suo
715 787 925 837 ingressae
957 784 1218 841 dicuntur3)
1256 785 1302 826 in
1342 786 1478 843 Aegy-

43 877 180 921 ptum.
239 863 476 907 Descendit
513 865 626 906 enim
667 864 823 905 Ruben
862 879 958 904 cum
1006 874 1094 904 tota
1125 863 1259 904 domo
1300 879 1398 912 sua,
1440 874 1482 903 et

45 942 147 983 Levi
178 959 276 983 cum
305 954 395 983 tota
427 942 562 982 domo
593 959 689 991 sua,
730 942 805 982 sed
848 951 889 981 et
930 939 1055 981 ceteri
1088 955 1250 981 omnes.
1316 938 1481 995 Joseph

49 1032 203 1070 autem,
234 1018 447 1075 inquit,4)
479 1031 568 1059 erat
596 1019 641 1060 in
674 1021 892 1075 Aegypto,
924 1028 963 1058 et
994 1033 1171 1058 uxorem
1204 1017 1259 1057 de
1288 1017 1480 1074 Aegypto

49 1097 222 1152 accepit,
255 1108 294 1137 et
324 1096 422 1136 licet
450 1094 512 1135 ibi
542 1096 725 1152 positus,
764 1107 907 1136 tamen
943 1095 989 1136 in
1027 1093 1367 1150 patriarcharum
1399 1111 1481 1134 nu-

48 1190 169 1215 mero
201 1174 397 1215 habetur.
440 1162 447 1199 *s
466 1172 513 1213 Si
544 1172 635 1228 quis
665 1188 764 1225 ergo
805 1183 945 1228 potest
982 1170 1260 1227 spiritualiter
1288 1169 1363 1211 ista
1397 1169 1481 1212 dis-

49 1261 217 1300 cutere,
258 1261 299 1290 et
328 1250 527 1305 Apostoli
558 1266 727 1292 sensum
757 1250 899 1305 sequi,
929 1266 1016 1305 quo
1048 1246 1249 1291 discernit
1279 1260 1318 1289 et
1347 1264 1484 1301 segre—

49 1338 117 1378 gat
154 1326 305 1377 Israel,
349 1339 389 1368 et
430 1325 592 1380 dicit5)
647 1342 733 1368 esse
772 1327 990 1382 quendam
1033 1328 1272 1368 secundum
1312 1340 1484 1366 carnem

48 1403 198 1454 Israel,
239 1415 286 1444 ut
327 1403 457 1444 alium
500 1404 590 1445 sine
622 1402 756 1445 dubio
788 1403 947 1444 indicet
979 1419 1065 1445 esse
1095 1404 1330 1444 secundum
1361 1401 1485 1459 spiri-

47 1491 160 1521 tum:
201 1482 276 1522 sed
318 1492 358 1521 et
386 1480 420 1522 si
452 1480 544 1536 quis
583 1497 828 1522 sermonem
862 1472 1044 1522 Doiuini
1074 1480 1315 1531 diligentius
1346 1480 1488 1520 consi·

51 1557 189 1608 deret,
231 1574 316 1614 quo
357 1558 442 1599 hoc
481 1558 622 1613 ipsum
663 1558 870 1610 designat,
912 1574 1009 1598 cum
1053 1556 1157 1598 dicit
1187 1558 1240 1597 de
1271 1558 1481 1612 quodam:

53 1633 243 1691 „ecce⁶)
273 1650 396 1676 verus
426 1634 626 1684 Israelita,
655 1633 701 1674 in
737 1650 824 1689 quo
852 1634 976 1676 dolus
996 1650 1087 1674 non
1110 1639 1220 1674 est:“
1250 1644 1290 1674 et
1318 1633 1393 1673 dat
1421 1633 1487 1674 in-

49 1711 180 1765 telligi
218 1727 306 1753 esse
346 1709 511 1767 aliquos
556 1727 677 1752 veros
717 1710 947 1761 Israelitas‚
1002 1709 1169 1766 aliquos
1218 1709 1310 1751 sine
1351 1708 1484 1750 dubio

49 1805 141 1830 non
171 1805 313 1831 veros:
354 1787 514 1845 poterit
542 1789 722 1830 fortasse
750 1787 1041 1844 spiritualibus
1070 1785 1306 1843 spiritualia
1337 1787 1484 1827 confe-

52 1882 161 1917 rens,
193 1877 232 1907 et
263 1865 382 1908 novis
413 1877 565 1914 vetera,
596 1881 644 1906 ac
675 1865 885 1907 veteribus
922 1881 1033 1906 nova
1065 1879 1361 1921 componens,
1390 1879 1484 1922 my-

52 1943 225 1985 sterium
259 1943 440 2001 Aegypti
483 1955 523 1984 et
560 1942 898 2000 patriarcharum
939 1941 984 1982 in
1018 1958 1110 1983 eam
1142 1939 1487 1995 descensionis⁷)

54 2021 283 2061 advertere.
352 2020 439 2061 Sed
481 2032 520 2062 et
561 2020 821 2062 differentias
868 2019 1061 2060 tribuum
1092 2013 1488 2074 ⁴contemplabitur,

53 2107 101 2136 ut
133 2091 346 2153 conjiciat,
380 2098 485 2154 quid
516 2096 715 2138 eximium
736 2097 881 2138 ¹visum
911 2095 964 2138 sit
991 2095 1037 2136 in
1070 2095 1185 2137 tribu
1214 2095 1338 2147 Levi,
1370 2095 1489 2150 quod

56 2189 104 2214 ex
134 2190 182 2215 ea
212 2177 453 2216 sacerdotes
473 2174 653 2216 Domini
685 2174 896 2226 eliguntur
924 2190 971 2215 ac
990 2172 1193 2215 ministri:
1225 2171 1328 2228 quid
1362 2169 1488 2212 etiam

54 2248 99 2290 in
129 2251 243 2291 tribu
273 2252 384 2293 Juda
413 2251 693 2308 praecipuum
723 2251 940 2292 Dominus
969 2251 1165 2300 senserit,
1204 2249 1322 2305 quod
1364 2265 1412 2289 ex
1442 2263 1489 2288 ea

56 2343 171 2380 reges
202 2340 476 2373 assumuntur
506 2341 548 2370 et
574 2328 810 2386 principes:
843 2340 884 2369 et
906 2329 1027 2384 quod
1050 2339 1109 2371 est
1124 2325 1262 2382 majus
1281 2325 1492 2375 omnium,

176 2480 220 2535 Ι)
250 2481 375 2523 Mss.:
404 2481 498 2531 „vel
529 2481 654 2523 etiam
690 2499 711 2523 a
744 2482 1085 2538 coaequalibus.“
1142 2480 1258 2523 Alias
1288 2479 1349 2537 (v.
1381 2496 1416 2522 c.
1446 2479 1491 2522 in

61 2537 155 2580 edd,
187 2537 298 2593 ΜΛ)
329 2540 419 2588 „vel
450 2538 576 2580 etiam
607 2540 660 2580 ab
693 2539 977 2596 aequalibus.“
1006 2538 1058 2581 R.

176 2606 224 2663 2)
255 2607 389 2649 Deest
417 2609 522 2659 „sit“
551 2610 597 2651 in
629 2611 724 2651 edd.
756 2609 818 2650 Μ.

180 2677 226 2732 3)
255 2676 368 2718 Edd.
399 2677 593 2721 Merlini:
626 2678 834 2722 dicantur.

178 2744 226 2802 ⁴)
258 2745 346 2789 Cir.
377 2747 514 2790 Exod.
545 2750 578 2799 I,
607 2750 646 2792 5.
766 2749 813 2807 ὅ)
846 2748 935 2793 Cfr.
965 2748 985 2789 I
1016 2747 1117 2791 Cor.
1148 2748 1204 2799 X,
1236 2747 1303 2791 18.

178 2816 224 2871 ⁶)
254 2817 331 2858 Ev.
359 2817 516 2862 Joann.
548 2819 579 2869 I,
608 2820 675 2864 48.

188 2886 232 2942 ⁷)
263 2886 379 2931 Alias
410 2890 469 2946 (v,
500 2905 534 2933 c.
563 2888 606 2932 in
639 2891 736 2933 edd.
766 2888 852 2948 M.)
883 2888 1274 2941 „descensionem.“
1303 2886 1355 2930 R.

1089 2966 1154 3013 1*
