1752 3136
266 62 351 108 264
888 66 1110 110 Omenms

262 189 382 220 turae
410 175 622 225 florentis,
668 188 707 220 et
739 178 924 222 ardentis
961 180 1141 233 ingenii,
1186 196 1275 223 non
1315 181 1518 226 continuo
1563 197 1683 243 aptus
1717 179 1723 227 'i

263 254 476 296 videbitur
505 256 558 296 ad
587 254 854 312 suscipienda
884 257 1000 299 verbi
1031 257 1115 299 Dei
1138 257 1358 314 lrnysteria,
1395 260 1469 300 sed
1516 263 1683 316 quaeri·
1714 248 1725 308 l

265 343 335 373 tur
365 332 488 374 etiam
521 333 627 382 hoc,
655 345 703 374 ut
731 334 847 389 prius
878 351 900 376 a
936 335 1124 391 profanis
1157 337 1340 385 actibus,
1389 348 1429 377 et
1458 335 1687 380 immundis
1722 339 1726 386 l

268 411 469 466 operibus
500 421 738 466 separetur,
783 422 823 452 et
864 411 920 453 ita
952 413 1124 454 demum
1159 412 1411 454 eruditionis
1443 429 1570 469 capax
1601 416 1687 464 fiat,
1718 412 1727 456 ”i

264 486 299 527 si
328 486 445 540 prius
474 502 605 542 capax
643 487 771 529 fuerit
809 489 1047 531 sanctitatis.
1117 489 1265 531 Simile
1304 490 1364 532 his
1405 491 1451 532 in
1491 491 1690 533 Numeris
1726 513 1729 540 y

266 561 444 614 legimus
472 563 693 619 scriptum,
722 564 797 605 ubi
828 564 1042 607 Dominus
1073 582 1217 607 carnes
1249 568 1422 609 coelitus
1454 567 1570 609 dedit
1598 566 1692 610 filiis

266 639 409 689 Israel,
439 650 478 680 et
509 640 631 681 dicit:
669 640 1023 690 „sanctificamini
1043 641 1086 698 ¹)
1127 643 1172 683 in
1204 644 1453 694 crastinum,
1497 656 1543 684 ut
1571 660 1692 685 man-

270 716 435 757 ducetis
467 721 664 756 carnesz“
696 716 781 756 hoc
813 719 1058 768 ostendens,
1087 720 1220 774 quod,
1247 721 1327 761 nisi
1356 720 1602 762 sanctificati
1632 736 1695 762 es-

267 805 361 833 sent
390 792 521 847 prius,
554 802 592 832 et
621 792 772 833 mundi
805 793 955 843 effecti,
987 794 1193 850 carnes2)
1225 794 1274 835 iis
1303 811 1392 836 non
1423 797 1541 837 daret
1563 797 1692 839 Deus.

267 867 389 909 Bene
430 879 572 908 autern
615 868 881 910 clementiam
923 869 1105 912 Domini
1141 871 1355 922 legislator
1393 871 1598 923 ostendit,
1646 884 1696 914 ut

265 960 358 986 non
387 945 561 997 (liceret,
590 945 688 1001 quia
715 961 806 986 non
836 948 1067 989 manducet
1096 963 1264 1018 carnes,
1313 947 1359 989 in
1390 964 1476 1004 quo
1508 947 1589 989 fuit
1613 948 1694 991 im-

267 1021 499 1074 munditia,
539 1024 614 1065 sed
644 1022 718 1073 ait,
758 1023 803 1064 in
849 1039 935 1078 quo
980 1024 1250 1066 immunditia
1294 1023 1384 1082 ejus
1424 1024 1470 1065 in
1498 1024 1592 1080 ipso
1624 1037 1696 1068 est.

267 1099 406 1140 Nemo
439 1099 595 1141 etenim
624 1101 713 1142 fere
742 1099 965 1151 invenitur,
994 1101 1039 1142 in
1070 1117 1156 1157 quo
1187 1117 1279 1143 non
1309 1101 1389 1142 fuit
1412 1100 1696 1144 immunditia.

267 1175 454 1217 Inveniri
485 1188 625 1218 autem
656 1188 816 1233 potest,
854 1177 898 1220 in
930 1195 1016 1234 quo
1049 1177 1175 1220 suerit
1205 1178 1400 1234 quidem,
1446 1179 1520 1220 sed
1553 1177 1697 1220 audita

268 1254 359 1306 lege
389 1253 569 1295 Domini
598 1254 707 1295 ultra
737 1252 824 1311 jam
854 1270 944 1295 non
976 1255 1039 1299 sit.
1097 1254 1232 1309 Quod
1259 1253 1294 1297 si
1315 1266 1539 1310 permanet
1567 1254 1612 1296 in
1643 1271 1694 1297 eo

271 1317 543 1372 immunditia
572 1346 660 1380 sua,
687 1342 727 1371 et
756 1330 819 1372 his
850 1329 1001 1374 auditis
1031 1330 1219 1374 converti
1246 1347 1337 1372 non
1360 1331 1462 1380 vult,
1493 1343 1532 1372 et
1551 1347 1698 1374 emen-

274 1407 388 1457 dari,
425 1406 607 1462 peribit,
646 1406 806 1463 inquit,
846 1407 987 1450 anima
1017 1409 1088 1449 illa
1120 1409 1173 1449 de
1202 1408 1370 1463 populo
1400 1423 1492 1448 suo.
1552 1408 1698 1452 Tertia

272 1495 333 1525 est
361 1483 658 1526 immunditiae
685 1483 868 1540 species,
907 1501 990 1540 qua
1030 1484 1084 1535 is,
1131 1484 1205 1540 qui
1233 1485 1419 1526 mundus
1450 1495 1530 1535 est,
1559 1484 1594 1526 si
1623 1485 1699 1526 ali-

273 1561 377 1616 quid
410 1560 588 1613 contigit
617 1560 905 1612 immundum,
935 1561 1087 1617 non³)
1118 1572 1204 1602 tam
1234 1577 1311 1603 suo
1341 1571 1531 1616 peccato,
1568 1577 1698 1618 quam

271 1638 408 1680 aliena
439 1638 693 1691 contagione
722 1638 951 1695 polluitur:
981 1649 1029 1679 ut
1055 1649 1172 1694 puta,
1202 1638 1235 1679 si
1267 1638 1358 1694 quis
1376 1637 1562 1678 societur
1589 1638 1695 1680 ami-

273 1714 378 1757 citiis
409 1726 449 1757 et
477 1715 695 1756 consortio
727 1714 912 1759 hominis
941 1713 1070 1766 lividi,
1099 1715 1163 1754 vel
1182 1713 1388 1763 iracundi,
1419 1714 1483 1754 vel
1501 1714 1696 1766 adulteri,

274 1791 430 1847 etipse
459 1791 632 1847 quidem
663 1791 851 1847 propriis
891 1791 1053 1834 actibus
1091 1807 1182 1831 non
1223 1790 1430 1834 inseratur
1466 1791 1695 1834 sceleribus

274 1866 385 1925 ejus,
425 1867 564 1909 videat
591 1880 731 1908 tamen
765 1883 884 1917 eum,
925 1879 966 1908 et
994 1867 1219 1921 intelligat,
1264 1868 1487 1923 quomodo
1519 1869 1692 1912 fratrem

274 1962 399 1989 suum
431 1943 544 1996 odit,
597 1957 637 1986 et
675 1944 890 1986 homicida
922 1935 1061 1999 est,‘²)
1106 1945 1171 1985 vel
1217 1945 1439 1999 quomodo
1472 1944 1694 1988 insidiatur

276 2022 438 2065 alienae
465 2020 657 2072 mulieri,
705 2033 743 2062 et
779 2022 944 2063 adulter
986 2033 1066 2072 est,
1108 2022 1173 2062 vel
1223 2023 1445 2076 quomodo
1475 2021 1520 2064 in
1551 2021 1694 2066 ceteris

278 2099 515 2155 quibusque
545 2098 769 2150 sacrilegus
800 2111 878 2149 est,
917 2114 996 2140 nec
1027 2098 1299 2155 deprehensis
1330 2098 1394 2140 his
1424 2098 1611 2140 discedat
1639 2099 1691 2140 ab

278 2176 364 2234 ejus
396 2175 633 2217 consortio:
663 2176 739 2217 iste
767 2188 838 2226 est,
870 2176 942 2232 qui
973 2176 1146 2229 contigit
1175 2176 1468 2225 immundum,
1506 2176 1571 2216 vel
1600 2173 1691 2215 ani-

277 2254 377 2303 mal,
408 2255 471 2294 vel
502 2269 634 2302 avem,
664 2254 728 2294 vel
758 2253 1045 2304 morticinum,
1078 2265 1118 2294 et
1148 2253 1285 2294 aliena
1308 2251 1575 2294 immunditia
1603 2250 1692 2306 ipse

277 2330 465 2386 pollutus
496 2341 566 2371 est.
612 2330 682 2371 De
701 2329 1003 2372 diversitatibus
1033 2342 1170 2372 autem
1198 2329 1533 2378 immundorum,
1562 2339 1692 2384 prout

281 2423 503 2447 occurrere
533 2408 695 2462 potuit,
734 2408 778 2449 in
816 2408 1104 2463 superi0ribus
1147 2406 1333 2451 diximus.
1404 2407 1487 2446 Aut
1523 2421 1612 2449 non
1652 2415 1691 2445 et

397 2555 443 2609 1)
472 2555 600 2597 Num.
631 2554 707 2604 Xl,
741 2554 806 2597 18.

395 2623 442 2677 2>
471 2624 582 2667 Edd.
613 2625 805 2667 Mcrlim':
839 2638 878 2667 et
907 2642 1051 2668 carnes
1079 2625 1129 2667 iis
1161 2637 1236 2666 etc.

394 2693 442 2747 3)
471 2693 583 2736 Edd.
614 2694 809 2736 Merlini:
840 2707 880 2737 et
908 2713 998 2738 non
1028 2709 1115 2738 tam
1145 2707 1220 2738 etc.

397 2762 443 2817 ⁴)
473 2763 583 2804 Edd.
610 2764 784 2806 Merlini
814 2781 1059 2823 perperam:
1100 2778 1179 2810 est:
1221 2779 1274 2806 ne
1312 2761 1616 2819 deprehensus:
1652 2759 1688 2802 is

279 2819 467 2862 discedat
497 2832 572 2862 etc.
1105 2836 1109 2837 ⁷
