1752 3136
223 97 310 150 304
822 97 1043 141 Omossms

224 209 412 253 dilucide
442 209 495 252 ad
524 210 743 253 hominem
774 212 1054 262 transtulisse,
1098 223 1137 254 et
1175 210 1369 257 homines
1396 215 1605 267 intellexi*
1631 234 1644 254 π

225 305 298 339 ea,
342 303 450 344 quae
487 288 567 331 sibi
606 288 652 330 in
699 288 830 332 linteo
877 290 1054 332 coelitus
1093 292 1212 347 lapso
1253 294 1422 335 fueraut
1459 294 1640 337 demon-

222 363 380 408 strata?

335 445 374 487 5-
406 443 493 485 Sed
522 443 699 487 fortasse
729 443 842 486 dicat
872 445 1043 501 aliquis:
1082 448 1135 488 de
1168 446 1516 503 quadrupedibus
1547 447 1642 504 qui-

224 522 336 572 dem,
361 532 407 562 ·et
435 520 665 576 reptilibus,
697 532 736 562 et
766 523 909 565 avibus
939 524 1156 566 reddidisti
1177 524 1219 579 ¹)
1251 523 1480 575 rationem,
1522 525 1643 580 quod

221 599 417 640 homines
446 597 621 650 intelligi
651 600 844 650 debeant,
875 602 928 642 da
959 603 1084 642 etiam
1116 603 1169 643 de
1201 602 1277 654 his,
1309 618 1417 658 quae
1447 602 1491 643 in
1523 602 1642 657 aquis

220 686 329 718 sunt.
392 673 610 729 Quoniam
644 675 816 730 quidem
847 679 912 718 lex
952 679 1077 718 etiam
1116 679 1168 719 de
1206 678 1305 734 ipsis
1349 680 1512 720 munda
1555 694 1642 720 esse

222 755 444 810 quaedam,
475 763 515 792 et
543 751 624 793 alia
655 751 844 804 designat
871 753 1119 804 immunda,
1156 755 1263 795 nihil
1292 756 1336 796 in
1366 755 1443 806 his,
1473 767 1520 796 ut
1549 772 1643 797 ver-

218 830 285 872 bis
315 829 418 870 meis
461 829 681 883 credatur,
722 845 928 886 exposco,
973 829 1052 871 nisi
1093 841 1212 872 testes
1249 830 1430 874 idoneos
1467 834 1642 874 dedero.

217 907 364 963 Ipsum
403 905 524 947 vobis
562 905 830 959 Dominum,
884 918 924 948 et
962 906 1228 949 salvatorem
1261 920 1456 950 nostrum
1493 909 1644 950 Jesum

221 983 437 1026 Christum
469 994 615 1025 testem
646 983 802 1026 horum
835 995 874 1026 et
904 995 1122 1026 auctorem
1155 985 1290 1036 dabo,
1322 987 1545 1041 quomodo
1576 986 1645 1042 pi-

219 1077 308 1104 sces
337 1059 532 1103 homines
562 1076 649 1102 esse
679 1061 884 1103 dicantur.
931 1061 1168 1116 „Simile²)
1193 1074 1265 1113 est,
1294 1063 1445 1120 inquit,
1463 1079 1643 1116 regnum

220 1141 442 1182 coelorum
472 1137 552 1180 reti
583 1136 710 1181 misso
740 1137 785 1179 in
814 1154 952 1187 mare,
998 1140 1115 1195 quod
1156 1156 1203 1181 ex
1244 1142 1364 1182 omni
1394 1157 1546 1194 genere
1575 1141 1644 1199 pi-

217 1218 353 1260 scium
386 1216 566 1269 colligit:
599 1227 638 1258 et
670 1231 768 1256 cum
797 1215 1009 1271 repletum
1040 1217 1179 1267 fuerit,
1208 1208 1400 1260 sedentes
1430 1236 1559 1275 supra
1588 1219 1642 1261 li-

218 1307 285 1338 tus
317 1296 509 1336 condunt
539 1309 626 1343 eos,
655 1294 728 1348 qui
757 1293 865 1335 boni
893 1305 1003 1344 sunt,
1033 1294 1075 1335 in
1103 1294 1221 1345 vasis,
1253 1295 1325 1351 qui
1356 1308 1496 1338 autem
1524 1297 1641 1347 mali,

217 1371 331 1414 foras
361 1370 623 1412 mittuntur.“
680 1368 912 1411 Evidenter
942 1370 1115 1411 edocuit
1143 1387 1228 1421 eos,
1259 1373 1332 1427 qui
1361 1373 1520 1415 retibus
1552 1374 1641 1414 eol-

215 1448 288 1502 ligi
325 1448 526 1489 dicuntur
550 1446 705 1502 pisces,
743 1447 808 1487 vel
839 1447 982 1488 bonos
1022 1447 1219 1489 homines
1249 1464 1357 1498 esse,
1396 1449 1462 1489 vel
1491 1451 1641 1491 malos.

214 1525 289 1567 Isti
318 1540 417 1577 ergo
449 1534 583 1573 sunt„
612 1522 685 1578 qui
726 1523 963 1564 secundum
997 1523 1151 1565 Mosen
1193 1523 1328 1580 pisces
1369 1526 1435 1567 vel
1472 1526 1640 1576 mundi,

215 1601 344 1659 ve1³>
382 1600 594 1642 immundi
630 1599 923 1642 nominantur.
999 1601 1075 1643 His
1126 1601 1254 1654 igitur
1305 1619 1353 1644 ex
1391 1604 1641 1646 auctoritate

214 1680 479 1736 Apostolica‚
509 1688 636 1734 atque
665 1678 905 1730 evangelica
937 1680 1240 1734 comprobatis,
1269 1681 1500 1731 videamus,
1531 1697 1642 1737 quo-

213 1757 352 1798 modo
385 1756 678 1811 unusquisque
706 1754 933 1796 hominum
964 1755 1030 1796 vel
1060 1758 1267 1807 mundus,
1298 1757 1363 1797 vel
1392 1757 1641 1798 immundus

212 1832 346 1891 possit
375 1831 551 1875 ostendi.
614 1831 766 1873 Omnis
797 1832 929 1873 homo
961 1833 1089 1874 habet
1118 1834 1301 1889 aliquem
1330 1834 1376 1875 in
1405 1851 1450 1875 se
1480 1833 1640 1886 cibum,

215 1926 342 1968 quem
374 1907 592 1952 accedenti
620 1909 673 1949 ad
702 1924 746 1950 se
772 1909 972 1964 proximo
1003 1912 1218 1966 praebeat.
1265 1911 1368 1952 Non
1397 1910 1510 1952 enim
1539 1921 1639 1966 pot·-

215 2000 276 2030 est
305 1986 411 2037 fieri,
440 1998 501 2036 ut,
534 2002 632 2026 cum
662 1987 958 2027 accesserimus
1002 1990 1056 2030 ad
1093 1988 1277 2030 invicem
1318 2004 1396 2030 nos
1428 1988 1638 2038 homines,

215 2077 255 2107 et
284 2062 625 2106 conseruerimus
645 2078 903 2113 sermonem,
932 2079 1023 2104 non
1054 2064 1253 2120 aliquem,
1285 2066 1348 2106 vel
1380 2081 1427 2106 ex
1455 2081 1636 2121 respon-

212 2142 356 2193 sione,
391 2140 458 2182 vel
488 2157 534 2182 ex
564 2140 920 2194 interrogatione,
959 2141 1023 2181 vel
1055 2157 1103 2182 ex
1133 2141 1279 2197 aliquo
1313 2153 1428 2194 gestu
1464 2153 1536 2183 aut
1566 2158 1636 2184 ca-

213 2219 380 2276 piamus
410 2218 522 2260 inter
548 2235 627 2260 nos
657 2231 837 2270 gustum,
869 2229 940 2259 aut
968 2219 1261 2274 praebeamus.
1306 2219 1361 2260 Et
1389 2219 1423 2261 si
1457 2221 1634 2276 quidem

146 2343 156 2347 ,
212 2297 399 2338 mundus
429 2295 563 2336 homo
597 2306 677 2346 est,
724 2307 764 2336 et
808 2297 949 2338 honae
986 2295 1137 2336 mentis
1167 2296 1223 2346 is,
1271 2298 1324 2338 de
1355 2313 1440 2352 quo
1471 2309 1638 2349 gustum

214 2373 418 2430 capimus,
448 2374 659 2414 mundum
687 2372 892 2414 sumimus
932 2373 1089 2414 cibum.
1162 2372 1209 2415 Si
1249 2390 1347 2415 vero
1389 2373 1635 2415 immundus

213 2451 276 2500 sit,
306 2466 434 2507 quem
466 2450 762 2504 contingimus,
791 2462 833 2491 et
849 2449 894 2507 ⁴)
923 2451 1197 2493 immundum
1225 2450 1366 2492 cibum
1398 2451 1634 2492 secundum

333 2645 377 2701 ¹)
410 2645 572 2688 Omnes
601 2647 701 2689 NIss.
744 2646 1032 2698 „reddidisti.“
1097 2646 1217 2690 Libri
1249 2647 1350 2691 editi
1383 2646 1444 2705 (V.
1471 2663 1504 2691 c.
1536 2646 1630 2690 edd.

212 2702 319 2760 M.):
348 2703 682 2753 „reddidimus.“
710 2702 760 2744 R.

329 2771 376 2827 2)
408 2771 558 2815 Matth.
588 2773 708 2823 XIII,
736 2775 804 2817 47.
835 2774 904 2817 48.
1022 2775 1069 2830 ³)
1098 2775 1210 2820 Edd.
1240 2774 1436 2820 Merlini:
1467 2786 1543 2817 et„

329 2842 376 2897 ⁴)
407 2842 684 2886 Desideratur
714 2838 806 2897 „et“
837 2844 881 2887 in
912 2847 1008 2890 cdd.
1041 2847 1102 2892 Μ.
