1752 3136
457 128 509 159 m
540 117 792 157 anmcum
822 113 1020 153 HommA
1051 112 1162 153 vm.
1423 110 1506 152 317

97 225 140 266 in
174 225 241 267 die
270 227 418 268 natalis
448 227 535 276 filii,
567 227 629 267 vel
662 225 772 266 filiae
803 240 914 264 suae.
988 222 1080 263 Soli
1109 232 1352 278 peccatores
1381 238 1509 276 super

97 301 341 358 hujusmodi
369 304 577 344 nativitate
606 303 827 342 laetantur.
897 299 1137 340 Invenimus
1178 299 1330 339 etenim
1360 298 1402 338 in
1435 314 1505 338 ve-

94 378 172 418 teri
202 378 371 433 quidem
390 389 635 420 testamento
655 377 697 433 ¹)
725 377 995 418 Pharaonem
1016 393 1155 429 regem
1179 375 1370 434 Aegypti,
1391 375 1504 416 diem

93 455 239 496 natalis
268 454 331 496 sui
362 472 456 495 cum
486 455 703 495 festivitate
734 455 1039 504 celebrantem,
1078 453 1122 494 in
1159 469 1274 493 novo
1306 469 1406 494 vero
1438 464 1502 493 te-

92 541 296 571 stamento
312 530 357 585 ²)
386 530 620 576 Herodem.
684 531 877 586 Uterque
913 543 1054 572 tamen
1097 546 1244 570 eorum
1275 519 1408 584 ipsam
1439 531 1501 569 fe-

90 607 305 648 stivitatem
335 609 483 650 natalis
514 608 577 650 sui
606 609 855 664 profusione
894 608 1071 649 humani
1106 605 1315 657 sanguinis
1346 622 1500 647 cruen-

89 684 199 724 tavit.
255 684 330 725 Ille
362 685 473 725 enim
502 685 791 741 praepositum
821 685 1042 740 pistorum,
1073 683 1140 724 hic
1170 695 1360 724 sanctum
1392 699 1496 738 pro-

86 761 257 815 phetam
294 761 507 802 Joannem
548 763 814 803 obtruncavit
854 763 899 802 in
952 778 1128 804 carcere.
1211 761 1355 801 Sancti
1394 777 1494 800 vero

43 893 47 904 ·
85 854 174 878 non
204 838 342 879 solum
374 856 462 879 non
492 851 620 890 agunt
657 838 917 880 festivitatem
954 838 997 879 in
1041 839 1108 879 die
1136 837 1286 879 natalis
1314 836 1391 886 sui,
1420 837 1495 877 sed

86 926 125 954 et
154 914 316 970 Spiritu
344 928 486 956 sancto
518 915 667 970 repleti
698 926 964 956 exsecrantur
995 915 1108 954 hunc
1150 915 1275 956 diem.
1342 915 1495 969 Neque

85 991 196 1032 enim
226 1003 364 1033 tantus
395 1010 442 1033 ac
471 992 563 1033 talis
593 991 817 1046 propheta,
844 1014 899 1021 —-
930 991 1159 1031 Jeremiam
1195 991 1314 1040 dico,
1333 991 1377 1045 ³)
1419 994 1492 1047 qui

81 1069 126 1110 in
156 1082 275 1110 utero
308 1066 448 1110 matris
476 1067 754 1109 sanctificatus
785 1078 864 1117 est,
906 1079 945 1107 et
980 1067 1190 1122 propheta
1228 1066 1271 1107 in
1301 1067 1492 1118 gentibus

82 1157 352 1186 consecratus
382 1168 458 1194 —,
496 1145 613 1185 libris
649 1144 694 1185 in
724 1156 940 1185 aeternum
972 1144 1180 1184 mansuris
1210 1143 1370 1199 aliquid
1399 1144 1490 1186 ina-

78 1223 187 1265 niter
204 1222 470 1271 condidisset,
498 1221 576 1263 nisi
591 1232 800 1272 secretum
828 1221 930 1277 quid
961 1221 1209 1271 contineret,
1239 1233 1279 1262 et
1307 1221 1490 1274 ingenti-

77 1301 155 1342 bus
171 1300 373 1359 mysteriis
391 1299 577 1355 plenum,
607 1298 682 1339 ubi
704 1297 826 1339 dicit:
857 1298 1129 1347 „maledictus
1144 1297 1189 1354 4)
1211 1298 1310 1350 dies,
1334 1299 1378 1339 in
1401 1317 1487 1356 quo

75 1388 198 1418 natus
228 1393 334 1426 sum,
365 1387 405 1417 et
433 1393 530 1427 nox,
560 1377 604 1417 in
636 1392 716 1432 qua
748 1375 963 1416 dixerunt:
995 1391 1092 1416 ecce
1121 1375 1342 1418 masculus.
1391 1377 1488 1419 Ma-

74 1452 263 1501 ledictus,
296 1452 369 1507 qui
399 1453 662 1493 adnuntiavit
688 1451 798 1507 patri
828 1467 938 1500 meo,
970 1451 1130 1493 dicens:
1169 1463 1291 1493 natus
1322 1465 1379 1494 est
1408 1454 1486 1495 tibi

72 1531 297 1572 masculus.
355 1529 551 1570 Laetetur
578 1530 709 1569 homo
741 1528 812 1568 ille
843 1528 949 1569 sicut
980 1527 1174 1578 civitates,
1207 1545 1307 1584 quas
1328 1530 1484 1572 Domi-

70 1601 151 1648 nu⁰s
183 1606 379 1648 destruxit
408 1607 452 1647 in
481 1607 640 1656 furore,
672 1617 712 1647 et
740 1622 828 1645 non
846 1604 1096 1660 poenituit.“
1141 1605 1376 1647 Videturne
1405 1608 1483 1650 tibi

68 1683 172 1724 haec
201 1695 284 1723 tam
316 1682 465 1734 gravia,
498 1695 536 1723 et
566 1694 649 1723 tam
682 1699 859 1722 onerosa
897 1681 1123 1737 imprecari
1161 1683 1369 1738 propheta
1400 1701 1481 1740 po-

66 1761 202 1809 tuisse,
230 1758 309 1800 nisi
338 1759 461 1800 sciret
501 1776 586 1801 esse
625 1760 784 1814 aliquid
822 1759 867 1799 in
902 1758 978 1799 ista
1017 1758 1228 1800 nativitate
1259 1776 1480 1816 corporea,

66 1839 181 1892 quod
214 1848 254 1879 et
283 1835 528 1893 hujusmodi
569 1835 742 1888 dignum
783 1835 1153 1877 malediCtiouibus
1171 1836 1216 1889 ⁵)
1255 1835 1479 1888 videretur,

65 1925 107 1954 et
135 1931 214 1969 pro
247 1930 332 1968 quo
362 1912 574 1964 legislator
610 1924 673 1953 tot
709 1911 995 1953 immunditias
1039 1924 1273 1963 accusaret,
1322 1915 1477 1969 quibus

64 2006 272 2042 congruas
301 1990 618 2046 purificationes
650 2001 957 2044 consequenter
974 1988 1240 2044 imponeret?
1277 1990 1473 2041 Longum

63 2078 122 2108 est
151 2077 313 2115 autem,
352 2077 391 2106 et
421 2067 586 2108 alterius
624 2066 848 2122 temporis,
887 2077 935 2107 ut
968 2066 1229 2115 testimonia,
1275 2082 1382 2120 quae
1421 2068 1474 2107 de

59 2143 271 2198 propheta
299 2142 594 2197 sumsimus,⁶)
625 2144 915 2199 explanemus:
958 2143 1056 2199 quia
1085 2160 1200 2183 nunc
1229 2159 1318 2184 non
1350 2144 1470 2185 Jere-

58 2219 181 2269 miae,
211 2220 284 2260 sed
313 2220 484 2261 Levitici
513 2219 635 2261 nobis
678 2219 946 2276 propositum
987 2231 1045 2260 est
1083 2221 1283 2261 disserere
1324 2221 1469 2262 lectio-

13 2297 22 2306 ”
56 2313 169 2338 nem.
226 2297 313 2338 Sed
344 2308 384 2337 et
412 2296 498 2337 Job
529 2312 619 2337 non
648 2295 736 2338 sine
766 2297 926 2354 Spiritu
954 2309 1096 2339 sancto
1136 2298 1338 2353 loquens,
1378 2315 1468 2340 ma-

171 2505 214 2560 1)
249 2504 400 2548 Genes.
430 2504 518 2553 XL,
548 2505 616 2547 20.

166 2574 212 2630 2)
244 2576 376 2618 Marc.
407 2575 477 2627 VI,
506 2577 571 2617 21.
688 2574 734 2628 3)
767 2575 854 2616 Cfr.
884 2575 1041 2617 Jerem.
1072 2574 1102 2618 I.

167 2643 213 2699 ⁴)
246 2643 333 2686 Cfr.
363 2648 514 2687 Jerem.
545 2645 644 2697 XX,
674 2647 740 2687 14.
772 2646 836 2686 15.
869 2645 933 2689 16.

167 2713 211 2768 5)
242 2713 359 2754 Libri
389 2715 488 2756 editi
518 2714 580 2768 (v.
613 2732 645 2756 c.
678 2715 773 2757 edd.
804 2715 912 2771 M.):
942 2715 1318 2769 „maledictionis.“
1358 2717 1455 2760 Mss.

51 2769 484 2821 ‚,maledictionibus.“
512 2772 562 2814 R.

164 2840 211 2895 ⁶)
239 2839 350 2884 Edd.
381 2839 576 2884 Merlini:
608 2840 886 2888 assumsimus‘.
