1752 3136
463 104 508 134 m
538 93 793 134 Lam-rmum
822 90 1022 132 HoMmA
1050 90 1162 131 VIII.
1439 94 1524 137 335

109 226 202 250 rum
235 208 364 249 radat,
422 205 540 246 Idem
570 219 755 258 namque
785 202 1005 243 videbatur
1038 202 1196 244 dictum
1227 203 1270 244 in
1301 220 1374 254 eo,
1407 210 1524 261 quod

111 287 269 326 dixerat
300 298 470 324 omnem
501 280 635 335 pilum
669 280 919 320 radendum.
993 279 1079 320 Sed
1109 297 1199 321 non
1229 280 1334 322 mihi
1361 281 1528 326 videtur

110 362 243 403 inanis
274 375 358 402 esse
386 357 461 399 ista
491 355 696 412 repetitio.
755 356 856 397 Vult
887 357 998 398 enim
1028 371 1320 413 peccatorem,
1357 373 1526 417 postea-

111 456 236 494 quam
266 434 391 477 suerit
418 435 618 483 mundus,
638 434 681 488 1)
709 445 988 489 posteaquam
1010 435 1297 478 remissionem
1314 455 1392 494 per
1421 454 1529 497 poe-

108 514 325 557 nitentiam
354 510 564 566 acceperit
594 522 881 567 peccatorum,
914 513 966 552 dc
994 512 1248 567 purgatione
1276 516 1421 572 capitis
1452 520 1528 560 ad-

111 606 298 639 monere,
330 600 369 630 et
398 589 577 639 barbae,
609 600 649 629 et
677 587 1024 644 superciliorum,
1071 591 1186 631 velut
1215 591 1248 633 si
1280 592 1438 634 diceret
1468 594 1528 637 ei:

112 684 217 717 ecce,
246 665 332 724 jam
348 666 393 722 2)
424 682 547 707 sanus
588 667 723 707 factus
755 682 808 715 es,
837 665 954 716 vide,
999 682 1055 708 ne
1090 668 1200 708 ultra
1240 669 1384 724 capitis
1424 687 1530 712 con-

107 746 245 787 trahas
276 744 458 799 eulpam.
518 742 677 799 Capitis
708 742 821 784 enim
850 755 1073 798 peccatum
1105 756 1185 794 est,
1215 745 1356 796 aliter,
1399 764 1529 804 quam

109 823 212 863 fides
243 820 441 863 ecclesiae
471 821 672 870 continet,
704 821 757 861 de
788 819 935 861 divinis
965 820 1118 862 sentire
1150 823 1430 875 dogmatibus.
1477 827 1529 869 In

109 901 241 941 barba
272 915 394 948 veru,
433 910 481 939 ut
520 896 762 938 meminerit
798 896 901 950 se3>
939 896 1065 938 virilis
1105 900 1246 942 aetatis
1287 902 1531 958 deposuisse

109 988 296 1033 peccata,
327 987 365 1016 et
395 959 618 1016 conversus
647 973 723 1014 fiat
750 973 857 1014 sicut
884 973 1034 1015 infans.
1101 974 1148 1016 In
1191 978 1424 1032 superciliis
1454 998 1529 1022 au·-

109 1066 195 1095 tem
225 1051 510 1105 arrogantiam
542 1048 723 1106 dejiciat,
756 1061 795 1090 et
823 1049 936 1090 male
967 1051 1124 1092 elatum
1155 1065 1202 1093 ut
1231 1055 1284 1094 ad
1315 1055 1531 1098 humilita-

110 1142 195 1171 tem
227 1129 384 1170 Christi
411 1128 584 1169 inclinet
612 1126 898 1183 supercilium.
968 1128 1170 1169 Secundo
1204 1146 1300 1183 ergo
1333 1134 1387 1173 ad
1416 1133 1532 1175 hunc

109 1208 291 1247 modum
324 1205 462 1246 omnis
490 1205 604 1261 pilus
640 1204 834 1260 corporis
862 1205 1037 1246 raditur.
1111 1206 1167 1247 Et
1195 1207 1302 1249 sicut
1331 1209 1434 1251 haec
1464 1226 1534 1263 ge-

110 1284 340 1333 minantur,
368 1283 426 1324 ita
467 1294 506 1324 et
534 1281 778 1324 vestimenta
808 1283 938 1323 semel
976 1282 1020 1324 in
1058 1283 1196 1339 prima
1236 1286 1535 1341 purificatione

109 1361 256 1402 lavisse
284 1377 374 1402 non
404 1358 582 1409 sufficit,
613 1361 686 1400 sed
715 1361 903 1400 secundo
934 1360 1220 1416 praecipitur,
1249 1374 1296 1403 ut
1324 1363 1434 1404 lavet
1463 1381 1534 1405 ve-

111 1440 306 1481 stimenta
335 1454 410 1479 sua
442 1449 482 1479 et
513 1452 668 1492 corpus
695 1453 820 1477 suum
852 1452 983 1491 aqua,
1030 1449 1069 1478 et
1097 1449 1199 1479 tunc
1230 1452 1380 1494 quarto
1412 1443 1536 1485 addi-

114 1528 203 1557 tur:
234 1527 302 1565 „et
317 1515 362 1569 4)
393 1513 579 1556 mundus
610 1515 724 1555 erit.“
791 1512 910 1554 Haec
952 1525 1092 1555 autem
1122 1515 1368 1562 fiunt-intra
1399 1531 1534 1561 castra

117 1592 290 1647 quidem
320 1593 461 1648 posito
494 1606 558 1639 e0,
589 1590 729 1631 adhuc
757 1601 899 1630 tamen
933 1602 1043 1632 extra
1075 1593 1253 1634 domum
1271 1611 1405 1639 suam.
1453 1596 1536 1637 Di-

117 1669 172 1709 cit
202 1667 327 1718 enim,
358 1679 454 1723 post
483 1678 645 1722 septem
678 1667 765 1708 dies
804 1666 936 1722 ‚,in⁵)
968 1669 1036 1710 die
1067 1681 1212 1711 octava
1241 1684 1422 1713 assumet
1454 1673 1536 1715 sibi

117 1745 223 1786 duos
254 1749 425 1796 agnos.“
482 1743 579 1785 Jam
611 1760 703 1784 non
734 1743 838 1785 alius
866 1744 1047 1794 assumit,
1076 1747 1150 1786 sed
1180 1747 1267 1803 ipse
1297 1749 1377 1790 sibi
1393 1749 1439 1805 ⁶)
1470 1766 1534 1792 as-

116 1822 253 1863 sumit.
320 1820 554 1876 „Duos‚⁷)
601 1820 764 1877 inquit,
813 1836 942 1873 agnos
982 1822 1298 1875 immaculatos,
1336 1837 1375 1866 et
1413 1842 1536 1868 ovem

115 1915 244 1940 unam
282 1898 522 1940 anniculam
553 1898 893 1948 immaculatam,
932 1910 972 1939 et
1007 1910 1088 1942 tres
1126 1901 1310 1942 decimas
1338 1902 1536 1955 similagi-

117 1976 181 2017 nis
212 1991 461 2031 conspersae
490 1975 534 2016 in
565 1976 676 2025 oleo,
708 1986 747 2016 et
771 1976 968 2033 cyathum
993 1976 1077 2017 olei
1092 1983 1277 2018 unum:“
1305 1990 1402 2034 post
1432 1981 1537 2021 haec

119 2051 266 2107 quinta
305 2052 603 2107 purificatione
638 2053 886 2109 purificatus
937 2054 1288 2110 consumemus)
1367 2056 1430 2096 Ex
1472 2057 1534 2098 his

122 2145 220 2182 ergo
239 2128 283 2184 ⁹)
315 2130 484 2170 duobus
514 2129 641 2182 agnis,
670 2147 779 2172 unus
812 2129 985 2186 quidem
1016 2131 1277 2182 immolatur,
1310 2144 1350 2173 et
1381 2133 1534 2175 dicitur

241 2352 284 2407 ¹)
314 2352 426 2394 Edd.
458 2351 652 2394 Mcrlini:
684 2357 926 2406 mundatus,
956 2368 1179 2413 postquam
1213 2369 1290 2400 etc.

237 2421 284 2478 2)
315 2422 447 2464 Deest
473 2422 616 2480 ‚,jam“
644 2423 686 2464 in
720 2424 815 2465 edd.
846 2425 907 2467 M.

241 2492 419 2589 ³2:315&
459 2499 586 2544 ‚‚se.“
651 2494 768 2536 Libri
808 2495 906 2536 editi
949 2497 1010 2552 (v.
1054 2514 1088 2540 c.
1120 2498 1215 2539 edd.
1248 2498 1356 2555 M.):
1404 2516 1538 2551 „sem-

124 2554 239 2603 per.“
290 2568 319 2590 ι.

240 2619 286 2671 ⁴)
318 2619 443 2661 Levit.
473 2619 590 2668 XIV,
619 2619 656 2662 9.
778 2620 822 2675 ⁵)
852 2621 979 2666 Levit.
1008 2623 1125 2674 XlV,
1156 2625 1222 2668 10.

241 2688 286 2741 ⁶)
319 2688 450 2730 Deest
475 2689 607 2739 „sibi“
636 2689 680 2731 in
711 2691 805 2731 edd.
837 2692 896 2733 M.
1016 2693 1060 2749 ⁷)
1091 2694 1223 2739 Levit.
1254 2696 1372 2749 XIV,
1402 2698 1467 2741 10.

241 2756 287 2811 8)
321 2757 433 2800 Edd.
462 2759 658 2801 Merlini:
689 2773 1019 2824 consummetur.

243 2826 288 2882 9)
320 2828 450 2871 Deest
477 2833 633 2883 „ergo“
661 2830 704 2872 in
736 2832 802 2874 ed.
829 2832 880 2875 R.
