1752 3136
473 119 519 149 m
548 105 798 148 anrncmu
827 104 1026 144 Honmm
1051 101 1126 143 IX.
1435 98 1520 142 349

107 220 170 278 jus
201 231 382 262 rectores
411 220 681 259 tenebrarum
711 217 876 264 harum,
905 230 1033 269 quos,
1062 212 1171 255 sicut
1200 209 1302 253 dicit
1334 211 1519 265 Aposto-

108 299 186 350 lus,
221 314 315 337 cum
337 296 378 351 ¹)
410 305 639 350 „potestate
669 290 876 341 traduxit,
917 290 1183 345 triumphans
1214 304 1285 329 eos
1316 290 1360 329 in
1389 297 1520 328 semet

108 374 241 431 ipso.“
296 370 565 423 „Traduxitf‘
638 368 739 423 Quo
768 368 972 418 traduxit,
1022 367 1101 408 nisi
1139 367 1193 408 ad
1232 380 1433 414 eremum,
1464 364 1520 403 ad

109 453 205 492 loca
235 446 424 491 deserta?
485 446 603 488 Sicut
633 445 745 487 enim
774 446 849 495 illi,
881 446 953 501 qui
985 445 1195 486 confessus
1234 454 1314 491 est,
1355 439 1520 496 aperuit

108 525 291 583 paradisi
319 523 476 580 januas,
508 525 711 566 dicendo:
755 523 910 573 „hodie
929 522 974 576 2)
1011 537 1180 562 mecum
1212 519 1290 560 eris
1320 517 1363 558 in
1393 534 1519 573 para-

111 603 200 645 diso
213 607 248 642 :“
279 612 319 641 et
348 618 425 656 per
454 602 538 641 hoc
569 599 768 643 omnibus
810 598 1100 647 credentibus,
1141 609 1179 638 et
1219 595 1519 637 confitentibus

107 678 371 730 ingrediendi
412 676 574 720 aditum
617 677 756 728 dedit,
813 693 939 732 quem
980 674 1097 732 prius
1140 675 1278 715 Adam
1316 682 1519 728 peccante

71 776 74 777 ⁷
110 757 384 800 concluserat,
455 754 561 809 Quis
609 754 720 795 enim
765 754 869 795 alius
909 751 1248 807 romphaeam3)
1277 750 1519 790 flammeam

108 846 148 873 et
173 834 420 882 versatilem,
452 847 560 887 quae
589 830 779 886 apposita
810 842 869 872 est
899 829 1112 871 custodire
1140 829 1302 880 lignum
1332 828 1450 875 vitae,
1481 837 1523 866 et

106 913 219 952 fores
249 909 452 965 paradisi,
489 919 656 964 poterat
686 906 930 949 dimovere?
992 905 1098 960 Quis
1139 905 1242 946 alius
1286 903 1521 945 Cherubim

107 987 298 1043 pervigili
337 986 545 1027 excubans
587 985 777 1027 custodia
812 984 976 1024 valebat
1022 982 1258 1030 inflectere,
1305 981 1384 1022 nisi
1433 981 1522 1035 ipse

107 1065 233 1113 solus,
264 1063 331 1104 cui
362 1062 517 1116 data4)
549 1073 608 1102 est
638 1061 773 1103 omnis
803 1071 986 1116 potestas
1014 1059 1058 1100 in
1085 1060 1206 1099 coelo
1240 1068 1279 1098 et
1307 1057 1351 1098 in
1381 1057 1521 1099 terra?

108 1141 188 1189 Ut,
231 1140 425 1194 inquam,
465 1149 633 1194 praeter
670 1137 808 1192 ipsum
839 1153 967 1178 nemo
988 1128 1111 1177 ‘alius
1142 1136 1246 1176 haec
1274 1134 1412 1173 facere
1440 1148 1522 1187 po·-

109 1217 200 1265 tuit‚
225 1216 281 1256 ita
311 1216 574 1271 principatus
605 1226 644 1255 et
672 1226 909 1270 potestates,
942 1226 980 1255 et
1007 1224 1188 1255 rectores
1218 1210 1382 1259 mundi,
1413 1226 1522 1266 quos

110 1302 328 1336 enumerat
370 1292 686 1347 Apostolus,⁵)
712 1308 855 1333 vnemo
898 1291 1002 1332 alius
1039 1301 1209 1345 poterat
1246 1287 1523 1342 triumphare,

111 1382 151 1410 et
179 1371 392 1410 abducere
421 1371 464 1411 in
496 1386 684 1411 eremum
717 1367 887 1419 inferni,
918 1365 997 1408 nisi
1016 1367 1107 1422 ipse
1137 1366 1265 1414 solus,
1295 1363 1368 1419 qui
1398 1362 1522 1404 dixit:

110 1446 423 1500 ‚,c0nfidite‚5)
464 1462 540 1498 ego
579 1445 659 1487 vici
690 1445 942 1486 mundum.“
1008 1442 1172 1484 Idcirco
1205 1457 1302 1493 ergo
1334 1457 1523 1482 necessa-

111 1524 222 1565 rium
250 1525 332 1564 fuit
360 1523 598 1564 Dominum
632 1532 671 1562 et
692 1521 956 1563 Salvatorem
985 1535 1143 1568 meum,
1170 1534 1258 1559 non
1289 1518 1428 1558 solum
1456 1517 1523 1557 in-

111 1612 175 1641 ter
202 1599 397 1640 homines
427 1600 647 1642 hominem
676 1599 804 1648 nasci,
832 1597 906 1639 sed
937 1595 1060 1637 etiam
1091 1597 1141 1637 ad
1166 1594 1332 1636 inferna
1352 1597 1524 1636 descen-

114 1678 226 1726 dere,
259 1688 305 1717 ut
341 1687 498 1717 sortem
539 1673 826 1732 apopompaei
865 1686 1069 1729 tanquam
1107 1673 1239 1713 homo
1280 1683 1448 1727 paratus
1478 1671 1524 1712 in

113 1770 301 1794 eremum
332 1752 485 1794 inferni
532 1754 780 1801 deduceret,
826 1763 951 1806 atque
986 1750 1088 1791 inde
1117 1764 1347 1800 regressus,
1393 1764 1524 1804 opere

114 1841 408 1872 consummato
440 1820 711 1871 adscenderet
742 1828 795 1869 ad
823 1839 1009 1883 patrem,
1038 1826 1183 1881 ibique
1212 1825 1376 1882 plenius
1408 1825 1525 1881 apud

114 1908 244 1948 altare
271 1907 375 1948 illud
416 1907 594 1947 coeleste
628 1905 946 1961 purificaretur,
988 1915 1036 1944 ut
1078 1902 1211 1944 carnis
1250 1915 1419 1944 nostrae
1456 1902 1523 1956 pi-

115 1999 238 2035 gnus,
287 1984 404 2038 quod
443 1999 586 2024 secum
626 1993 835 2031 evexerat,
881 1992 1085 2037 perpetua
1114 1982 1298 2036 puritate
1332 1980 1524 2019 donaret.

115 2060 196 2101 Hic
235 2075 331 2111 ergo
375 2070 434 2100 est
469 2075 590 2100 verus
629 2059 713 2101 dies
749 2056 1089 2114 propitiationis,
1135 2074 1231 2098 cum
1268 2055 1524 2112 propitiatus

116 2149 174 2178 est
211 2136 328 2177 Deus
367 2135 625 2178 hominibus.
698 2134 817 2176 Sicut
856 2147 894 2176 et
934 2135 1168 2189 Apostolus
1218 2133 1340 2174 dicit:
1387 2147 1524 2186 „quo-

114 2213 228 2253 niam
249 2213 292 2267 7)
322 2212 439 2254 Deus
471 2223 558 2253 erat
586 2212 631 2253 in
663 2211 844 2262 Christo,
873 2211 1082 2252 mundum
1099 2209 1378 2253 reconcilians
1408 2207 1525 2249 sibi.“

360 2315 445 2322 st—

232 2371 277 2427 1)
312 2369 398 2412 Cfr.
432 2370 595 2413 Coloss.
623 2371 676 2420 II,
706 2373 772 2414 15.
890 2373 935 2427 2)
965 2373 1066 2413 Luc.
1097 2369 1259 2416 ΧΧΙΙῘ,
1289 2368 1357 2410 43.

230 2440 277 2497 3)
309 2441 421 2482 Edd.
452 2439 643 2481 Merlini:
674 2442 994 2498 rhomphaeam.
1030 2467 1081 2474 —
1115 2439 1201 2481 Cfr.
1234 2437 1385 2481 Genes.
1415 2436 1488 2480 III.

230 2511 277 2565 ⁴²)
311 2511 397 2552 Cfr.
428 2510 575 2552 Matth.
607 2510 809 2561 XXVIII,
839 2511 905 2554 18.

233 2581 278 2635 ⁵)
312 2580 398 2621 Cfr.
427 2580 581 2635 Ephes.
610 2580 680 2629 VI,
715 2580 780 2621 12.

233 2650 279 2703 ⁵)
307 2650 383 2691 Ev.
414 2650 571 2691 Joann.
602 2648 719 2702 XVI,
749 2650 817 2693 33.
848 2674 899 2680 —
933 2649 1039 2691 Cod.
1080 2648 1351 2700 sangerman.
1392 2662 1523 2695 „con-

116 2706 375 2816 {ggtfaegzuia
406 2711 509 2757 ego“
538 2717 614 2747 etc.
646 2706 696 2748 R.
727 2731 779 2741 —
819 2706 929 2749 Edd.
969 2705 1162 2748 Merliui:
1205 2702 1455 2755 „confidite,
1486 2713 1525 2744 et

234 2832 278 2886 ⁷)
310 2832 348 2872 11
380 2831 478 2873 cor.
509 2832 559 2882 v,
591 2831 656 2878 19.
