1752 3136
213 107 300 150 202
813 106 1035 149 Onicssms

213 218 338 272 gerit,
371 218 487 260 verbi
517 235 660 270 causa,
709 220 865 261 animal
895 232 1140 269 mortuum,
1170 230 1241 260 aut
1271 235 1425 276 corpus
1455 222 1638 264 hominis

212 294 436 347 defuncti?
479 295 598 351 Quid
628 296 660 338 si
691 298 927 352 prophetae
958 313 1113 352 corpus
1143 295 1222 338 sit?
1261 298 1366 352 quid
1397 297 1430 339 si
1460 300 1636 354 patriar-

213 374 337 426 chae,
376 375 438 415 vcl
470 374 594 414 etiam
625 374 754 430 ipsius
784 374 1018 415 Abrahami
1049 372 1229 430 corpus?
1269 374 1372 429 quid
1415 373 1448 416 si
1479 386 1519 416 et
1549 392 1640 417 ossa

212 450 423 493 Samuelis
465 450 711 503 contigerit,
756 450 1004 492 immundus
1051 450 1162 492 crit?
1224 450 1342 505 Quid
1385 450 1417 493 si
1456 451 1638 493 Helisaci

209 544 300 570 ossa
345 526 583 581 contingat,
617 543 725 583 quae
765 539 804 568 et
841 540 1058 569 mortuum
1104 527 1330 571 suscitant?
1386 528 1638 569 Immundus

208 605 287 648 erit
315 605 409 655 ille,
449 605 522 660 qui
553 604 780 656 contingit,
818 616 858 645 et
896 604 1166 646 immundum
1209 606 1369 648 faciunt
1412 623 1502 648 ossa
1533 622 1636 660 pro-

208 685 364 740 phetae
404 683 529 724 etiam
570 681 691 721 illum
741 679 905 735 ipsum,
953 697 1080 735 quem
1129 697 1150 722 a
1192 682 1370 724 mortuis
1410 681 1639 724 suscitant?

208 762 340 811 Vide,
382 776 510 815 quam
547 757 850 799 inconveniens
888 756 939 797 sit
978 756 1160 798 ,Iudaica
1197 758 1482 812 intelligentia.
1551 758 1638 799 Sed

206 856 286 880 nos
317 837 531 878 videamus
562 833 725 890 primo,
764 831 866 887 quid
897 832 949 872 sit
978 844 1171 883 tangere,
1209 845 1250 874 et
1289 835 1381 890 quis
1410 835 1461 877 sit
1489 846 1637 883 tactus,

205 916 279 971 qui
310 913 436 954 saciat
462 911 757 959 immundum,
797 908 949 964 quis')
989 925 1088 950 vero
1119 910 1172 950 sit
1201 921 1357 959 tactus,
1399 909 1471 965 qui
1513 911 1637 951 saciat

203 991 430 1032 mundum.
488 987 723 1044 Apostolus
755 985 877 1027 dicit:
909 987 1103 1036 „bonum
1121 986 1167 1043 2)
1199 998 1259 1029 est
1289 986 1455 1028 homini
1485 986 1638 1028 mulie-

204 1085 295 1111 rem
326 1084 416 1108 non
447 1069 659 1118 tangere.“
719 1062 800 1104 Hic
830 1075 963 1104 tactus
994 1063 1242 1106 immundus
1273 1075 1355 1105 est:
1394 1064 1478 1105 hoc
1493 1063 1539 1119 3)
1579 1074 1638 1105 est

200 1145 314 1187 enim
345 1144 468 1193 illud,
499 1142 618 1198 quod
648 1139 865 1182 Dominus
894 1140 938 1181 in
969 1139 1198 1192 Evangelio
1232 1141 1354 1183 dixit:
1390 1141 1450 1191 „si
1466 1141 1512 1196 ⁴)
1543 1142 1636 1196 quis

202 1222 354 1263 viderit
380 1220 603 1261 mulierem
634 1219 687 1260 ad
719 1217 1134 1273 concupiscendum,
1178 1216 1264 1276 jam
1296 1219 1543 1259 moechatus
1575 1229 1635 1260 est

199 1316 296 1342 eam
325 1298 371 1340 in
402 1297 532 1339 corde
560 1300 680 1337 suo.“
754 1294 908 1347 Tetigit
945 1294 1059 1335 enim
1102 1312 1179 1336 cor
1207 1293 1294 1352 ejus
1325 1295 1633 1351 concupiscen-

201 1377 284 1418 tiae
312 1374 483 1423 vitium,
533 1383 574 1413 et
615 1371 836 1416 immunda
875 1373 986 1412 facta
1029 1383 1089 1412 est
1119 1373 1258 1413 anima
1291 1371 1391 1428 ejus.
1463 1371 1509 1413 Si
1539 1371 1632 1427 quis

199 1469 302 1504 ergo
335 1452 419 1492 hoc
449 1451 583 1491 modo
616 1448 747 1499 tangit
777 1448 965 1503 aliquam
996 1464 1109 1497 rem,
1140 1448 1184 1488 id
1217 1460 1296 1498 est,
1334 1449 1397 1488 vel
1428 1465 1506 1504 per
1534 1465 1631 1489 mu-

200 1529 310 1572 lieris
341 1524 746 1582 concupiscentiam,
776 1526 840 1565 vel
871 1541 950 1580 per
978 1524 1185 1580 pecuniae
1227 1524 1527 1581 cupiditatem,
1566 1527 1631 1567 vel

197 1608 282 1650 aiio
315 1605 510 1661 quolibet
536 1602 699 1659 peccati
728 1601 963 1652 desiderio,
1003 1603 1275 1644 immundum
1306 1601 1454 1654 tetigit,
1497 1614 1538 1644 et
1565 1603 1634 1644 in-

196 1683 395 1740 quinatus
435 1693 506 1723 est.
581 1680 772 1736 Oportet
814 1694 913 1730 ergo
944 1691 1006 1730 te,
1055 1680 1087 1721 si
1128 1681 1230 1735 quid
1271 1680 1355 1719 tale
1395 1678 1633 1732 contigeris,

196 1764 316 1811 scire,
347 1759 569 1815 quomodo
597 1758 754 1797 offeras
782 1755 1050 1806 sacrificium,
1078 1757 1313 1797 secundum
1347 1772 1416 1806 ca,
1448 1773 1556 1811 quae
1584 1756 1629 1798 in

194 1835 487 1893 superioribus
519 1832 869 1882 memoravimus,
915 1844 960 1874 ut
988 1834 1176 1874 mundus
1210 1832 1321 1873 effici
1349 1832 1494 1888 possis.
1553 1834 1628 1875 Vis

194 1914 272 1957 tibi
303 1912 538 1961 ostendam,
569 1927 677 1966 quae
710 1921 771 1951 est
800 1909 951 1959 anima,
984 1926 1093 1965 quae
1117 1910 1251 1961 tetigit
1270 1910 1555 1961 immundum,
1585 1923 1628 1952 et

195 1991 420 2033 immunda
452 1990 565 2030 ‘facta
604 1999 686 2040 est,
728 1998 768 2027 et
809 2003 975 2028 rursum
1007 1985 1137 2039 tetigit
1166 1988 1401 2037 mundum,
1446 1998 1487 2028 et
1513 1989 1626 2030 facta

195 2079 258 2110 est
286 2063 483 2123 mundai}
533 2064 624 2115 Illa,
655 2081 763 2121 quae
786 2063 1051 2119 profluvium
1083 2063 1298 2114 sanguinis
1328 2080 1448 2120 passa
1481 2076 1554 2116 est,
1584 2077 1630 2107 et

194 2143 383 2198 erogavit
413 2159 588 2185 omnem
617 2140 891 2184 substantiam
908 2158 1027 2183 suam
1051 2141 1095 2183 in
1123 2141 1326 2191 medicos,
1356 2158 1436 2183 nec
1465 2142 1628 2198 aliquid

192 2224 406 2279 proficere
433 2219 595 2277 potuit,
633 2236 712 2275 per
739 2218 1052 2260 immunditiam
1083 2217 1248 2274 peccati
1286 2218 1332 2259 in
1371 2219 1455 2260 hoc
1495 2220 1625 2261 devo-

192 2301 279 2342 luta
312 2311 381 2341 cst.
441 2297 655 2350 Tetigerat
693 2295 805 2337 enim
836 2308 1079 2353 peccatum,
1123 2307 1165 2336 et
1204 2294 1367 2337 idcirco
1407 2295 1623 2349 flagellum

191 2375 330 2419 carnis
361 2386 594 2431 acceperat.
654 2373 740 2416 Sed
769 2385 993 2430 postquam
1014 2372 1060 2428 ⁵)
1092 2372 1178 2414 fide
1206 2373 1333 2428 plena
1363 2371 1495 2424 tetigit
1523 2372 1620 2413 fim-

191 2453 331 2495 briam
360 2454 477 2507 Jesu,
506 2452 618 2494 stetit
647 2452 783 2493 fluxus
821 2449 1032 2503 sanguinis
1072 2448 1182 2508 ejuS,
1219 2461 1260 2490 et
1297 2460 1472 2505 repente
1510 2450 1622 2493 sacta

455 2562 534 2570 ..—

310 2648 353 2701 ι)
383 2648 495 2690 Edd.
526 2648 719 2690 Merlini:
752 2647 824 2705 qui
853 2665 953 2690 vero
986 2660 1060 2689 etc.

305 2717 352 2773 2)
383 2719 402 2759 Ι
433 2718 536 2763 Cor.
563 2719 657 2768 VH,
695 2720 735 2765 1.

305 2788 352 2842 3)
382 2788 492 2829 Edd.
525 2787 719 2829 Merlini:
751 2789 834 2830 hoc
863 2800 925 2829 est
956 2799 995 2828 et
1024 2786 1143 2836 illud,
1175 2786 1293 2841 quod
1325 2797 1400 2826 etc.

303 2857 350 2913 4)
381 2858 530 2901 Mauh.
564 2858 615 2908 V.
645 2859 711 2901 28.
835 2858 879 2912 5)
910 2858 1019 2900 Edd.
1052 2855 1250 2899 Merlini:
1278 2867 1569 2913 posteaquam.
