<?xml version="1.0" encoding="UTF-8"?>
<!DOCTYPE html PUBLIC "-//W3C//DTD XHTML 1.0 Transitional//EN"
    "http://www.w3.org/TR/xhtml1/DTD/xhtml1-transitional.dtd">
<html xmlns="http://www.w3.org/1999/xhtml" xml:lang="en" lang="en">
 <head>
  <title>
</title>
<meta http-equiv="Content-Type" content="text/html;charset=utf-8" />
  <meta name='ocr-system' content='tesseract 3.04.00' />
  <meta name='ocr-capabilities' content='ocr_page ocr_carea ocr_par ocr_line ocrx_word'/>
</head>
<body>
  <div class='ocr_page' id='page_1' title='image "./operaomniaquaegr09orig_0402.png"; bbox 0 0 1752 3136; ppageno 0'>
   <div class='ocr_carea' id='block_1_1' title="bbox 216 100 1042 165">
    <p class='ocr_par' dir='ltr' id='par_1_1' title="bbox 216 100 1042 165">
     <span class='ocr_line' id='line_1_1' title="bbox 216 100 1042 165; baseline -0.006 -1"><span class='ocrx_word' id='word_1_1' title='bbox 216 120 300 165; x_wconf 84' lang='lat'>390</span> <span class='ocrx_word' id='word_1_2' title='bbox 748 100 750 102; x_wconf 91' lang='lat'>.</span> <span class='ocrx_word' id='word_1_3' title='bbox 815 121 1042 162; x_wconf 64' lang='lat' dir='ltr'>owenius</span> 
     </span>
    </p>
   </div>
   <div class='ocr_carea' id='block_1_2' title="bbox 226 227 1719 2521">
    <p class='ocr_par' dir='ltr' id='par_1_2' title="bbox 226 227 1719 2521">
     <span class='ocr_line' id='line_1_2' title="bbox 226 227 1656 290; baseline 0.003 -17"><span class='ocrx_word' id='word_1_4' title='bbox 226 227 623 274; x_wconf 80' lang='lat' dir='ltr'>incontaminatmn.</span> <span class='ocrx_word' id='word_1_5' title='bbox 684 232 777 288; x_wconf 85' lang='lat' dir='ltr'>Ipse</span> <span class='ocrx_word' id='word_1_6' title='bbox 809 232 919 273; x_wconf 80' lang='lat' dir='ltr'>enim</span> <span class='ocrx_word' id='word_1_7' title='bbox 953 243 1065 281; x_wconf 84' lang='lat' dir='ltr'>erat,</span> <span class='ocrx_word' id='word_1_8' title='bbox 1097 233 1169 287; x_wconf 86' lang='lat' dir='ltr'>qui</span> <span class='ocrx_word' id='word_1_9' title='bbox 1205 244 1245 273; x_wconf 80' lang='lat' dir='ltr'>et</span> <span class='ocrx_word' id='word_1_10' title='bbox 1275 234 1439 276; x_wconf 90' lang='lat' dir='ltr'>dudum</span> <span class='ocrx_word' id='word_1_11' title='bbox 1471 251 1548 290; x_wconf 84' lang='lat' dir='ltr'>per</span> <span class='ocrx_word' id='word_1_12' title='bbox 1579 236 1656 277; x_wconf 88' lang='lat' dir='ltr'>Sa-</span> 
     </span>
     <span class='ocr_line' id='line_1_3' title="bbox 227 299 1658 364; baseline 0.003 -14"><span class='ocrx_word' id='word_1_13' title='bbox 227 299 451 351; x_wconf 81' lang='lat' dir='ltr'>¹omonem</span> <span class='ocrx_word' id='word_1_14' title='bbox 494 311 673 351; x_wconf 82' lang='lat' dir='ltr'>dixerat:</span> <span class='ocrx_word' id='word_1_15' title='bbox 723 308 949 364; x_wconf 85' lang='lat' dir='ltr'>„magis¹)</span> <span class='ocrx_word' id='word_1_16' title='bbox 992 321 1132 350; x_wconf 82' lang='lat' dir='ltr'>autem</span> <span class='ocrx_word' id='word_1_17' title='bbox 1185 327 1281 352; x_wconf 88' lang='lat' dir='ltr'>cum</span> <span class='ocrx_word' id='word_1_18' title='bbox 1334 328 1464 353; x_wconf 87' lang='lat' dir='ltr'>essem</span> <span class='ocrx_word' id='word_1_19' title='bbox 1504 313 1658 362; x_wconf 84' lang='lat' dir='ltr'>bonus,</span> 
     </span>
     <span class='ocr_line' id='line_1_4' title="bbox 228 386 1655 443; baseline 0.003 -17"><span class='ocrx_word' id='word_1_20' title='bbox 228 387 323 427; x_wconf 75' lang='lat' dir='ltr'>veni</span> <span class='ocrx_word' id='word_1_21' title='bbox 355 389 408 427; x_wconf 87' lang='lat' dir='ltr'>ad</span> <span class='ocrx_word' id='word_1_22' title='bbox 442 404 597 443; x_wconf 87' lang='lat' dir='ltr'>corpus</span> <span class='ocrx_word' id='word_1_23' title='bbox 626 386 1035 442; x_wconf 84' lang='lat' dir='ltr'>incoinquinatum.“</span> <span class='ocrx_word' id='word_1_24' title='bbox 1094 388 1194 428; x_wconf 74' lang='lat' dir='ltr'>Non</span> <span class='ocrx_word' id='word_1_25' title='bbox 1228 400 1287 430; x_wconf 81' lang='lat' dir='ltr'>est</span> <span class='ocrx_word' id='word_1_26' title='bbox 1318 406 1416 442; x_wconf 82' lang='lat' dir='ltr'>ergo</span> <span class='ocrx_word' id='word_1_27' title='bbox 1450 390 1655 430; x_wconf 81' lang='lat' dir='ltr'>contami-</span> 
     </span>
     <span class='ocr_line' id='line_1_5' title="bbox 229 463 1655 520; baseline 0.001 -16"><span class='ocrx_word' id='word_1_28' title='bbox 229 475 352 505; x_wconf 83' lang='lat' dir='ltr'>natus</span> <span class='ocrx_word' id='word_1_29' title='bbox 382 463 425 504; x_wconf 80' lang='lat' dir='ltr'>in</span> <span class='ocrx_word' id='word_1_30' title='bbox 455 476 601 511; x_wconf 88' lang='lat' dir='ltr'>matre,</span> <span class='ocrx_word' id='word_1_31' title='bbox 632 465 705 505; x_wconf 88' lang='lat' dir='ltr'>sed</span> <span class='ocrx_word' id='word_1_32' title='bbox 735 481 789 505; x_wconf 86' lang='lat' dir='ltr'>ne</span> <span class='ocrx_word' id='word_1_33' title='bbox 820 465 862 505; x_wconf 80' lang='lat' dir='ltr'>in</span> <span class='ocrx_word' id='word_1_34' title='bbox 893 475 1014 520; x_wconf 81' lang='lat' dir='ltr'>patre</span> <span class='ocrx_word' id='word_1_35' title='bbox 1046 466 1231 519; x_wconf 87' lang='lat' dir='ltr'>quidem.</span> <span class='ocrx_word' id='word_1_36' title='bbox 1281 465 1398 507; x_wconf 58' lang='lat' dir='ltr'>Nihil</span> <span class='ocrx_word' id='word_1_37' title='bbox 1431 466 1544 507; x_wconf 88' lang='lat' dir='ltr'>enim</span> <span class='ocrx_word' id='word_1_38' title='bbox 1576 467 1655 506; x_wconf 87' lang='lat' dir='ltr'>Jo-</span> 
     </span>
     <span class='ocr_line' id='line_1_6' title="bbox 229 540 1657 598; baseline 0.001 -16"><span class='ocrx_word' id='word_1_39' title='bbox 229 542 334 596; x_wconf 79' lang='lat' dir='ltr'>seph</span> <span class='ocrx_word' id='word_1_40' title='bbox 364 541 408 582; x_wconf 81' lang='lat' dir='ltr'>in</span> <span class='ocrx_word' id='word_1_41' title='bbox 439 542 709 593; x_wconf 73' lang='lat' dir='ltr'>generatione</span> <span class='ocrx_word' id='word_1_42' title='bbox 751 540 838 596; x_wconf 75' lang='lat' dir='ltr'>ejus</span> <span class='ocrx_word' id='word_1_43' title='bbox 867 553 1036 596; x_wconf 85' lang='lat' dir='ltr'>praeter</span> <span class='ocrx_word' id='word_1_44' title='bbox 1073 542 1350 584; x_wconf 83' lang='lat' dir='ltr'>ministerium</span> <span class='ocrx_word' id='word_1_45' title='bbox 1384 542 1588 598; x_wconf 78' lang='lat' dir='ltr'>praestitit</span> <span class='ocrx_word' id='word_1_46' title='bbox 1619 554 1657 583; x_wconf 89' lang='lat' dir='ltr'>et</span> 
     </span>
     <span class='ocr_line' id='line_1_7' title="bbox 233 618 1656 674; baseline 0.001 -16"><span class='ocrx_word' id='word_1_47' title='bbox 233 620 445 659; x_wconf 75' lang='lat' dir='ltr'>affectum.</span> <span class='ocrx_word' id='word_1_48' title='bbox 504 619 634 659; x_wconf 83' lang='lat' dir='ltr'><strong>Unde</strong></span> <span class='ocrx_word' id='word_1_49' title='bbox 667 630 705 658; x_wconf 74' lang='lat' dir='ltr'>ct,</span> <span class='ocrx_word' id='word_1_50' title='bbox 735 635 813 672; x_wconf 84' lang='lat' dir='ltr'>pro</span> <span class='ocrx_word' id='word_1_51' title='bbox 838 618 951 658; x_wconf 77' lang='lat' dir='ltr'>fideli</span> <span class='ocrx_word' id='word_1_52' title='bbox 973 618 1206 660; x_wconf 85' lang='lat' dir='ltr'>ministerio</span> <span class='ocrx_word' id='word_1_53' title='bbox 1236 620 1367 674; x_wconf 81' lang='lat' dir='ltr'>patris</span> <span class='ocrx_word' id='word_1_54' title='bbox 1400 620 1436 660; x_wconf 90' lang='lat' dir='ltr'>ei</span> <span class='ocrx_word' id='word_1_55' title='bbox 1469 620 1656 660; x_wconf 80' lang='lat' dir='ltr'>vocabu-</span> 
     </span>
     <span class='ocr_line' id='line_1_8' title="bbox 232 693 1657 753; baseline 0.001 -18"><span class='ocrx_word' id='word_1_56' title='bbox 232 696 321 736; x_wconf 90' lang='lat' dir='ltr'>lum</span> <span class='ocrx_word' id='word_1_57' title='bbox 354 696 572 751; x_wconf 84' lang='lat' dir='ltr'>Scriptura</span> <span class='ocrx_word' id='word_1_58' title='bbox 615 695 834 735; x_wconf 79' lang='lat' dir='ltr'><strong>concessit.</strong></span> <span class='ocrx_word' id='word_1_59' title='bbox 901 693 972 735; x_wconf 86' lang='lat' dir='ltr'>Sic</span> <span class='ocrx_word' id='word_1_60' title='bbox 1013 696 1123 736; x_wconf 86' lang='lat' dir='ltr'>enim</span> <span class='ocrx_word' id='word_1_61' title='bbox 1155 697 1293 738; x_wconf 68' lang='lat' dir='ltr'>&#39;Maria</span> <span class='ocrx_word' id='word_1_62' title='bbox 1337 697 1428 753; x_wconf 84' lang='lat' dir='ltr'>ipsa</span> <span class='ocrx_word' id='word_1_63' title='bbox 1473 697 1576 737; x_wconf 86' lang='lat' dir='ltr'>dicit</span> <span class='ocrx_word' id='word_1_64' title='bbox 1613 697 1657 737; x_wconf 85' lang='lat' dir='ltr'>in</span> 
     </span>
     <span class='ocr_line' id='line_1_9' title="bbox 232 770 1657 830; baseline 0.002 -18"><span class='ocrx_word' id='word_1_65' title='bbox 232 770 486 825; x_wconf 87' lang='lat' dir='ltr'>Evangelio:</span> <span class='ocrx_word' id='word_1_66' title='bbox 519 771 715 826; x_wconf 78' lang='lat' dir='ltr'>‚‚ecce,2)</span> <span class='ocrx_word' id='word_1_67' title='bbox 746 787 822 823; x_wconf 89' lang='lat' dir='ltr'>ego</span> <span class='ocrx_word' id='word_1_68' title='bbox 857 783 896 811; x_wconf 88' lang='lat' dir='ltr'>et</span> <span class='ocrx_word' id='word_1_69' title='bbox 924 783 1046 827; x_wconf 85' lang='lat' dir='ltr'>pater</span> <span class='ocrx_word' id='word_1_70' title='bbox 1075 784 1170 814; x_wconf 85' lang='lat' dir='ltr'>tuus</span> <span class='ocrx_word' id='word_1_71' title='bbox 1201 775 1390 814; x_wconf 83' lang='lat' dir='ltr'><strong>dolentes</strong></span> <span class='ocrx_word' id='word_1_72' title='bbox 1423 775 1657 830; x_wconf 84' lang='lat' dir='ltr'>quaereba-</span> 
     </span>
     <span class='ocr_line' id='line_1_10' title="bbox 233 848 1719 906; baseline 0.001 -17"><span class='ocrx_word' id='word_1_73' title='bbox 233 865 327 890; x_wconf 88' lang='lat' dir='ltr'>mus</span> <span class='ocrx_word' id='word_1_74' title='bbox 358 860 399 889; x_wconf 89' lang='lat' dir='ltr'>te</span> <span class='ocrx_word' id='word_1_75' title='bbox 415 855 437 873; x_wconf 82' lang='lat'><strong>“</strong></span> <span class='ocrx_word' id='word_1_76' title='bbox 505 848 574 889; x_wconf 81' lang='lat' dir='ltr'>Sic</span> <span class='ocrx_word' id='word_1_77' title='bbox 618 865 717 900; x_wconf 76' lang='lat' dir='ltr'>crgo</span> <span class='ocrx_word' id='word_1_78' title='bbox 758 849 873 890; x_wconf 90' lang='lat' dir='ltr'>solus</span> <span class='ocrx_word' id='word_1_79' title='bbox 914 861 972 890; x_wconf 92' lang='lat' dir='ltr'>est</span> <span class='ocrx_word' id='word_1_80' title='bbox 1017 848 1084 890; x_wconf 85' lang='lat' dir='ltr'>hic</span> <span class='ocrx_word' id='word_1_81' title='bbox 1114 851 1309 891; x_wconf 75' lang='lat' dir='ltr'>sacerdos</span> <span class='ocrx_word' id='word_1_82' title='bbox 1341 866 1538 901; x_wconf 85' lang='lat' dir='ltr'>magnus,</span> <span class='ocrx_word' id='word_1_83' title='bbox 1589 850 1660 906; x_wconf 86' lang='lat' dir='ltr'>qui</span> <span class='ocrx_word' id='word_1_84' title='bbox 1715 878 1719 880; x_wconf 95' lang='lat'><em>-</em></span> 
     </span>
     <span class='ocr_line' id='line_1_11' title="bbox 234 925 1662 982; baseline 0.001 -16"><span class='ocrx_word' id='word_1_85' title='bbox 234 942 373 981; x_wconf 87' lang='lat' dir='ltr'>neque</span> <span class='ocrx_word' id='word_1_86' title='bbox 402 926 444 966; x_wconf 84' lang='lat' dir='ltr'>in</span> <span class='ocrx_word' id='word_1_87' title='bbox 477 938 596 981; x_wconf 87' lang='lat' dir='ltr'>patre</span> <span class='ocrx_word' id='word_1_88' title='bbox 625 926 815 982; x_wconf 86' lang='lat' dir='ltr'>pollutus</span> <span class='ocrx_word' id='word_1_89' title='bbox 846 925 919 977; x_wconf 79' lang='lat' dir='ltr'>sit,</span> <span class='ocrx_word' id='word_1_90' title='bbox 959 942 1100 981; x_wconf 85' lang='lat' dir='ltr'>neque</span> <span class='ocrx_word' id='word_1_91' title='bbox 1143 927 1184 967; x_wconf 83' lang='lat' dir='ltr'>in</span> <span class='ocrx_word' id='word_1_92' title='bbox 1216 939 1363 969; x_wconf 80' lang='lat' dir='ltr'>matre.</span> <span class='ocrx_word' id='word_1_93' title='bbox 1430 928 1662 971; x_wconf 79' lang='lat' dir='ltr'>Videamus</span> 
     </span>
     <span class='ocr_line' id='line_1_12' title="bbox 235 1002 1665 1059; baseline -0.001 -15"><span class='ocrx_word' id='word_1_94' title='bbox 235 1015 388 1052; x_wconf 87' lang='lat' dir='ltr'>autem,</span> <span class='ocrx_word' id='word_1_95' title='bbox 423 1003 454 1044; x_wconf 88' lang='lat' dir='ltr'>si</span> <span class='ocrx_word' id='word_1_96' title='bbox 485 1004 625 1044; x_wconf 86' lang='lat' dir='ltr'>adhuc</span> <span class='ocrx_word' id='word_1_97' title='bbox 645 1019 870 1058; x_wconf 84' lang='lat' dir='ltr'>possumus</span> <span class='ocrx_word' id='word_1_98' title='bbox 899 1002 1059 1057; x_wconf 84' lang='lat' dir='ltr'>aliquid</span> <span class='ocrx_word' id='word_1_99' title='bbox 1089 1003 1311 1045; x_wconf 78' lang='lat' dir='ltr'><strong>sublimius</strong></span> <span class='ocrx_word' id='word_1_100' title='bbox 1344 1015 1384 1044; x_wconf 88' lang='lat' dir='ltr'>et</span> <span class='ocrx_word' id='word_1_101' title='bbox 1414 1021 1494 1059; x_wconf 87' lang='lat' dir='ltr'>pro</span> <span class='ocrx_word' id='word_1_102' title='bbox 1527 1002 1665 1054; x_wconf 81' lang='lat' dir='ltr'>digni-</span> 
     </span>
     <span class='ocr_line' id='line_1_13' title="bbox 235 1079 1664 1137; baseline -0.001 -17"><span class='ocrx_word' id='word_1_103' title='bbox 235 1091 318 1121; x_wconf 84' lang='lat' dir='ltr'>tate</span> <span class='ocrx_word' id='word_1_104' title='bbox 347 1080 453 1121; x_wconf 85' lang='lat' dir='ltr'>tanti</span> <span class='ocrx_word' id='word_1_105' title='bbox 482 1080 694 1137; x_wconf 78' lang='lat' dir='ltr'>pontificis</span> <span class='ocrx_word' id='word_1_106' title='bbox 724 1079 925 1120; x_wconf 76' lang='lat' dir='ltr'>invenire.</span> <span class='ocrx_word' id='word_1_107' title='bbox 973 1080 1100 1120; x_wconf 86' lang='lat' dir='ltr'>Pater</span> <span class='ocrx_word' id='word_1_108' title='bbox 1131 1083 1322 1122; x_wconf 85' lang='lat' dir='ltr'>omnium</span> <span class='ocrx_word' id='word_1_109' title='bbox 1356 1097 1476 1122; x_wconf 84' lang='lat' dir='ltr'>verus</span> <span class='ocrx_word' id='word_1_110' title='bbox 1508 1080 1664 1122; x_wconf 79' lang='lat' dir='ltr'>dicitur</span> 
     </span>
     <span class='ocr_line' id='line_1_14' title="bbox 237 1157 1664 1213; baseline 0.001 -16"><span class='ocrx_word' id='word_1_111' title='bbox 237 1157 368 1199; x_wconf 82' lang='lat' dir='ltr'>Deus.</span> <span class='ocrx_word' id='word_1_112' title='bbox 434 1158 618 1199; x_wconf 82' lang='lat' dir='ltr'>Matrem</span> <span class='ocrx_word' id='word_1_113' title='bbox 660 1169 801 1198; x_wconf 89' lang='lat' dir='ltr'>autem</span> <span class='ocrx_word' id='word_1_114' title='bbox 843 1158 1135 1213; x_wconf 79' lang='lat' dir='ltr'>Apostolus³&gt;</span> <span class='ocrx_word' id='word_1_115' title='bbox 1175 1159 1410 1199; x_wconf 61' lang='lat' dir='ltr'>Jerusalem</span> <span class='ocrx_word' id='word_1_116' title='bbox 1446 1157 1547 1200; x_wconf 84' lang='lat' dir='ltr'>dicit</span> <span class='ocrx_word' id='word_1_117' title='bbox 1577 1174 1664 1199; x_wconf 87' lang='lat' dir='ltr'>esse</span> 
     </span>
     <span class='ocr_line' id='line_1_15' title="bbox 240 1233 1661 1288; baseline -0.001 -13"><span class='ocrx_word' id='word_1_118' title='bbox 240 1236 479 1277; x_wconf 85' lang='lat' dir='ltr'>coelestem.</span> <span class='ocrx_word' id='word_1_119' title='bbox 550 1234 712 1276; x_wconf 80' lang='lat' dir='ltr'>Omnes</span> <span class='ocrx_word' id='word_1_120' title='bbox 753 1250 851 1286; x_wconf 84' lang='lat' dir='ltr'>ergo</span> <span class='ocrx_word' id='word_1_121' title='bbox 893 1234 965 1288; x_wconf 82' lang='lat' dir='ltr'>qui</span> <span class='ocrx_word' id='word_1_122' title='bbox 996 1245 1197 1288; x_wconf 86' lang='lat' dir='ltr'>peccant,</span> <span class='ocrx_word' id='word_1_123' title='bbox 1244 1236 1590 1276; x_wconf 73' lang='lat' dir='ltr'>contaminantur</span> <span class='ocrx_word' id='word_1_124' title='bbox 1618 1233 1661 1274; x_wconf 83' lang='lat' dir='ltr'>in</span> 
     </span>
     <span class='ocr_line' id='line_1_16' title="bbox 239 1310 1662 1368; baseline 0.001 -17"><span class='ocrx_word' id='word_1_125' title='bbox 239 1324 373 1367; x_wconf 79' lang='lat' dir='ltr'>patre,</span> <span class='ocrx_word' id='word_1_126' title='bbox 403 1330 424 1353; x_wconf 83' lang='lat' dir='ltr'>a</span> <span class='ocrx_word' id='word_1_127' title='bbox 456 1329 542 1368; x_wconf 90' lang='lat' dir='ltr'>quo</span> <span class='ocrx_word' id='word_1_128' title='bbox 575 1311 700 1352; x_wconf 82' lang='lat' dir='ltr'>creati</span> <span class='ocrx_word' id='word_1_129' title='bbox 731 1322 841 1352; x_wconf 84' lang='lat' dir='ltr'>sunt.</span> <span class='ocrx_word' id='word_1_130' title='bbox 911 1310 1007 1351; x_wconf 78' lang='lat' dir='ltr'>Sive</span> <span class='ocrx_word' id='word_1_131' title='bbox 1046 1310 1156 1350; x_wconf 86' lang='lat' dir='ltr'>enim</span> <span class='ocrx_word' id='word_1_132' title='bbox 1199 1312 1357 1363; x_wconf 82' lang='lat' dir='ltr'>egimus</span> <span class='ocrx_word' id='word_1_133' title='bbox 1389 1312 1550 1367; x_wconf 76' lang='lat' dir='ltr'>aliquid</span> <span class='ocrx_word' id='word_1_134' title='bbox 1582 1313 1662 1354; x_wconf 85' lang='lat' dir='ltr'>im-</span> 
     </span>
     <span class='ocr_line' id='line_1_17' title="bbox 239 1387 1663 1442; baseline 0.001 -14"><span class='ocrx_word' id='word_1_135' title='bbox 239 1387 371 1442; x_wconf 87' lang='lat' dir='ltr'>pium,</span> <span class='ocrx_word' id='word_1_136' title='bbox 402 1389 484 1429; x_wconf 83' lang='lat' dir='ltr'>sive</span> <span class='ocrx_word' id='word_1_137' title='bbox 515 1389 647 1429; x_wconf 86' lang='lat' dir='ltr'>locuti</span> <span class='ocrx_word' id='word_1_138' title='bbox 679 1405 846 1437; x_wconf 89' lang='lat' dir='ltr'>sumus,</span> <span class='ocrx_word' id='word_1_139' title='bbox 891 1388 975 1428; x_wconf 86' lang='lat' dir='ltr'>sive</span> <span class='ocrx_word' id='word_1_140' title='bbox 1016 1387 1290 1438; x_wconf 72' lang='lat' dir='ltr'>cogitavimus</span> <span class='ocrx_word' id='word_1_141' title='bbox 1322 1402 1470 1430; x_wconf 88' lang='lat' dir='ltr'>contra</span> <span class='ocrx_word' id='word_1_142' title='bbox 1508 1390 1663 1440; x_wconf 87' lang='lat' dir='ltr'>Deum,</span> 
     </span>
     <span class='ocr_line' id='line_1_18' title="bbox 241 1464 1662 1521; baseline 0.001 -16"><span class='ocrx_word' id='word_1_143' title='bbox 241 1482 337 1505; x_wconf 77' lang='lat' dir='ltr'>cum</span> <span class='ocrx_word' id='word_1_144' title='bbox 371 1482 459 1506; x_wconf 91' lang='lat' dir='ltr'>non</span> <span class='ocrx_word' id='word_1_145' title='bbox 492 1465 748 1506; x_wconf 73' lang='lat' dir='ltr'>credidimus</span> <span class='ocrx_word' id='word_1_146' title='bbox 778 1466 891 1514; x_wconf 91' lang='lat' dir='ltr'>Deo,</span> <span class='ocrx_word' id='word_1_147' title='bbox 924 1464 1199 1504; x_wconf 82' lang='lat' dir='ltr'>contaminati</span> <span class='ocrx_word' id='word_1_148' title='bbox 1230 1482 1374 1506; x_wconf 83' lang='lat' dir='ltr'>sumus</span> <span class='ocrx_word' id='word_1_149' title='bbox 1395 1465 1436 1506; x_wconf 89' lang='lat' dir='ltr'>in</span> <span class='ocrx_word' id='word_1_150' title='bbox 1457 1465 1502 1520; x_wconf 72' lang='lat'>⁴)</span> <span class='ocrx_word' id='word_1_151' title='bbox 1532 1478 1662 1521; x_wconf 83' lang='lat' dir='ltr'>patre.</span> 
     </span>
     <span class='ocr_line' id='line_1_19' title="bbox 241 1540 1663 1598; baseline 0 -16"><span class='ocrx_word' id='word_1_152' title='bbox 241 1544 381 1598; x_wconf 81' lang='lat' dir='ltr'>Atque</span> <span class='ocrx_word' id='word_1_153' title='bbox 412 1542 573 1583; x_wconf 79' lang='lat' dir='ltr'>utinam</span> <span class='ocrx_word' id='word_1_154' title='bbox 605 1554 705 1583; x_wconf 91' lang='lat' dir='ltr'>tunc</span> <span class='ocrx_word' id='word_1_155' title='bbox 734 1542 872 1583; x_wconf 89' lang='lat' dir='ltr'>solum</span> <span class='ocrx_word' id='word_1_156' title='bbox 912 1556 991 1597; x_wconf 82' lang='lat' dir='ltr'>per</span> <span class='ocrx_word' id='word_1_157' title='bbox 1030 1540 1369 1583; x_wconf 74' lang='lat' dir='ltr'>incredulitatem</span> <span class='ocrx_word' id='word_1_158' title='bbox 1412 1544 1569 1583; x_wconf 83' lang='lat' dir='ltr'>factum</span> <span class='ocrx_word' id='word_1_159' title='bbox 1600 1542 1663 1592; x_wconf 84' lang='lat' dir='ltr'>sit,</span> 
     </span>
     <span class='ocr_line' id='line_1_20' title="bbox 243 1617 1661 1674; baseline 0 -15"><span class='ocrx_word' id='word_1_160' title='bbox 243 1631 443 1661; x_wconf 85' lang='lat' dir='ltr'>cessatum</span> <span class='ocrx_word' id='word_1_161' title='bbox 474 1619 525 1661; x_wconf 86' lang='lat' dir='ltr'>sit</span> <span class='ocrx_word' id='word_1_162' title='bbox 555 1636 654 1660; x_wconf 79' lang='lat' dir='ltr'>vero</span> <span class='ocrx_word' id='word_1_163' title='bbox 685 1630 912 1674; x_wconf 78' lang='lat' dir='ltr'><strong>postquam</strong></span> <span class='ocrx_word' id='word_1_164' title='bbox 947 1617 1225 1659; x_wconf 75' lang='lat' dir='ltr'>credidimus!</span> <span class='ocrx_word' id='word_1_165' title='bbox 1286 1619 1356 1660; x_wconf 81' lang='lat' dir='ltr'>Sic</span> <span class='ocrx_word' id='word_1_166' title='bbox 1395 1635 1493 1671; x_wconf 79' lang='lat' dir='ltr'>ergo</span> <span class='ocrx_word' id='word_1_167' title='bbox 1538 1620 1661 1660; x_wconf 83' lang='lat' dir='ltr'>etiam</span> 
     </span>
     <span class='ocr_line' id='line_1_21' title="bbox 242 1695 1662 1746; baseline 0.001 -10"><span class='ocrx_word' id='word_1_168' title='bbox 242 1697 585 1738; x_wconf 79' lang='lat' dir='ltr'>contaminamur</span> <span class='ocrx_word' id='word_1_169' title='bbox 613 1698 657 1738; x_wconf 85' lang='lat' dir='ltr'>in</span> <span class='ocrx_word' id='word_1_170' title='bbox 687 1707 835 1745; x_wconf 88' lang='lat' dir='ltr'>matre,</span> <span class='ocrx_word' id='word_1_171' title='bbox 864 1695 897 1737; x_wconf 79' lang='lat' dir='ltr'>si</span> <span class='ocrx_word' id='word_1_172' title='bbox 930 1696 1145 1737; x_wconf 83' lang='lat' dir='ltr'>credentes</span> <span class='ocrx_word' id='word_1_173' title='bbox 1175 1697 1298 1746; x_wconf 89' lang='lat' dir='ltr'>Deo,</span> <span class='ocrx_word' id='word_1_174' title='bbox 1343 1699 1407 1738; x_wconf 83' lang='lat' dir='ltr'>vel</span> <span class='ocrx_word' id='word_1_175' title='bbox 1447 1696 1662 1738; x_wconf 83' lang='lat' dir='ltr'>ecclesiam</span> 
     </span>
     <span class='ocr_line' id='line_1_22' title="bbox 242 1771 1664 1829; baseline 0.001 -15"><span class='ocrx_word' id='word_1_176' title='bbox 242 1774 471 1822; x_wconf 86' lang='lat' dir='ltr'>laedimus,</span> <span class='ocrx_word' id='word_1_177' title='bbox 509 1775 573 1815; x_wconf 82' lang='lat' dir='ltr'>vel</span> <span class='ocrx_word' id='word_1_178' title='bbox 602 1775 836 1815; x_wconf 86' lang='lat' dir='ltr'>libertatem</span> <span class='ocrx_word' id='word_1_179' title='bbox 877 1771 1020 1813; x_wconf 86' lang='lat' dir='ltr'>matris</span> <span class='ocrx_word' id='word_1_180' title='bbox 1062 1773 1249 1814; x_wconf 81' lang='lat' dir='ltr'>coelestis</span> <span class='ocrx_word' id='word_1_181' title='bbox 1288 1774 1462 1824; x_wconf 81' lang='lat' dir='ltr'>indigna</span> <span class='ocrx_word' id='word_1_182' title='bbox 1502 1775 1664 1829; x_wconf 81' lang='lat' dir='ltr'>peccati</span> 
     </span>
     <span class='ocr_line' id='line_1_23' title="bbox 241 1849 1663 1893; baseline 0.001 -2"><span class='ocrx_word' id='word_1_183' title='bbox 241 1851 436 1891; x_wconf 82' lang='lat' dir='ltr'>servitute</span> <span class='ocrx_word' id='word_1_184' title='bbox 474 1851 712 1893; x_wconf 79' lang='lat' dir='ltr'>foedamus.</span> <span class='ocrx_word' id='word_1_185' title='bbox 789 1850 917 1891; x_wconf 84' lang='lat' dir='ltr'>Solus</span> <span class='ocrx_word' id='word_1_186' title='bbox 961 1865 1061 1889; x_wconf 79' lang='lat' dir='ltr'>vcro</span> <span class='ocrx_word' id='word_1_187' title='bbox 1105 1849 1320 1890; x_wconf 82' lang='lat' dir='ltr'>Dominus</span> <span class='ocrx_word' id='word_1_188' title='bbox 1359 1862 1502 1890; x_wconf 83' lang='lat' dir='ltr'>noster</span> <span class='ocrx_word' id='word_1_189' title='bbox 1541 1852 1663 1892; x_wconf 86' lang='lat' dir='ltr'>Jesus</span> 
     </span>
     <span class='ocr_line' id='line_1_24' title="bbox 245 1925 1663 1984; baseline 0.001 -17"><span class='ocrx_word' id='word_1_190' title='bbox 245 1925 447 1978; x_wconf 71' lang='lat' dir='ltr'>Christus,</span> <span class='ocrx_word' id='word_1_191' title='bbox 481 1928 551 1982; x_wconf 84' lang='lat' dir='ltr'>qui</span> <span class='ocrx_word' id='word_1_192' title='bbox 582 1939 803 1984; x_wconf 84' lang='lat' dir='ltr'>peccatum</span> <span class='ocrx_word' id='word_1_193' title='bbox 834 1927 987 1976; x_wconf 87' lang='lat' dir='ltr'>nescit,</span> <span class='ocrx_word' id='word_1_194' title='bbox 1024 1942 1164 1981; x_wconf 83' lang='lat' dir='ltr'>neque</span> <span class='ocrx_word' id='word_1_195' title='bbox 1194 1927 1236 1967; x_wconf 84' lang='lat' dir='ltr'>in</span> <span class='ocrx_word' id='word_1_196' title='bbox 1268 1938 1411 1982; x_wconf 84' lang='lat' dir='ltr'>patre,</span> <span class='ocrx_word' id='word_1_197' title='bbox 1452 1944 1591 1983; x_wconf 86' lang='lat' dir='ltr'>neque</span> <span class='ocrx_word' id='word_1_198' title='bbox 1621 1927 1663 1968; x_wconf 79' lang='lat' dir='ltr'>in</span> 
     </span>
     <span class='ocr_line' id='line_1_25' title="bbox 242 2003 1664 2053; baseline 0.001 -9"><span class='ocrx_word' id='word_1_199' title='bbox 242 2015 375 2044; x_wconf 89' lang='lat' dir='ltr'>matre</span> <span class='ocrx_word' id='word_1_200' title='bbox 406 2005 714 2045; x_wconf 75' lang='lat' dir='ltr'>contaminatus</span> <span class='ocrx_word' id='word_1_201' title='bbox 746 2015 827 2053; x_wconf 80' lang='lat' dir='ltr'>cst,</span> <span class='ocrx_word' id='word_1_202' title='bbox 874 2015 914 2043; x_wconf 85' lang='lat' dir='ltr'>et</span> <span class='ocrx_word' id='word_1_203' title='bbox 952 2004 1004 2043; x_wconf 92' lang='lat' dir='ltr'>de</span> <span class='ocrx_word' id='word_1_204' title='bbox 1043 2003 1194 2044; x_wconf 81' lang='lat' dir='ltr'>sanctis</span> <span class='ocrx_word' id='word_1_205' title='bbox 1237 2021 1325 2044; x_wconf 88' lang='lat' dir='ltr'>non</span> <span class='ocrx_word' id='word_1_206' title='bbox 1359 2004 1492 2049; x_wconf 70' lang='lat' dir='ltr'>exivit.</span> <span class='ocrx_word' id='word_1_207' title='bbox 1551 2006 1664 2046; x_wconf 87' lang='lat' dir='ltr'>Fue-</span> 
     </span>
     <span class='ocr_line' id='line_1_26' title="bbox 244 2081 1663 2136; baseline 0.001 -15"><span class='ocrx_word' id='word_1_208' title='bbox 244 2093 340 2122; x_wconf 86' lang='lat' dir='ltr'>rant</span> <span class='ocrx_word' id='word_1_209' title='bbox 370 2083 540 2136; x_wconf 84' lang='lat' dir='ltr'>quidem</span> <span class='ocrx_word' id='word_1_210' title='bbox 572 2082 782 2123; x_wconf 80' lang='lat' dir='ltr'>nonnulla</span> <span class='ocrx_word' id='word_1_211' title='bbox 815 2092 854 2121; x_wconf 88' lang='lat' dir='ltr'>et</span> <span class='ocrx_word' id='word_1_212' title='bbox 882 2081 925 2121; x_wconf 78' lang='lat' dir='ltr'>in</span> <span class='ocrx_word' id='word_1_213' title='bbox 956 2081 1246 2135; x_wconf 82' lang='lat' dir='ltr'>superioribus</span> <span class='ocrx_word' id='word_1_214' title='bbox 1277 2083 1562 2136; x_wconf 79' lang='lat' dir='ltr'>proponenda</span> <span class='ocrx_word' id='word_1_215' title='bbox 1585 2083 1663 2122; x_wconf 85' lang='lat' dir='ltr'>Ju-</span> 
     </span>
     <span class='ocr_line' id='line_1_27' title="bbox 246 2159 1664 2215; baseline 0.001 -17"><span class='ocrx_word' id='word_1_216' title='bbox 246 2159 382 2209; x_wconf 82' lang='lat' dir='ltr'>daeis,</span> <span class='ocrx_word' id='word_1_217' title='bbox 414 2161 467 2200; x_wconf 84' lang='lat' dir='ltr'>ad</span> <span class='ocrx_word' id='word_1_218' title='bbox 501 2176 608 2215; x_wconf 85' lang='lat' dir='ltr'>quae</span> <span class='ocrx_word' id='word_1_219' title='bbox 639 2161 899 2215; x_wconf 73' lang='lat' dir='ltr'>respondere</span> <span class='ocrx_word' id='word_1_220' title='bbox 929 2174 1018 2198; x_wconf 89' lang='lat' dir='ltr'>non</span> <span class='ocrx_word' id='word_1_221' title='bbox 1049 2170 1243 2212; x_wconf 77' lang='lat' dir='ltr'>possent,</span> <span class='ocrx_word' id='word_1_222' title='bbox 1273 2160 1346 2199; x_wconf 89' lang='lat' dir='ltr'>sed</span> <span class='ocrx_word' id='word_1_223' title='bbox 1379 2159 1538 2200; x_wconf 87' lang='lat' dir='ltr'>omissis</span> <span class='ocrx_word' id='word_1_224' title='bbox 1569 2159 1664 2208; x_wconf 87' lang='lat' dir='ltr'>illis,</span> 
     </span>
     <span class='ocr_line' id='line_1_28' title="bbox 245 2235 1664 2291; baseline -0.001 -16"><span class='ocrx_word' id='word_1_225' title='bbox 245 2236 298 2276; x_wconf 90' lang='lat' dir='ltr'>de</span> <span class='ocrx_word' id='word_1_226' title='bbox 328 2236 411 2277; x_wconf 89' lang='lat' dir='ltr'>hoc</span> <span class='ocrx_word' id='word_1_227' title='bbox 443 2236 608 2278; x_wconf 79' lang='lat' dir='ltr'>interim</span> <span class='ocrx_word' id='word_1_228' title='bbox 640 2253 838 2277; x_wconf 85' lang='lat' dir='ltr'>sermone</span> <span class='ocrx_word' id='word_1_229' title='bbox 870 2235 972 2291; x_wconf 85' lang='lat' dir='ltr'>quid</span> <span class='ocrx_word' id='word_1_230' title='bbox 1002 2236 1128 2277; x_wconf 85' lang='lat' dir='ltr'>nobis</span> <span class='ocrx_word' id='word_1_231' title='bbox 1159 2236 1322 2284; x_wconf 84' lang='lat' dir='ltr'>dicant,</span> <span class='ocrx_word' id='word_1_232' title='bbox 1362 2237 1428 2276; x_wconf 80' lang='lat' dir='ltr'>vel</span> <span class='ocrx_word' id='word_1_233' title='bbox 1458 2235 1560 2291; x_wconf 82' lang='lat' dir='ltr'>ipsi,</span> <span class='ocrx_word' id='word_1_234' title='bbox 1599 2235 1664 2276; x_wconf 81' lang='lat' dir='ltr'>vel</span> 
     </span>
     <span class='ocr_line' id='line_1_29' title="bbox 246 2311 1664 2369; baseline -0.001 -17"><span class='ocrx_word' id='word_1_235' title='bbox 246 2312 318 2368; x_wconf 82' lang='lat' dir='ltr'>qui</span> <span class='ocrx_word' id='word_1_236' title='bbox 347 2315 580 2354; x_wconf 87' lang='lat' dir='ltr'>secundum</span> <span class='ocrx_word' id='word_1_237' title='bbox 612 2313 802 2369; x_wconf 79' lang='lat' dir='ltr'>ipsorum</span> <span class='ocrx_word' id='word_1_238' title='bbox 834 2329 1001 2354; x_wconf 89' lang='lat' dir='ltr'>sensum</span> <span class='ocrx_word' id='word_1_239' title='bbox 1039 2311 1215 2363; x_wconf 77' lang='lat' dir='ltr'>intelligi</span> <span class='ocrx_word' id='word_1_240' title='bbox 1256 2314 1388 2364; x_wconf 80' lang='lat' dir='ltr'>legem</span> <span class='ocrx_word' id='word_1_241' title='bbox 1419 2313 1592 2360; x_wconf 78' lang='lat' dir='ltr'>volunt,</span> <span class='ocrx_word' id='word_1_242' title='bbox 1631 2311 1664 2352; x_wconf 88' lang='lat' dir='ltr'>si</span> 
     </span>
     <span class='ocr_line' id='line_1_30' title="bbox 246 2390 1662 2446; baseline -0.001 -17"><span class='ocrx_word' id='word_1_243' title='bbox 246 2390 347 2430; x_wconf 80' lang='lat' dir='ltr'>haec</span> <span class='ocrx_word' id='word_1_244' title='bbox 379 2393 432 2432; x_wconf 83' lang='lat' dir='ltr'>ad</span> <span class='ocrx_word' id='word_1_245' title='bbox 459 2391 707 2446; x_wconf 82' lang='lat' dir='ltr'>pontificem</span> <span class='ocrx_word' id='word_1_246' title='bbox 746 2401 936 2431; x_wconf 86' lang='lat' dir='ltr'>nostrum</span> <span class='ocrx_word' id='word_1_247' title='bbox 981 2401 1019 2430; x_wconf 91' lang='lat' dir='ltr'>et</span> <span class='ocrx_word' id='word_1_248' title='bbox 1051 2390 1313 2430; x_wconf 85' lang='lat' dir='ltr'>Salvatorem</span> <span class='ocrx_word' id='word_1_249' title='bbox 1353 2405 1441 2429; x_wconf 90' lang='lat' dir='ltr'>non</span> <span class='ocrx_word' id='word_1_250' title='bbox 1474 2390 1662 2428; x_wconf 83' lang='lat' dir='ltr'>referan-</span> 
     </span>
     <span class='ocr_line' id='line_1_31' title="bbox 246 2465 1664 2521; baseline -0.001 -15"><span class='ocrx_word' id='word_1_251' title='bbox 246 2477 325 2516; x_wconf 85' lang='lat' dir='ltr'>tur,</span> <span class='ocrx_word' id='word_1_252' title='bbox 356 2470 578 2521; x_wconf 89' lang='lat' dir='ltr'>quomodo</span> <span class='ocrx_word' id='word_1_253' title='bbox 598 2468 831 2508; x_wconf 80' lang='lat' dir='ltr'>secundum</span> <span class='ocrx_word' id='word_1_254' title='bbox 850 2466 1013 2507; x_wconf 85' lang='lat' dir='ltr'>literam</span> <span class='ocrx_word' id='word_1_255' title='bbox 1032 2466 1300 2521; x_wconf 82' lang='lat' dir='ltr'>probabitur,</span> <span class='ocrx_word' id='word_1_256' title='bbox 1333 2465 1451 2520; x_wconf 88' lang='lat' dir='ltr'>quod</span> <span class='ocrx_word' id='word_1_257' title='bbox 1484 2467 1535 2506; x_wconf 84' lang='lat' dir='ltr'>de</span> <span class='ocrx_word' id='word_1_258' title='bbox 1566 2482 1664 2506; x_wconf 89' lang='lat' dir='ltr'>san-</span> 
     </span>
    </p>
   </div>
   <div class='ocr_carea' id='block_1_3' title="bbox 196 2541 1662 2597">
    <p class='ocr_par' dir='ltr' id='par_1_3' title="bbox 196 2541 1662 2597">
     <span class='ocr_line' id='line_1_32' title="bbox 196 2541 1662 2597; baseline 0.001 -17"><span class='ocrx_word' id='word_1_259' title='bbox 196 2550 199 2551; x_wconf 72' lang='grc'>’</span> <span class='ocrx_word' id='word_1_260' title='bbox 245 2541 319 2581; x_wconf 85' lang='lat' dir='ltr'>ctis</span> <span class='ocrx_word' id='word_1_261' title='bbox 350 2558 439 2582; x_wconf 88' lang='lat' dir='ltr'>non</span> <span class='ocrx_word' id='word_1_262' title='bbox 471 2554 586 2583; x_wconf 80' lang='lat' dir='ltr'>exeat</span> <span class='ocrx_word' id='word_1_263' title='bbox 624 2558 798 2594; x_wconf 86' lang='lat' dir='ltr'>magnus</span> <span class='ocrx_word' id='word_1_264' title='bbox 835 2542 1055 2591; x_wconf 87' lang='lat' dir='ltr'>sacerdos,</span> <span class='ocrx_word' id='word_1_265' title='bbox 1103 2544 1176 2597; x_wconf 83' lang='lat' dir='ltr'>qui</span> <span class='ocrx_word' id='word_1_266' title='bbox 1216 2541 1362 2597; x_wconf 78' lang='lat' dir='ltr'>utique</span> <span class='ocrx_word' id='word_1_267' title='bbox 1407 2553 1447 2582; x_wconf 87' lang='lat' dir='ltr'>et</span> <span class='ocrx_word' id='word_1_268' title='bbox 1486 2558 1662 2583; x_wconf 88' lang='lat' dir='ltr'>uxorem</span> 
     </span>
    </p>
   </div>
   <div class='ocr_carea' id='block_1_4' title="bbox 247 2659 393 2666">
    <p class='ocr_par' dir='ltr' id='par_1_4' title="bbox 247 2659 393 2666">
     <span class='ocr_line' id='line_1_33' title="bbox 247 2659 393 2666; baseline -0.007 0"><span class='ocrx_word' id='word_1_269' title='bbox 247 2659 393 2666; x_wconf 44' lang='lat' dir='ltr'>ffi-„m-</span> 
     </span>
    </p>
   </div>
   <div class='ocr_carea' id='block_1_5' title="bbox 397 2662 571 2668">
    <p class='ocr_par' dir='ltr' id='par_1_5' title="bbox 397 2662 571 2668">
     <span class='ocr_line' id='line_1_34' title="bbox 397 2662 571 2668; baseline 0 0"><span class='ocrx_word' id='word_1_270' title='bbox 397 2662 571 2668; x_wconf 95' lang='lat' dir='ltr'> </span> 
     </span>
    </p>
   </div>
   <div class='ocr_carea' id='block_1_6' title="bbox 358 2731 1381 2856">
    <p class='ocr_par' dir='ltr' id='par_1_6' title="bbox 358 2731 1381 2856">
     <span class='ocr_line' id='line_1_35' title="bbox 366 2731 1381 2787; baseline 0.001 -17"><span class='ocrx_word' id='word_1_271' title='bbox 366 2731 408 2783; x_wconf 81' lang='lat'>¹)</span> <span class='ocrx_word' id='word_1_272' title='bbox 441 2731 539 2787; x_wconf 85' lang='lat' dir='ltr'>Sap.</span> <span class='ocrx_word' id='word_1_273' title='bbox 571 2732 793 2776; x_wconf 84' lang='lat' dir='ltr'>Salomon.</span> <span class='ocrx_word' id='word_1_274' title='bbox 824 2732 941 2780; x_wconf 81' lang='lat' dir='ltr'>VIIl,</span> <span class='ocrx_word' id='word_1_275' title='bbox 971 2733 1039 2774; x_wconf 67' lang='grc' dir='ltr'>Ἦ).</span> <span class='ocrx_word' id='word_1_276' title='bbox 1379 2763 1381 2765; x_wconf 91' lang='grc'>-</span> 
     </span>
     <span class='ocr_line' id='line_1_36' title="bbox 358 2800 1370 2856; baseline 0.002 -16"><span class='ocrx_word' id='word_1_277' title='bbox 358 2800 403 2854; x_wconf 82' lang='lat'>²)</span> <span class='ocrx_word' id='word_1_278' title='bbox 433 2801 535 2844; x_wconf 81' lang='lat' dir='ltr'>Luc.</span> <span class='ocrx_word' id='word_1_279' title='bbox 563 2801 614 2849; x_wconf 88' lang='lat' dir='ltr'>II,</span> <span class='ocrx_word' id='word_1_280' title='bbox 645 2801 711 2843; x_wconf 80' lang='grc'>48,</span> <span class='ocrx_word' id='word_1_281' title='bbox 827 2801 874 2856; x_wconf 80' lang='lat'>3)</span> <span class='ocrx_word' id='word_1_282' title='bbox 909 2800 996 2843; x_wconf 76' lang='lat' dir='ltr'>Cfr.</span> <span class='ocrx_word' id='word_1_283' title='bbox 1031 2801 1169 2842; x_wconf 84' lang='lat' dir='ltr'>Galat.</span> <span class='ocrx_word' id='word_1_284' title='bbox 1202 2801 1275 2849; x_wconf 88' lang='lat' dir='ltr'>IV,</span> <span class='ocrx_word' id='word_1_285' title='bbox 1304 2801 1370 2842; x_wconf 77' lang='grc'>26.</span> 
     </span>
    </p>
   </div>
   <div class='ocr_carea' id='block_1_7' title="bbox 359 2869 1619 2926">
    <p class='ocr_par' dir='ltr' id='par_1_7' title="bbox 359 2869 1619 2926">
     <span class='ocr_line' id='line_1_37' title="bbox 359 2869 1619 2926; baseline -0.002 -14"><span class='ocrx_word' id='word_1_286' title='bbox 359 2869 404 2924; x_wconf 71' lang='lat'>⁴)</span> <span class='ocrx_word' id='word_1_287' title='bbox 434 2870 544 2912; x_wconf 85' lang='lat' dir='ltr'>Edd.</span> <span class='ocrx_word' id='word_1_288' title='bbox 582 2871 776 2912; x_wconf 77' lang='lat' dir='ltr'>Merlini:</span> <span class='ocrx_word' id='word_1_289' title='bbox 809 2870 853 2910; x_wconf 80' lang='lat' dir='ltr'>in</span> <span class='ocrx_word' id='word_1_290' title='bbox 884 2882 1016 2926; x_wconf 84' lang='lat' dir='ltr'>patre.</span> <span class='ocrx_word' id='word_1_291' title='bbox 1077 2871 1162 2912; x_wconf 89' lang='lat' dir='ltr'>Sed</span> <span class='ocrx_word' id='word_1_292' title='bbox 1196 2881 1322 2926; x_wconf 77' lang='lat' dir='ltr'>atque</span> <span class='ocrx_word' id='word_1_293' title='bbox 1352 2869 1514 2912; x_wconf 86' lang='lat' dir='ltr'>utinam</span> <span class='ocrx_word' id='word_1_294' title='bbox 1545 2882 1619 2911; x_wconf 87' lang='lat' dir='ltr'>etc.</span> 
     </span>
    </p>
   </div>
  </div>
 </body>
</html>
