1752 3136
532 98 579 127 m
611 85 866 127 Lem-mcum
882 82 1085 124 HOMILIA
1103 82 1176 124 IV.
1475 84 1559 127 233

259 199 299 242 9.
328 197 446 239 Bene
476 207 627 246 autem,
658 196 776 251 quod
807 206 846 235 et
876 209 946 243 ea,
976 208 1084 247 quae
1123 209 1171 232 cx
1211 191 1414 234 sacrificio
1445 194 1560 235 simi-

149 274 295 328 laginis
325 276 588 322 offeruntur,
628 272 755 327 plena
794 286 925 310 manu
965 285 1061 310 cum
1103 270 1200 309 oleo
1241 269 1482 309 offeruntur
1521 283 1560 311 et

149 353 285 402 thure,
315 350 357 391 in
389 350 567 390 odorem
596 346 806 388 suavitatis
836 344 1044 386 Domino.
1113 345 1241 386 Istum
1278 345 1423 385 locum
1456 346 1557 385 bre-

149 428 254 470 viter
281 423 512 482 explanavit
542 423 773 478 Apostolus
801 421 972 471 Paulus,
1004 423 1056 462 ad
1075 422 1366 477 Philippenses
1397 422 1560 463 dicens:

149 501 419 559 „repletus¹)
448 517 563 549 sum,
605 499 812 554 accipiens
852 500 905 539 ab
941 499 1243 554 Epaphrodito
1279 514 1348 549 ea,
1394 516 1502 554 quae
1540 516 1563 540 a

150 579 269 620 vobis
297 576 418 618 missa
450 587 546 617 sunt
573 575 617 616 in
651 577 833 616 odorem
861 574 1092 624 suavitatis,
1122 573 1301 615 hostiam
1334 587 1563 630 acceptam,

149 656 385 710 placentem
424 652 562 694 Deo.“
647 653 698 692 In
734 668 820 707 quo
863 651 1066 701 ostendit,
1115 652 1232 707 quod
1273 651 1564 694 misericordia

150 730 335 785 quidem,
370 745 477 785 quae
509 745 602 782 erga
632 744 839 784 pauperes
870 728 939 777 fit,
977 730 1119 768 oleum
1148 727 1335 769 infundit
1362 729 1404 769 in
1435 729 1564 770 sacri-

148 806 247 847 ficio
278 807 382 847 Dei:
414 803 694 847 ministerium
724 820 837 854 vero,
870 805 987 860 quod
1018 804 1167 846 sanctis
1201 807 1398 856 defertur,
1426 806 1564 847 suavi-

149 894 277 924 tatem
307 883 441 924 thuris
466 881 663 938 imponit.
722 881 808 922 Sed
848 881 933 922 hoc
963 882 1090 936 plena
1129 898 1258 921 manu
1287 883 1380 923 fieri
1411 884 1566 924 debere

149 960 420 1016 praecipitur.
485 958 556 1001 Sic
588 958 698 998 enim
736 957 852 998 idem
871 959 1104 1013 Apostolus
1136 958 1249 1006 dicit,
1281 960 1376 1013 quia
1408 960 1567 1016 ‚‚qui²)

148 1053 276 1092 parce
305 1036 501 1084 seminat,
543 1050 671 1090 parce
713 1046 752 1075 et
788 1044 931 1074 metet.
1022 1033 1111 1087 Qui
1148 1046 1289 1075 autem
1317 1036 1495 1077 seminat
1523 1037 1568 1077 in

148 1112 468 1162 benedictione,
511 1113 562 1152 de
593 1110 896 1152 benedictione
927 1123 965 1152 et
997 1121 1126 1152 metet
1156 1112 1281 1152 vitam
1311 1118 1566 1154 aeternam.“

148 1190 224 1231 Est
251 1201 391 1231 tamen
421 1187 582 1244 aliquid
612 1187 656 1228 in
688 1187 780 1243 ipso
812 1187 1034 1238 sacrificio,
1065 1189 1183 1245 quod
1213 1187 1463 1229 memoriale
1495 1206 1570 1244 ap-

149 1266 357 1322 pellatur,
395 1266 512 1320 quod
545 1264 692 1305 offerri
722 1264 916 1307 Domino
956 1267 1120 1307 dicitur.
1208 1265 1298 1318 Ego
1339 1266 1372 1306 si
1400 1283 1569 1321 possem

152 1344 221 1384 die
251 1360 299 1383 ac
328 1354 454 1383 nocte
483 1341 527 1381 in
556 1343 646 1392 lege
676 1340 857 1382 Domini
887 1343 1096 1394 meditari,
1128 1355 1169 1384 et
1199 1359 1346 1383 omncs
1378 1343 1571 1398 Scriptu-

149 1437 216 1461 ras
245 1418 453 1460 memoria
484 1417 682 1467 retinere,
726 1419 978 1460 memoriale
1017 1419 1211 1461 sacrificii
1251 1418 1336 1460 mei
1376 1421 1568 1460 Domino

154 1495 412 1539 obtulissem,
501 1493 624 1534 Certe
668 1493 701 1534 si
739 1510 829 1534 non
871 1496 1014 1537 omnia
1051 1512 1294 1551 possumus,
1332 1498 1478 1538 saltem
1510 1514 1570 1547 ea,

154 1588 264 1627 quae
292 1587 408 1612 nunc
440 1571 650 1611 docentur
678 1569 721 1610 in
752 1570 954 1624 Ecclesia,
986 1574 1050 1613 vel
1082 1590 1188 1629 quae
1208 1573 1450 1624 recitantur,
1481 1591 1572 1614 mc-

151 1648 314 1690 moriae
343 1648 715 1689 commendemus:
746 1658 792 1687 ut
823 1660 1018 1690 exeuntes
1049 1651 1102 1691 de
1133 1650 1327 1702 ecclesia,
1377 1662 1416 1690 et
1445 1667 1572 1703 agen-

151 1737 215 1767 tes
247 1740 377 1780 opera
406 1722 733 1773 misericordiae,
766 1735 804 1764 et
825 1723 1048 1779 implentes
1080 1726 1218 1768 divina
1240 1739 1479 1782 praecepta,
1509 1745 1574 1769 sa-

155 1801 360 1843 crificium
394 1817 490 1842 cum
520 1800 645 1841 thure
675 1811 714 1841 et
746 1801 843 1842 oleo
876 1803 1108 1844 offeramus
1135 1804 1179 1844 in
1210 1804 1461 1845 memoriam
1479 1806 1572 1846 Do-

153 1877 287 1920 mino.
337 1880 400 1919 Ex
421 1878 482 1919 his
501 1892 598 1928 ergo
618 1877 869 1927 edoccmini,
898 1890 945 1919 ut
975 1896 1083 1935 quae
1112 1881 1282 1923 audistis
1297 1880 1341 1938 3)
1372 1881 1417 1922 iu
1439 1885 1574 1924 ecclc-

156 1955 227 2004 sia,
258 1966 461 2010 tanquam
491 1955 653 1994 munda
684 1955 895 2006 animalia,
925 1957 1054 1999 veluti
1083 1958 1344 2000 ruminantes
1375 1976 1421 1999 ca
1451 1978 1573 2001 revo-

159 2031 257 2072 cetis
287 2033 340 2073 ad
371 2031 636 2082 memoriam,
670 2044 709 2073 et
740 2050 836 2074 cum
868 2035 999 2075 corde
1019 2047 1170 2086 vestro,
1201 2051 1310 2092 quae
1335 2035 1444 2077 dicta
1463 2050 1573 2090 sunt,

160 2109 395 2155 conseratis.
457 2108 592 2162 Quod
619 2109 653 2150 si
684 2108 823 2164 aliqua
854 2112 1086 2153 memoriae
1108 2113 1408 2169 superfuerint,
1440 2127 1478 2155 et
1507 2116 1573 2156 in-

158 2186 373 2227 tellectum
411 2196 594 2226 vestrum
640 2186 950 2242 superaverint,
1000 2188 1122 2229 facite
1177 2191 1293 2244 quod
1344 2192 1574 2245 praesentis

159 2261 349 2303 mandati
380 2261 604 2303 auctoritas
633 2264 852 2319 praecipit,
885 2263 1050 2305 dicens:
1100 2268 1246 2321 „quod
1262 2266 1307 2320 4)
1337 2280 1476 2309 autem
1506 2288 1576 2311 su-

159 2338 366 2396 perfuerit
398 2339 505 2394 ex5)
538 2339 614 2390 his,
644 2341 964 2383 manducabunt
993 2342 1146 2386 Aaron
1178 2355 1218 2384 et
1248 2344 1324 2386 filii
1351 2344 1478 2403 ejus.“
1528 2347 1575 2388 Si

280 2550 324 2604 ι)
354 2549 540 2605 Philipp.
572 2549 643 2599 lv,
673 2549 738 2593 18.
858 2551 905 2605 2)
938 2550 1024 2593 cfr.
1056 2552 1095 2594 11
1128 2553 1228 2596 cor.
1258 2554 1333 2605 lx,
1362 2556 1400 2598 6.

279 2618 327 2671 3)
359 2618 466 2660 Cod.
508 2620 900 2669 sangermanensis:
953 2622 1189 2673 ‚‚audistis.“
1244 2624 1363 2667 Libri
1393 2625 1491 2668 editi
1521 2627 1577 2682 (v.

167 2693 203 2720 c.
232 2676 328 2717 cdd.
358 2675 468 2729 Μ.);
499 2676 717 2728 „auditis.“
748 2678 797 2717 R.

282 2745 330 2799 ¹²)
362 2744 488 2786 Levit.
520 2747 593 2796 VI,
625 2747 688 2789 16.

283 2813 329 2869 ⁵)
361 2813 470 2861 Cod.
517 2816 909 2871 Sangermanensis:
958 2837 1034 2873 „ex
1083 2821 1170 2874 his,
1221 2824 1581 2867 manducabunt.“
