1752 3136
233 118 316 166 148
834 118 1056 162 Omozms

232 229 450 274 transibit:
480 230 580 282 „ubi
601 231 644 286 ¹)
682 231 795 273 enim
827 231 995 288 spiritus
1025 230 1231 282 Domini,
1275 230 1334 273 ihi
1372 242 1411 272 et
1448 230 1655 277 libertas.“

235 310 293 350 Et
317 321 367 350 ut
398 309 538 349 adhuc
569 309 802 350 evidentius
835 310 906 351 snat
939 311 1055 365 qnod
1087 310 1263 360 (licitur,
1296 321 1466 350 utamur
1497 322 1536 350 ct
1568 310 1655 353 aliis

235 385 435 442 Apostoli
465 384 666 427 sensibus.
727 387 795 428 Ad
825 389 1035 443 quosdam
1074 387 1197 436 dicit,
1239 402 1345 442 quos
1376 398 1562 428 senserat
1591 387 1656 427 in-

238 479 437 518 capaces,
465 462 564 517 quia
595 463 787 519 ‚,nihil²)
832 482 901 505 me
941 462 1123 520 judicavi
1154 463 1266 504 aliud
1297 463 1404 505 scire
1433 463 1542 504 inter
1571 480 1657 512 vos,

235 541 315 582 nisi
347 540 560 582 Christum
590 542 759 590 Jesum,
799 554 836 582 et
876 542 989 582 hunc
1028 542 1313 583 crucifixumst‘
1382 541 1471 582 Istis
1503 540 1656 581 talibus

234 635 323 659 non
355 618 545 668 dicebat,
587 619 683 673 quia
723 618 937 659 Dominus
966 618 1133 674 spiritus
1173 631 1252 668 cst,
1292 635 1369 659 nec
1401 618 1568 658 dicebat
1597 617 1660 667 iis,

239 694 334 750 quia
375 693 564 735 Christus
603 693 687 733 Dei
725 694 927 749 sapientia
964 706 1034 736 est.
1103 696 1203 735 Non
1246 696 1354 736 enim
1396 693 1657 751 poterantj'f)

234 787 463 824 agnoscere
507 769 720 810 Christum
759 772 994 811 secundum
1034 771 1139 818 hoc,
1178 773 1295 825 quod
1332 771 1534 826 sapienda
1574 769 1659 812 Dei

235 860 307 896 est,
337 849 410 889 sed
448 847 682 890 secundum
723 847 829 895 hoc,
876 848 994 902 quod
1019 845 1242 887 crucifixus
1278 857 1348 886 cst.
1406 848 1472 888 Illi
1503 859 1658 896 autem,

236 923 389 980 quibus
421 923 609 965 dicebat:
649 923 923 979 „sapientiam
940 921 984 978 ⁴)
1026 922 1246 979 loquimur
1284 923 1394 963 inter
1430 925 1656 979 perfectos,

234 1001 484 1057 sapientiam
524 1013 666 1043 autem
707 1018 797 1043 non
837 1000 961 1058 hujus
1000 1001 1177 1050 saeculi,
1224 1016 1365 1055 neque
1409 999 1655 1056 prIncipum

227 1075 361 1135 'hujus
390 1079 557 1128 mundi,
586 1077 659 1134 qui
690 1079 985 1126 destruuntur,
1024 1078 1098 1119 sed
1128 1076 1348 1132 loquimur
1377 1077 1462 1117 Dei
1490 1075 1657 1132 sapien-

232 1155 334 1196 tiam
365 1155 408 1196 in
436 1154 642 1211 mysterio
674 1156 968 1196 absconditam
982 1159 1018 1195 :“
1055 1171 1147 1195 non
1178 1154 1447 1206 indigebant,
1477 1166 1524 1195 ut
1553 1154 1658 1194 Ver-

234 1233 340 1274 bum
370 1232 454 1274 Dei
489 1234 725 1274 secundum
754 1233 838 1273 hoc
873 1232 1152 1287 susciperent,
1194 1232 1312 1288 quod
1353 1249 1451 1273 caro
1495 1232 1655 1272 facturn

235 1323 306 1359 est,
336 1312 409 1351 scd
439 1311 673 1352 secundum
705 1311 814 1359 hoc,
859 1310 976 1365 quod
1016 1308 1219 1365 sapientia
1257 1309 1300 1349 in
1331 1309 1529 1368 mysterio
1565 1310 1660 1351 abs-

235 1378 419 1429 conditav
447 1398 518 1428 est.
585 1387 658 1429 Sic
688 1403 787 1440 crgo
820 1399 860 1427 et
889 1387 934 1428 in
963 1387 1047 1427 hoc
1077 1387 1176 1427 loco
1204 1386 1273 1436 iis,
1312 1387 1383 1441 qui
1416 1387 1468 1426 de
1498 1387 1658 1427 carnali

234 1465 289 1505 ad
319 1464 581 1520 spiritualem
617 1463 936 1515 intelligentiam
972 1474 1283 1518 provocantur,
1325 1462 1497 1503 dicitur:
1535 1463 1655 1512 „Do-

234 1541 435 1596 minus5)
467 1553 605 1582 autem
637 1540 805 1596 spiritus
839 1551 918 1580 est:
964 1539 1039 1580 ubi
1085 1552 1223 1581 autem
1266 1539 1434 1595 spiritus
1463 1539 1659 1590 Domini,

231 1617 294 1658 ibi
325 1628 365 1657 et
393 1617 601 1658 libertas.“
658 1616 717 1656 Ut
748 1628 888 1657 autem
921 1618 1173 1666 ostenderet,
1205 1617 1300 1672 quia
1322 1617 1412 1672 ipse
1440 1616 1526 1674 jam
1557 1634 1656 1673 per-

233 1694 348 1734 venit
379 1694 433 1735 ad
463 1691 659 1734 scientiae
690 1693 951 1743 libertatem,
992 1705 1033 1734 et
1072 1705 1215 1736 exutus
1255 1705 1314 1735 est
1355 1695 1407 1734 de
1437 1694 1655 1736 velaminis

233 1770 442 1818 servitute,
473 1770 594 1811 addit
622 1769 698 1818 his,
730 1782 769 1811 et
800 1770 920 1811 dicit:
959 1788 1064 1821 „uos
1080 1770 1124 1825 ὅ)
1169 1783 1308 1812 autem
1351 1787 1497 1813 omnes
1535 1787 1652 1812 reve-

232 1848 317 1888 lata
345 1846 451 1887 facie
483 1846 660 1899 gloriam
691 1847 873 1888 Domini
911 1848 1216 1903 speculantes.“
1282 1848 1328 1889 Si
1369 1863 1466 1898 ergo
1509 1859 1547 1888 et
1574 1864 1653 1889 nos

231 1922 473 1965 Dominum
507 1925 806 1978 deprecemur,
845 1936 891 1965 ut
920 1926 1114 1965 velamen
1155 1926 1207 1966 de
1247 1926 1378 1965 corde
1407 1936 1554 1965 nostro
1589 1925 1654 1966 di-

232 2012 384 2053 gnetur
413 2002 592 2051 auferre,
624 2018 773 2057 capere
790 2018 1011 2057 possumus
1032 2002 1351 2054 intelligentiam
1379 2000 1654 2056 spiritualem,

229 2077 265 2120 si
293 2089 439 2119 tamen
467 2091 764 2120 convertamur
793 2080 846 2119 ad
877 2079 1141 2128 Dominum,
1186 2091 1225 2120 ct.
1254 2080 1490 2121 libertatem
1521 2081 1656 2121 scien-

232 2154 318 2197 tiae
347 2154 621 2210 requiramus.
681 2156 767 2197 Sed
800 2158 1020 2210 quomodo
1051 2155 1239 2198 invenire
1267 2173 1492 2213 possumus
1524 2156 1654 2197 liber-

233 2243 376 2281 tatem,
408 2231 479 2287 qui
508 2232 709 2273 servimus
737 2231 941 2274 saeculo?
985 2233 1056 2289 qui
1083 2233 1283 2275 servimus
1312 2233 1549 2289 pecuniae?
1580 2233 1653 2288 qui

232 2309 434 2351 servimus
466 2309 680 2351 desideriis
710 2309 876 2352 carnis?
934 2309 1025 2362 Ego
1067 2327 1136 2351 me
1171 2311 1311 2366 ipsum
1342 2310 1553 2365 corripio,
1583 2326 1653 2350 me

232 2385 373 2440 ipsum
400 2384 572 2442 judico,
609 2402 685 2438 ego
725 2403 838 2427 meas
878 2387 1021 2443 culpas
1058 2403 1208 2440 arguo,
1256 2386 1435 2428 viderint
1473 2385 1545 2441 qui
1575 2402 1650 2426 au-

234 2462 376 2512 diunt,
417 2464 521 2517 quid
560 2464 614 2504 de
648 2475 777 2505 semet
813 2463 913 2519 ipsis
946 2465 1141 2507 sentiant.
1207 2464 1299 2515 Ego
1339 2462 1507 2503 interim
1540 2463 1648 2512 dico,

234 2540 367 2592 quod,
396 2540 536 2580 donee
574 2539 701 2581 alicui
732 2540 888 2581 horum
919 2541 1129 2591 deservio,
1166 2557 1255 2581 non
1293 2556 1387 2581 sum
1427 2555 1651 2581 conversus

349 2719 393 2775 1>
423 2719 462 2759 11
495 2719 593 2762 cor.
624 2721 697 2771 ΠΙ,
729 2723 793 2766 17.
914 2722 960 2778 2>
988 2722 1008 2762 1
1040 2721 1137 2763 cor.
1166 2720 1215 2772 11,
1244 2722 1284 2763 2.

346 2789 393 2842 3)
417 2788 511 2831 ·Cfr.
542 2791 562 2829 I
588 2791 699 2832 Cor.
726 2793 757 2841 Ι,
786 2795 854 2838 21.
883 2810 999 2848 seqq.
1118 2793 1162 2848 4)
1193 2793 1210 2832 I
1243 2792 1344 2833 Cor.
1376 2791 1429 2843 ll,
1459 2789 1498 2834 6.
1529 2792 1566 2833 7.

343 2857 389 2913 ⁵)
419 2859 458 2900 11
489 2858 589 2903 cor.
622 2860 695 2913 111,
726 2863 789 2907 17.
908 2862 954 2917 6)
984 2862 1024 2903 11
1055 2862 1155 2904 cor.
1185 2851 1261 2913 ΠΙ,
1291 2862 1358 2906 18.
