1752 3136
258 113 315 155 36
858 111 1082 155 Omonms

267 236 383 266 catur
413 223 630 266 indurasse
661 240 737 265 cor
764 223 1014 274 Pharaonis,
1044 241 1159 265 nunc
1189 235 1328 265 autem
1360 239 1451 264 non
1485 239 1506 263 a
1530 223 1697 279 *Domi-

267 319 341 354 no,
371 303 443 342 sed
478 301 596 356 quasi
628 313 782 357 sponte
812 301 1058 343 induratum
1092 302 1273 344 dicatur.
1346 300 1559 356 Equidem
1590 317 1698 341 con-

269 381 394 420 fiteor
422 394 489 418 me
519 378 658 419 minus
688 378 906 426 idoneum,
939 390 977 418 ct
1006 377 1145 419 minus
1178 394 1400 433 capacem,
1432 377 1505 432 qui
1536 378 1696 418 valeam

269 457 313 497 in
344 453 641 512 hujuscemodi
672 454 940 496 varietatibus
972 455 1138 496 divinae
1182 454 1411 511 sapientiae
1454 465 1611 494 secreta
1643 453 1700 494 ri-

268 533 389 574 mari.
448 531 630 572 Paulum
660 543 802 572 tamen
835 533 1091 587 Apostolum
1123 530 1274 580 viden,
1314 531 1385 586 qui
1425 542 1604 587 propter
1634 530 1699 571 in-

272 610 532 651 habitantem
563 608 607 649 in
635 623 679 648 se
707 607 898 663 spiritum
925 608 1007 649 Dei
1030 607 1170 649 dicere
1201 608 1466 659 confidenter
1495 608 1700 648 audebat:

273 686 486 738 ‚‚n0bis¹)
528 697 669 726 autem
709 686 909 725 revelavit
950 685 1169 726 Dominus
1211 701 1288 739 per
1328 686 1518 741 spiritum
1563 702 1700 726 suum.

273 763 454 820 Spiritus
486 761 596 802 enim
630 761 774 802 omnia
805 773 1040 809 scrutatur,
1083 762 1208 802 etiam
1239 762 1318 801 alta
1352 762 1478 803 Dei.“
1564 762 1704 811 Hunc,

272 842 462 895 inquam,
492 839 617 878 video
650 849 851 892 tanquam
881 837 1211 888 intelligentem,
1244 838 1347 894 quid
1379 838 1547 879 differat
1577 839 1703 879 indu-

275 928 415 958 ratum
459 932 545 956 csse
588 930 662 954 cor
704 913 967 963 Pharaonis,
1013 926 1052 955 ct
1088 914 1308 956 indurasse
1349 930 1424 954 cor
1469 914 1704 956 Pharaonis

274 992 540 1040 Dominum,
579 991 734 1032 dicere.
805 991 922 1032 Alibi
961 991 1133 1047 quidem
1176 992 1295 1033 dicit:
1342 1007 1424 1040 „an
1442 990 1486 1046 2)
1542 991 1703 1032 divitias

276 1068 481 1111 bonitatis
508 1066 608 1126 ejus,
641 1079 679 1108 et
706 1069 947 1123 patientiae,
980 1081 1018 1110 et
1048 1067 1377 1120 longanimitatis
1397 1067 1704 1121 contemnis‚³)

276 1146 475 1199 ignorans
507 1145 604 1201 quia
633 1145 836 1200 patientia
866 1145 950 1186 Dei
990 1146 1043 1186 ad
1082 1146 1388 1201 poenitentiam
1429 1158 1469 1187 te
1507 1144 1707 1188 adducit?

278 1224 524 1264 Secundum
560 1221 758 1262 duritiam
791 1234 929 1263 autem
960 1234 1091 1272 tuam,
1125 1235 1162 1264 et
1194 1239 1268 1264 cor
1298 1222 1584 1278 impoenitens
1614 1223 1704 1262 thr-

277 1300 455 1341 saurizas
486 1300 562 1341 tibi
591 1300 698 1340 iram
728 1299 772 1340 in
804 1300 872 1340 die
901 1300 1009 1350 irae,
1049 1313 1089 1342 et
1118 1301 1382 1342 revelationis
1422 1299 1518 1357 justi
1558 1298 1705 1356 judicii

278 1375 400 1416 Dei.“
461 1374 545 1415 Per
576 1378 694 1430 quod
728 1393 824 1417 eum
862 1376 951 1417 sine
983 1377 1141 1426 dubio,
1181 1378 1253 1434 qui
1292 1389 1444 1433 sponte
1483 1377 1705 1418 induratus

280 1465 351 1503 est,
383 1454 537 1509 culpat.
598 1453 713 1494 Alibi
746 1470 843 1494 vero
875 1454 985 1494 velut
1003 1454 1293 1508 quaestionem
1316 1470 1445 1510 super
1465 1454 1547 1494 hoc
1570 1469 1706 1508 quan-

279 1532 380 1572 dam
410 1546 661 1585 proponens
692 1530 816 1571 dicit:
846 1546 973 1582 „ergo
989 1529 1035 1585 4)
1063 1530 1130 1571 cui
1151 1531 1238 1571 vult
1258 1530 1493 1580 miseretur,
1525 1542 1562 1570 et
1579 1546 1706 1585 quem

280 1606 371 1648 vult
398 1605 581 1647 indurat.
643 1606 761 1648 Dicis
791 1607 933 1663 itaque
962 1606 1092 1648 mihi:
1131 1607 1234 1664 quid
1274 1607 1400 1659 igitur
1430 1607 1569 1647 adhuc
1602 1622 1705 1647 con-

284 1682 507 1738 queritur?
567 1683 788 1725 Voluntati
819 1685 929 1724 enim
964 1683 1051 1740 ejus
1083 1683 1174 1740 quis
1207 1683 1386 1726 resistit?
1419 1685 1550 1726 Addit
1582 1684 1705 1725 etiam

283 1760 370 1801 his:
404 1776 456 1810 „o
475 1760 519 1815 ⁵)
553 1760 698 1811 homo,
730 1772 773 1801 tu
805 1761 896 1816 quis
927 1777 980 1810 es,
1012 1762 1084 1816 qui
1108 1773 1254 1802 contra
1274 1762 1530 1817 respondeas
1551 1761 1648 1802 Deo
1663 1760 1707 1802 ?“

282 1836 368 1877 Per
398 1837 516 1891 quod
549 1838 602 1877 de
633 1853 707 1886 eo,
746 1836 820 1892 qui
856 1853 878 1877 a
910 1837 1104 1878 Domino
1145 1837 1300 1879 dicitur
1338 1838 1580 1887 induratus,
1616 1853 1706 1878 non

282 1925 369 1954 tam
401 1913 657 1968 quaestionis
687 1913 977 1963 absolutione,
1018 1930 1145 1969 quam
1178 1915 1424 1970 Apostolica
1455 1914 1709 1957 auctoritate

284 1989 526 2044 respondit,
556 1991 707 2040 credo,
749 2008 839 2032 non
870 1989 1061 2048 judicans
1093 1990 1288 2042 dignum,
1317 2009 1398 2047 pro
1429 1991 1707 2048 incapacitate

285 2065 543 2115 auditorum,
574 2066 725 2108 chartis
757 2079 795 2109 et
814 2079 1047 2109 atramento
1069 2066 1367 2123 hujuscemodi
1389 2068 1708 2110 absolutionum

285 2155 442 2186 secreta
473 2144 755 2186 committere.
827 2144 946 2186 Sicut
977 2157 1016 2186 et
1048 2144 1092 2185 in
1122 2146 1204 2186 alio
1236 2147 1333 2186 loco
1368 2147 1420 2209 de
1453 2146 1707 2201 quibusdam

285 2220 424 2262 verbis
454 2221 542 2276 ipse
572 2220 756 2277 dieit‚⁶)
795 2221 957 2263 audisse
996 2239 1038 2264 se
1069 2223 1303 2277 quaedam,
1346 2239 1454 2278 quae
1489 2239 1581 2263 non
1610 2222 1708 2264 licet

285 2297 533 2339 hominibus
574 2298 704 2353 loqui.
781 2297 908 2339 Unde
941 2310 979 2339 et
1014 2299 1057 2340 in
1091 2299 1444 2355 consequentibus
1476 2316 1593 2349 eum,
1634 2300 1708 2355 qui

286 2391 379 2416 non
409 2386 496 2415 tam
524 2375 763 2416 studiorum
793 2375 967 2427 merito,
1011 2392 1140 2431 quam
1175 2375 1336 2418 sciendi
1374 2377 1603 2434 cupiditate
1641 2393 1706 2419 se-

408 2583 453 2636 ¹>
484 2583 501 2622 I
534 2585 634 2627 Cor.
666 2584 717 2631 ΙΙ,
752 2585 816 2628 10.
937 2585 981 2640 ²)
1013 2584 1139 2626 Rom.
1171 2585 1222 2635 II,
1252 2586 1289 2628 4.
1321 2586 1369 2638 5.)

406 2654 450 2704 3)
483 2652 589 2693 Edd.
630 2653 824 2694 Merlini:
875 2655 1140 2697 contemnis?
1180 2657 1348 2708 ignoras
1398 2654 1497 2709 quia
1536 2678 1589 2689 —-
1629 2656 1703 2698 ad-

291 2708 435 2752 ducit?
470 2709 715 2749 Secundum
749 2722 824 2750 etc.

406 2779 449 2833 ι)
483 2779 605 2819 Rom.
637 2777 712 2827 lx,
743 2778 809 2820 18.
841 2779 906 2821 19.
1028 2779 1073 2835 ⁵)
1103 2781 1229 2823 Rom.
1261 2780 1336 2831 lx,
1366 2781 1433 2824 20.

402 2849 448 2903 ⁶)
479 2847 566 2890 cfr.
598 2848 637 2889 11
669 2846 769 2889 cor.
802 2848 900 2899 xli,
929 2849 967 2890 4„
