1752 3136
476 114 523 143 m
552 101 807 142 LEmeUM
836 98 1038 141 HommA
1058 98 1176 140 XIII.
1455 99 1538 143 409

130 232 176 258 ca
206 217 248 258 in
278 216 376 257 loco
407 219 594 257 sancto.“
635 215 782 253 Aaron
816 223 854 252 et
884 210 960 251 filii
990 210 1077 268 ejus
1107 226 1234 263 genus
1258 221 1317 252 est
1346 212 1538 264 electum,

126 310 254 346 genus
283 291 557 340 sacerdotale,
587 289 738 345 quibus
769 289 873 329 h'aec
901 288 1047 343 portio
1080 300 1324 329 sanctorum
1356 290 1542 332 donmur

127 385 149 410 a
191 368 312 418 Deo,
359 370 478 423 quod
515 383 659 409 sumus
700 381 860 413 omnes,
908 364 980 420 qui
1025 365 1234 406 credimus
1271 365 1315 406 in
1356 365 1539 410 Christo.

123 445 288 485 Locum
319 457 459 485 autern
488 454 676 485 sanctum
709 458 784 494 ego
814 440 858 481 in
878 441 999 482 terris
1029 459 1116 483 non
1135 442 1307 496 requiro
1339 443 1541 498 positum,

124 521 197 560 sed
227 520 270 561 in
304 522 445 562 corde.
503 521 640 561 Locus
672 518 783 559 enim
816 518 969 560 (licitur
994 530 1173 568 sanctus,
1204 520 1420 562 rationalis
1452 522 1543 562 ani-

123 613 216 647 ma,
256 609 434 653 propter
473 599 589 652 quod
631 608 669 636 et
697 597 928 652 Apostolus
969 595 1088 636 dicit:
1127 596 1348 650 ,‚nol1'te¹)
1395 598 1541 640 locum

125 674 226 714 dare
258 675 474 715 diabolo.“
534 674 687 715 Anima
719 689 816 725 ergo
852 689 942 712 mea
973 673 1093 713 locus
1127 684 1206 723 est,
1247 673 1280 714 si
1310 675 1420 714 male
1450 691 1542 726 ago,

122 749 302 791 diaboli:
353 750 386 792 si
424 752 556 801 bene,
603 750 699 791 Dei.
788 749 986 805 Denique
1038 760 1077 790 et
1125 749 1295 804 spiritus
1335 750 1544 803 malignus

121 843 261 878 „cum,
278 829 320 882 ²)
353 827 502 883 Inquit,
534 826 677 868 exierit
701 828 754 867 ab
779 826 968 876 homine,
1000 837 1039 867 et
1060 826 1271 868 circuierit
1296 828 1390 869 loca
1413 829 1544 880 arida,

125 915 163 944 et
192 906 382 959 requiem
412 921 502 944 non
532 904 758 953 invenerit,
787 915 889 944 tunc
921 903 1040 944 dicit:
1088 916 1273 945 revertar
1314 907 1367 947 acl
1397 906 1545 948 locum

123 997 281 1031 meum,
311 983 426 1022 unde
457 980 599 1022 exivi.“
656 982 794 1022 Locus
827 997 925 1033 ergo
957 993 1122 1022 sanctus
1163 982 1302 1023 anima
1335 995 1394 1023 est
1422 1000 1542 1039 pura.

123 1058 174 1099 In
214 1075 299 1114 quo
339 1060 439 1100 loco
480 1060 606 1099 edere
643 1059 770 1098 nobis
820 1058 1050 1098 mandatur
1101 1057 1244 1099 cibum
1291 1059 1408 1100 verbi
1449 1060 1544 1104 Dei,

122 1135 274 1191 Neque
305 1136 414 1177 enim
448 1128 657 1185 convenit,
688 1145 736 1174 ut
763 1145 907 1176 sancta
940 1136 1066 1175 verba
1097 1136 1238 1176 anima
1277 1152 1368 1176 non
1405 1150 1546 1178 sancta

122 1211 341 1267 suscipiat:
370 1213 442 1254 sed
473 1227 570 1252 cum
599 1209 887 1266 purificaverit
914 1227 958 1252 se
988 1212 1040 1251 ab
1074 1212 1540 1269 omni'inquinaruento

125 1290 259 1331 carnis
293 1300 332 1329 et
359 1305 544 1339 morum,
575 1300 676 1328 tunc
706 1289 826 1329 locus
854 1301 1020 1329 sanctus
1053 1290 1202 1330 effecta
1223 1289 1269 1345 3)
1302 1291 1445 1330 cibum
1477 1307 1545 1331 ca-

125 1365 216 1421 piat
244 1366 364 1421 panis
394 1364 529 1415 illius,
576 1365 647 1420 qui
681 1366 733 1405 de
763 1364 886 1404 coelo
921 1364 1150 1406 descendit.
1210 1367 1368 1407 Nonne
1397 1369 1548 1410 melius

125 1443 184 1484 sic
214 1443 460 1494 intelligitur
488 1443 608 1482 Iocus
640 1452 819 1491 sanctus,
852 1457 978 1496 quam
1007 1440 1041 1482 si
1066 1454 1264 1497 putemus
1294 1455 1548 1487 structuram

125 1519 319 1574 lapidum
348 1518 655 1561 insensibilium
697 1518 843 1558 locum
882 1531 1072 1560 sanctum
1117 1520 1369 1562 nominari?'
1420 1522 1550 1565 Unde

127 1596 252 1639 simili
282 1586 416 1638 modo
450 1596 574 1637 etiam
606 1595 682 1636 tibi
712 1595 777 1635 lex
807 1594 882 1636 ista
903 1597 1177 1651 proponitur,
1208 1610 1267 1648 ut,
1302 1616 1398 1640 cum
1430 1616 1549 1641 acce-

124 1674 238 1731 peris
268 1690 423 1731 panem
454 1672 701 1731 mysticum,
743 1673 788 1712 in
827 1673 926 1713 loco
966 1675 1130 1715 mundo
1163 1677 1394 1718 manduces
1426 1692 1548 1718 eum:

128 1752 213 1793 hoc
245 1763 315 1800 est,
346 1767 400 1792 ne
430 1750 475 1790 in
506 1751 646 1791 anima
678 1749 975 1800 contaminata,
1006 1763 1044 1791 et
1073 1753 1255 1806 peccatis
1272 1753 1437 1808 polluta
1470 1755 1550 1794 do-

129 1828 277 1869 minici
307 1828 501 1884 corporis
531 1837 792 1868 sacramenta
814 1825 1040 1881 percipias:
1071 1828 1344 1884 „quicunque
1360 1828 1405 1882 ⁴)
1436 1830 1551 1872 enim

127 1907 466 1955 manducaverit,
503 1904 660 1959 inquit,
692 1920 872 1959 panem,
903 1915 943 1943 et
972 1903 1130 1945 biberit
1161 1905 1334 1947 calicem
1367 1907 1549 1949 Domini

129 1984 314 2036 indigne,
343 1999 436 2024 reus
468 1980 546 2021 erit
576 1979 768 2035 corporis
809 1990 847 2019 et
886 1981 1097 2032 sanguinis
1128 1983 1320 2024 Domini.
1390 1984 1553 2026 Probet

130 2072 270 2102 autem
302 2076 345 2100 se
374 2056 684 2113 unusquisque,
726 2068 765 2097 et
802 2068 903 2098 tunc
935 2059 987 2098 de
1018 2074 1129 2113 pane
1158 2061 1398 2111 manducet,
1430 2073 1470 2102 et
1500 2064 1554 2104 de

134 2137 263 2179 calice
292 2136 450 2177 bibat.“

246 2214 284 2256 6.
317 2211 558 2266 ‚,Sancta5)
598 2211 708 2251 cuim
749 2222 994 2252 sanctorum
1039 2198 1178 2255 sulit.“
1244 2214 1394 2264 Vides,
1446 2232 1555 2270 quo-

133 2293 269 2333 modo
300 2307 389 2335 non
422 2287 525 2330 dixit
553 2300 691 2330 sancta
723 2291 1048 2354 tantummodo,
1091 2293 1165 2332 scd
1206 2304 1345 2333 sancta
1387 2305 1555 2334 sancto-

133 2384 250 2409 rum:
282 2379 330 2408 ut
358 2368 391 2408 si
422 2367 598 2415 diceret,
643 2366 760 2407 cibus
799 2365 872 2408 iste
903 2379 1071 2408 sanctus
1105 2385 1195 2409 non
1229 2380 1287 2410 est
1317 2368 1556 2410 communis

136 2445 352 2494 omnium,
397 2460 476 2484 nec
521 2442 810 2500 cujuscunque
850 2444 1038 2496 indigni,
1075 2446 1150 2487 sed
1192 2456 1436 2488 sanctorum
1486 2460 1557 2487 est.

254 2647 297 2700 ¹)
326 2646 478 2702 Ephes.
508 2648 583 2697 IV,
611 2648 678 2690 27.
799 2647 844 2702 ²)
874 2647 1024 2689 Matth.
1056 2649 1151 2699 XII,
1181 2649 1247 2692 43.
1279 2649 1346 2692 44.

252 2715 298 2770 ³)
330 2716 445 2757 Libri
477 2716 575 2782 editi
604 2718 664 2772 (e.
705 2735 736 2759 c.
769 2720 863 2759 edd.
894 2719 1000 2775 M.):
1032 2721 1209 2769 „effecta
1233 2720 1371 2777 capiat
1399 2734 1562 2776 panem

139 2774 300 2815 illum.“
357 2774 458 2816 RIss.
487 2785 533 2814 ut
564 2792 605 2815 m
637 2786 783 2817 nostro
816 2788 939 2819 textu.
972 2776 1009 2817 R

256 2844 298 2897 ι)
334 2842 351 2882 1
384 2843 483 2886 cor.
515 2843 591 2895 XI,
621 2846 688 2887 27.
810 2846 853 2901 ⁵)
885 2808 1020 2889 Lex-it..
1045 2845 1206 2902 xxw,
1238 2848 1276 2892 9.
