1752 3136
465 116 512 144 m
551 105 750 145 Exonum
782 101 984 141 HOM1L1A
1014 100 1084 140 VI.
1435 101 1491 143 59

72 217 212 258 minus
242 232 360 257 meus
390 215 510 256 Jesus
543 214 755 262 Christus,
793 229 886 252 cum
921 229 1091 253 carnem
1134 228 1179 253 ex
1211 212 1366 265 virgine
1395 214 1490 254 Ma-

74 295 132 336 ria
164 311 244 349 pro
275 293 407 334 salute
436 302 579 330 nostra
600 288 792 345 suscepit,
823 288 1079 341 glorificatus
1098 301 1158 330 est
1175 288 1360 345 quidem,
1393 292 1489 346 quia

74 371 245 426 venitl)
277 383 477 425 quaerere
508 367 625 421 quod
655 365 848 421 perierat,
879 383 970 407 non
1014 378 1154 407 tamen
1188 366 1370 419 gloriose
1401 369 1491 418 glo-

72 448 254 489 rifieatus
285 457 359 487 est.
413 443 584 488 Dicitur
615 442 725 483 enim
759 444 812 483 de
829 441 934 497 ipso,
956 443 1053 498 quia
1084 443 1289 492 „vidimus
1307 444 1350 498 2)
1382 461 1492 492 eum,

74 537 114 565 et
143 541 229 564 non
261 522 444 562 hahebat
472 520 680 575 speeiem,
727 536 867 575 neque
898 521 1134 568 decorem,
1169 533 1207 562 et
1237 522 1373 562 vultus
1405 520 1492 579 ejus

72 598 269 651 ignobilis
299 613 426 652 super
454 596 564 638 filios
594 596 861 638 hominum.“
932 596 1203 639 Glorificatus
1237 610 1295 638 est
1325 609 1366 638 et
1397 615 1490 638 cum

74 679 126 718 ad
158 692 325 717 crucem
359 673 483 723 venit,
515 684 555 714 et
583 673 756 728 pertulit
784 684 980 715 mortem.
1025 675 1096 716 Vis
1126 675 1244 724 scire,
1275 674 1371 730 quia
1402 676 1493 727 glo-

7 784 22 788 -.
74 752 257 793 rifi‘catus
289 749 378 792 est?
410 751 505 806 Ipse
537 751 725 791 dicebat:
756 750 921 801 „Pater,
940 752 984 806 3)
1015 751 1127 792 venit
1154 753 1279 792 hora:
1312 752 1493 794 clarifica

74 829 207 870 filium
237 841 381 878 tuum,
422 839 468 867 ut
498 826 608 867 filius
638 838 734 868 tuus
775 827 974 869 clarificet
1009 834 1091 870 te.“
1176 829 1280 871 Erat
1318 846 1416 882 ergo
1458 830 1496 870 ei

74 906 224 958 gloria,
255 905 379 945 etiam
412 903 502 959 ipsa
546 903 682 959 passio
717 904 868 956 crucis;
905 923 1050 947 verum
1092 905 1225 958 gloria
1265 907 1367 947 haec
1406 923 1496 947 non

76 994 164 1023 erat
195 981 389 1034 gloriosa,
418 981 491 1022 sed
520 980 703 1022 humilis.
772 981 971 1037 Denique
1013 982 1170 1023 dicitur
1201 984 1253 1023 de
1286 970 1359 1024 eo}
1389 985 1495 1034 „hu-

75 1057 310 1114 miliavit4)
343 1074 385 1099 se
415 1074 548 1112 usque
580 1059 633 1099 ad
673 1069 883 1107 mortem,
920 1071 1101 1099 mortem
1141 1072 1278 1100 autem
1322 1061 1498 1102 crucis.“

74 1137 143 1177 De
175 1153 260 1191 quo
294 1135 416 1176 etiam
437 1135 648 1191 propheta
677 1135 965 1191 praedixerat:
995 1149 1161 1185 „morte
1180 1135 1225 1192 5)
1258 1136 1498 1192 turpissima

77 1214 410 1254 condemnemus
443 1218 581 1253 eum.“
649 1213 735 1253 Sed
776 1223 815 1253 et
844 1213 988 1255 Esaias
1026 1213 1127 1254 dicit
1159 1216 1212 1255 de
1251 1231 1324 1256 eo:
1366 1214 1498 1270 „1‘n‘⁵)

77 1290 311 1331 humilitate
339 1287 547 1347 judicium
568 1285 668 1344 -ejus
697 1289 911 1329 sublatum
932 1295 1032 1331 est.“
1079 1291 1126 1331 In
1151 1290 1212 1332 his
1235 1307 1332 1343 ergo
1359 1291 1498 1332 omni-

77 1369 155 1409 bus
187 1367 441 1420 glorificatus
472 1377 531 1406 est
560 1366 791 1416 Dominus,
820 1368 906 1416 sed,
937 1378 983 1408 ut
1012 1367 1068 1408 ita
1100 1369 1252 1418 dicam,
1272 1368 1500 1418 humiliter,

77 1461 165 1484 non
199 1443 380 1496 gloriose
411 1442 667 1494 glorificatus
699 1454 770 1485 est.
829 1444 990 1484 Verum
1019 1444 1114 1499 quia
1146 1444 1335 1499 ‚,I1aec7)
1369 1463 1501 1501 opor-

77 1521 192 1561 tebat
229 1520 318 1575 pati
357 1518 593 1568 Christum,
635 1531 673 1559 et
709 1519 767 1560 sic
809 1519 989 1561 introire
1024 1520 1069 1561 in
1116 1521 1293 1572 gloriam
1333 1528 1502 1563 suam:“

81 1614 177 1638 cum
211 1596 371 1638 venerit
400 1595 444 1636 in
475 1595 606 1648 gloria
628 1594 757 1649 patris
786 1609 823 1637 et
838 1609 1083 1638 sanctorum
1107 1599 1370 1650 angelorum,
1403 1616 1498 1639 cum

79 1673 238 1714 venerit
267 1674 311 1714 in
341 1673 555 1729 majestate
586 1689 658 1712 sua
681 1670 870 1728 judicare
888 1685 1059 1724 terram,
1092 1677 1263 1730 quando
1291 1686 1330 1716 et
1353 1693 1499 1717 verum

82 1751 367 1799 Pharaonem,
400 1750 444 1790 id
476 1761 557 1799 est,
600 1750 821 1790 diabolum
853 1749 1075 1791 interficiet
1110 1751 1260 1806 spiritu
1302 1752 1386 1792 oris
1425 1752 1502 1801 sui,

81 1845 176 1869 cum
210 1843 307 1879 ergo
347 1826 572 1879 refulgebit
600 1826 642 1868 in
684 1825 899 1884 majestate
930 1827 1058 1880 patris
1088 1828 1172 1877 sui,
1213 1839 1254 1869 et
1290 1840 1388 1884 post
1427 1830 1502 1869 ad-

82 1917 251 1945 ventum
293 1903 563 1953 humilitatis,
603 1906 836 1946 secundum
885 1905 1011 1945 nobis
1050 1905 1094 1946 in
1134 1905 1266 1957 gloria
1311 1908 1503 1947 ostendet

84 1983 324 2031 adventum,
355 1991 456 2021 tunc
486 1997 575 2021 non
606 1982 745 2021 solum
788 1982 1049 2034 glorificatur
1081 1982 1320 2033 Dominus,
1360 1986 1432 2025 sed
1465 1996 1504 2025 et

82 2057 264 2112 gloriose
294 2056 566 2110 glorificatur,
599 2076 694 2099 cum
728 2074 875 2100 omnes
891 2058 946 2100 ita
978 2059 1325 2115 honorificant8)
1356 2062 1504 2111 filium,

84 2136 191 2176 sicut
219 2134 507 2175 honorificant
536 2145 713 2189 patrem.

195 2213 236 2254 2.
266 2212 464 2267 „Equum
481 2211 525 2267 9)
558 2223 596 2252 et
625 2213 920 2254 adscensorem
951 2212 1130 2270 projecit
1170 2213 1212 2254 in
1251 2231 1387 2255 mare:
1429 2216 1504 2255 ad-

82 2288 202 2346 jutor
233 2300 271 2330 et
300 2299 521 2344 protector
549 2289 683 2330 factus
714 2302 773 2331 est
800 2291 904 2332 mihi
934 2291 978 2331 in
1007 2292 1224 2332 salutemf‘
1284 2291 1505 2341 Homines,

85 2365 157 2420 qui
186 2383 266 2407 nos
294 2365 596 2420 insequuntur,
628 2365 725 2421 equi
754 2380 872 2418 sunt,
904 2379 968 2419 et,
999 2380 1046 2408 ut
1073 2368 1129 2408 ita
1161 2368 1312 2420 dicam,
1344 2386 1504 2421 omnes,

205 2566 247 2619 ¹)
280 2565 364 2608 Cfr.
396 2566 548 2609 Matth.
579 2568 738 2619 XVIII,
770 2570 835 2611 11.

202 2635 247 2690 ²)
276 2635 399 2677 Jesai.
435 2638 544 2687 LIII,
573 2641 612 2681 2.
642 2640 680 2682 3.
799 2639 844 2694 3)
876 2640 950 2680 Ev.
981 2641 1138 2683 Joann.
1168 2642 1307 2692 XVII,
1339 2643 1376 2684 1.

207 2705 254 2760 ⁴²)
282 2706 468 2762 Philipp.
500 2709 552 2758 ll,
583 2711 622 2752 8,
742 2709 787 2766 ⁵)
818 2711 918 2765 Sap.
951 2710 1035 2752 Sal.
1068 2711 1120 2761 II,
1150 2714 1217 2754 20.

206 2776 252 2830 6)
280 2776 404 2817 Jcsai.
433 2777 542 2828 LIII,
570 2779 609 2822 8.
727 2780 772 2837 ⁷)
802 2781 902 2821 Luc.
932 2781 1092 2831 XXIV,
1122 2784 1188 2825 26.

208 2845 253 2898 8)
283 2845 357 2888 Εν.
390 2846 544 2889 Joann.
578 2849 627 2899 V,
657 2851 722 2893 23.
842 2852 888 2907 9)
917 2851 1052 2894 Exod.
1082 2853 1177 2903 XV,
1210 2857 1244 2898 1.
1274 2855 1314 2896 2.
