1752 3136
260 127 318 170 30
452 125 460 131 ’
863 125 1085 168 omenms

260 241 344 284 lior
374 240 616 282 verberatus
647 240 840 282 efficitur.
899 239 992 289 Istc,
1024 239 1097 295 qui
1128 241 1262 282 modo
1294 238 1418 282 dicit:
1456 240 1627 289 „nescio
1649 239 1692 295 ¹)

259 318 502 361 Dominum
515 322 551 358 :“
579 330 726 374 postea
758 334 855 360 cum
886 316 968 358 vim
1001 317 1179 359 senserit
1214 317 1464 378 verberum,
1503 316 1691 359 dicturus

262 409 341 439 est:
374 393 581 452 „orate²)
612 412 694 452 pro
724 411 794 436 me
823 395 1087 437 Dominum:
1118 405 1157 435 et
1188 411 1277 435 non
1309 395 1448 436 solum
1480 394 1586 445 hoc,
1617 395 1691 436 sed

260 475 386 516 etiam
419 472 750 515 contestantibus
779 472 911 524 magis
948 471 1172 522 fatebitur,
1211 470 1309 527 quia
1339 471 1489 524 digitus
1519 471 1605 513 Dei
1635 484 1694 515 cst

258 553 301 595 in
334 552 485 593 virtute
525 549 760 602 signorum.
828 551 969 590 Nemo
1011 564 1109 601 ergo
1152 547 1207 590 ita
1246 548 1482 593 ineruditus
1526 549 1693 593 divinae

258 629 309 672 sit
340 628 603 685 disciplinae,
634 638 680 668 ut
709 627 874 679 flagella
907 625 1049 668 divina
1079 625 1310 682 perniciem
1351 637 1494 681 putet,
1523 638 1571 669 ut
1600 643 1693 668 ver-

256 708 360 749 bera
391 705 573 747 Domini
601 704 830 760 poenalem
862 704 1007 745 credat
1046 702 1280 745 interitum.
1344 703 1483 756 Ecce,
1521 704 1691 747 Pharao

259 780 533 827 durissimus:
563 793 705 822 tamen
737 781 909 836 proficit
938 780 1193 820 verberatus.
1247 782 1359 821 Ante
1388 783 1565 824 verbera
1595 782 1693 823 Do-

257 861 424 902 minum
454 857 607 907 nescit;
634 857 878 898 verberatus
905 856 1138 912 supplicari
1170 873 1251 912 pro
1283 874 1325 899 se
1347 858 1588 900 Dominum
1620 875 1693 900 ro-

258 950 338 990 gat.
397 937 473 978 Est
502 935 724 992 profectus
753 932 799 975 in
827 933 993 990 poenis,
1026 934 1110 974 hoc
1140 932 1281 990 ipsum
1302 950 1543 987 agnoscere,
1571 936 1691 992 quod

258 1016 464 1057 merueris
501 1002 731 1070 poenam..
777 1011 959 1062 „Nescio
978 1011 1023 1066 3)
1066 1027 1187 1064 ergo,
1238 1011 1317 1062 ait,
1355 1013 1621 1064 Dominum,
1652 1023 1692 1054 ct

258 1092 388 1133 Israel
419 1107 511 1132 non
545 1089 755 1131 dimitto.“
822 1089 909 1130 Sed
946 1088 1042 1147 vide
1080 1088 1124 1129 in
1161 1075 1689 1146 Evangeliissquomodo

258 1170 502 1210 verberatus
535 1168 733 1209 emendet
763 1167 872 1208 hanc
904 1183 1066 1207 vocem.
1111 1165 1330 1223 Scriptum
1355 1179 1414 1209 est
1434 1168 1560 1219 enim,
1592 1168 1690 1223 quia

257 1247 549 1287 clamaverunt
580 1246 812 1287 daemones
833 1244 887 1285 ad
906 1243 1162 1293 Dominum,
1192 1256 1230 1285 et
1250 1243 1467 1286 dixerunt:
1498 1245 1630 1300 „quid
1645 1243 1690 1299 ⁴¹)

255 1323 402 1365 venisti
434 1335 530 1364 ante
558 1334 727 1377 tempus
756 1333 960 1376 torquere
989 1320 1098 1363 nos?
1129 1321 1298 1363 Scimus
1328 1334 1381 1373 te,
1412 1321 1485 1378 qui
1515 1322 1590 1363 sis:
1622 1320 1690 1363 Tu

256 1418 297 1444 es
328 1401 439 1442 filius
471 1386 553 1441 Dei
584 1399 703 1441 vivi.“
753 1398 841 1438 Ubi
871 1409 1085 1439 tormenta
1115 1412 1350 1449 senserunt,
1378 1399 1517 1441 sciunt
1532 1399 1689 1441 Domi·
1721 1450 1734 1457 δ

253 1495 372 1519 num.
432 1481 545 1518 Ante
574 1476 739 1528 flagella
771 1475 895 1516 dicit:
929 1476 1098 1525 „nescio
1117 1475 1160 1531 ⁵)
1191 1476 1456 1526 Dominum,
1493 1487 1533 1517 et
1561 1475 1691 1517 Israel

253 1572 344 1597 non
387 1553 553 1596 dimitto
568 1560 604 1594 :“
645 1555 719 1596 sed
756 1563 904 1609 postea
947 1552 1075 1593 Israel
1107 1551 1301 1602 dimittit.
1340 1565 1380 1595 et
1417 1570 1510 1595 non
1548 1553 1690 1595 solum

254 1633 448 1682 dimittit,
487 1633 561 1673 sed
610 1643 649 1672 et
686 1630 779 1686 ipse
817 1629 1065 1685 perurgebit
1103 1646 1201 1671 eum
1233 1631 1356 1671 exire.
1415 1632 1544 1673 Nulla
1577 1631 1690 1672 enim

253 1710 489 1766 societasss)
521 1708 627 1751 lucis
657 1709 710 1749 ad
741 1708 957 1760 tenebras3
983 1708 1101 1748 nulla
1122 1723 1219 1762 pars
1238 1706 1357 1748 fideli
1387 1725 1485 1749 eum
1513 1709 1690 1750 infideli.

255 1788 343 1829 Sed
378 1787 481 1843 quid
515 1786 656 1827 adhuc
700 1785 818 1826 addit
856 1785 902 1826 in
941 1784 1154 1839 responsis
1189 1782 1303 1826 suis?
1339 1784 1592 1847 „Quare,⁷)
1624 1784 1691 1826 in-

256 1865 359 1921 quit,
392 1865 549 1913 Moses,
581 1874 621 1903 et
651 1864 820 1912 Aaron,
860 1861 1096 1917 pervertitis
1125 1863 1339 1918 populum
1373 1863 1425 1903 ab
1459 1860 1691 1918 operibus?

254 1942 474 1984 Discedite
503 1940 795 1996 unusquisque
827 1941 880 1981 ad
914 1956 1021 1995 opus
1052 1944 1279 1980 vestrum.“
1351 1939 1506 1980 Donec
1543 1955 1688 1980 secum

256 2031 314 2062 est
342 2020 545 2076 populuS,
577 2029 615 2058 et
644 2018 782 2058 lutum
814 2027 1028 2072 operatur,
1059 2033 1106 2057 ac
1137 2016 1334 2067 laterem3
1364 2016 1505 2057 donec
1535 2017 1580 2057 in
1610 2032 1690 2072 pa-

253 2098 329 2139 leis
367 2107 602 2151 occupatus
645 2106 722 2145 est,
774 2111 865 2135 non
907 2104 1031 2150 putat
1069 2110 1165 2134 eum
1200 2110 1284 2136 esse
1316 2110 1586 2150 perversum,
1615 2093 1690 2136 sed

254 2187 373 2217 recto
406 2174 556 2215 itinere
584 2173 798 2214 incedere.
857 2171 904 2212 Si
934 2188 1034 2213 vero
1068 2171 1192 2221 dicat,
1227 2173 1327 2213 volo
1352 2171 1414 2213 ire
1429 2170 1541 2213 viam
1559 2172 1688 2213 trium

255 2253 421 2294 dierum
465 2263 506 2292 et
543 2249 697 2292 servire
733 2247 953 2297 Domino,
999 2248 1184 2304 perverti
1220 2251 1435 2306 populum
1475 2249 1577 2291 dicit
1612 2252 1720 2304 per‘

254 2330 411 2371 BIosen
443 2340 482 2369 et
512 2329 673 2369 Aaron.
733 2326 832 2367 Hoc
861 2326 1037 2384 quidem
1081 2326 1303 2369 dicebatur
1334 2326 1528 2382 antiquis.
1601 2325 1689 2366 Sed

257 2419 298 2448 et
326 2407 458 2448 hodie
490 2407 524 2447 si
555 2406 697 2447 Moses
728 2417 768 2446 et
798 2405 960 2453 Aaron,
993 2403 1037 2444 id
1069 2415 1139 2453 est,
1171 2404 1450 2461 propheticus
1482 2414 1522 2444 et
1551 2418 1689 2446 sacer-

377 2603 418 2657 ¹)
450 2601 586 2643 Exod.
617 2602 669 2650 V,
698 2602 737 2643 2.
857 2598 903 2655 ²)
933 2599 1080 2642 Exod,
1102 2599 1218 2649 VIII,
1243 2598 1288 2642 Β.

373 2672 420 2728 3)
450 2672 589 2712 Exod.
620 2671 671 2719 V,
702 2671 741 2712 2.
778 2663 947 2725 οοΙΙ.Ῥ.
976 2670 1047 2713 29.
1078 2681 1169 2711 not.
1200 2671 1239 2711 2.

374 2743 420 2798 4)
446 2741 598 2783 Matth.
630 2739 741 2790 VIII,
768 2741 835 2782 29.
871 2741 967 2781 coll.
999 2739 1135 2781 Marc.
1164 2740 1195 2790 I,
1225 2739 1293 2781 24.

375 2812 421 2866 ⁵)
452 2812 588 2852 Exod.
622 2808 670 2859 V,
700 2812 739 2851 2.
772 2811 868 2850 coll.
899 2825 994 2865 pag.
1025 2808 1115 2867 huj.
1145 2819 1236 2850 not.
1266 2809 1306 2851 3.
1562 2840 1567 2848 .

372 2882 418 2937 ὃ)
450 2881 537 2924 Csr.
572 2880 610 2920 II
642 2879 742 2921 Cor.
774 2879 847 2928 VI,
879 2883 943 2928 14.
975 2881 1041 2923 15.
1161 2877 1211 2933 ⁷)
1240 2878 1376 2920 Exod.
1408 2878 1461 2929 V,
1489 2877 1530 2920 4.
