1752 3136
552 148 598 178 m
628 136 830 177 Exonum
861 133 1062 175 HonnmA
1092 133 1122 173 Ι.
1496 131 1552 178 13

124 264 208 294 tem
249 249 538 304 congregavit,
588 264 695 303 quos
734 264 824 289 non
865 245 1016 298 genuit.
1084 245 1139 286 Et
1176 243 1274 285 ideo
1315 243 1552 285 remanebit

124 331 272 371 stultus
303 329 349 370 in
377 324 613 368 novissimis
643 323 749 373 suis,
788 339 884 363 cum
916 324 971 364 ad
1001 325 1208 385 factorem
1241 333 1281 362 et
1311 322 1364 363 ad
1396 338 1551 377 paren-

124 419 209 448 tem
240 421 362 448 suum
393 401 599 452 universa,
631 416 740 456 quae
768 416 883 441 nunc
913 416 995 454 pro
1027 399 1152 441 huius
1181 398 1411 455 tyrannide
1445 414 1552 439 con-

125 482 324 536 gemiscit,
357 492 546 521 creatura
578 477 847 528 confugerit.
886 476 942 516 Et
972 477 1056 517 hoc
1079 476 1334 528 indignatur,
1367 486 1406 516 et
1429 474 1551 516 dicit·

124 558 263 615 ,‚ne¹)
295 568 602 613 expugnantes,
632 553 791 610 inquit,
822 570 922 603 nos,
963 565 1111 594 exeant
1142 555 1194 594 de
1223 565 1335 594 terra
1366 556 1553 594 nostraf‘

123 638 223 677 Non
252 636 341 675 vult
367 644 448 675 :nos
475 633 585 674 exire
616 633 668 673 de
698 643 807 672 terra
839 648 926 680 sua,
957 633 1028 672 sed
1050 632 1155 686 vult,
1180 643 1226 671 ut
1252 646 1420 685 semper
1448 645 1553 685 por-

124 725 258 754 temus
297 710 523 764 imaginem
566 707 736 749 terreni.
805 708 851 749 Si
891 708 1004 750 enim
1044 710 1097 750 ad
1137 707 1422 766 adversarium
1463 705 1551 763 ejus

126 787 454 840 confugerimus,
484 803 596 836 eum,
629 786 699 841 qui
730 785 854 825 nobis
873 785 1140 842 praeparavit
1159 801 1286 837 regna
1316 786 1552 835 coelorum,

123 882 294 909 necesse
325 877 397 914 est,
425 876 471 906 ut
500 863 789 919 relinquamus
819 863 1045 916 imaginem
1076 862 1247 912 terreni,
1279 874 1317 903 et
1346 861 1549 917 suseipia-

124 962 218 986 mus
249 942 475 996 imaginem
515 940 716 982 coelestis,
785 941 1020 996 Propterea
1059 957 1158 993 ergo
1197 939 1368 980 Pharao
1409 937 1552 980 statuit

125 1021 346 1074 magistros
377 1034 580 1073 operum,
621 1017 695 1073 qui
731 1035 810 1059 nos
850 1036 943 1060 suas
981 1030 1088 1059 artes
1120 1021 1325 1065 doceant,
1371 1014 1443 1071 qui
1473 1032 1552 1057 nos

128 1099 305 1141 artifices
336 1095 523 1137 malitiae
551 1094 733 1144 faciant,
765 1095 836 1151 qui
865 1096 990 1138 nobis
1021 1094 1303 1150 magisterium
1334 1093 1552 1134 malorum

127 1177 373 1232 praebeant.
432 1171 487 1212 Et
518 1171 614 1226 quia
645 1172 770 1213 multi
808 1186 906 1215 sunt
943 1174 1010 1216 isti
1046 1176 1231 1227 magistri
1271 1190 1311 1219 et
1353 1180 1551 1219 doctores

125 1257 321 1305 malitiae,
353 1265 458 1311 quos
488 1248 692 1305 praefecit
720 1250 912 1303 Pharao,
957 1264 997 1293 et
1037 1265 1096 1294 est
1133 1253 1279 1304 ingens
1318 1256 1550 1297 multitudo

127 1331 426 1389 hujuscemodi
455 1334 793 1389 compulsorum,
824 1332 896 1387 qui
927 1331 1073 1372 omnes
1107 1333 1296 1385 exigunt,
1328 1334 1554 1389 imperant,

128 1420 169 1449 ct
197 1421 450 1466 extorquent
491 1428 619 1467 opera
657 1423 848 1453 terrena:
886 1409 985 1450 ideo
1023 1410 1195 1451 veniens
1233 1411 1448 1451 Dominus
1479 1411 1554 1451 Je-

128 1502 196 1526 sus
225 1487 325 1527 fecit
355 1488 460 1528 alios
490 1488 732 1540 magistros,
773 1500 811 1528 et
842 1488 1061 1535 doctores,
1109 1486 1181 1542 qui
1214 1499 1446 1542 pugnantes
1477 1488 1553 1527 ad·-

129 1579 293 1603 versum
324 1563 432 1614 illos,
465 1576 504 1605 et
533 1563 798 1622 subjicientes
830 1580 978 1604 omnes
1009 1581 1158 1605 eorum
1189 1564 1477 1619 principatus,
1514 1574 1555 1604 et

130 1651 366 1694 potestates,
400 1653 440 1681 et
469 1641 666 1692 virtutes,
710 1642 939 1682 defendant
970 1657 992 1681 a
1022 1640 1232 1682 violentiis
1263 1658 1413 1682 eorum
1442 1642 1554 1682 filios

128 1717 269 1766 Israel,
301 1728 340 1758 et
370 1718 553 1759 doceant
583 1735 663 1759 nos
695 1734 824 1773 opera
840 1717 1084 1758 Israelitica:
1117 1731 1156 1759 et
1184 1704 1352 1760 rursum
1373 1720 1556 1760 doceant

129 1810 209 1835 nos
238 1806 380 1835 mente
409 1795 554 1836 Deum
594 1795 754 1846 videre,
792 1794 1034 1850 relinquere
1052 1795 1097 1850 ²)
1141 1812 1271 1851 opera
1302 1796 1553 1846 Pharaonis,

130 1871 242 1913 exire
284 1873 337 1912 de
376 1883 487 1913 terra
528 1872 728 1930 Aegypti,
780 1872 962 1930 abjicere
1002 1873 1231 1931 Aegyptios
1271 1885 1311 1914 et
1346 1874 1555 1915 barbaros

128 1965 291 1998 mores,
331 1950 549 2004 deponere
587 1962 726 1991 totum
767 1961 947 1990 veterem
989 1949 1212 1991 hominem
1254 1968 1351 1991 cum
1392 1951 1553 1992 actibus

128 2026 226 2076 suis,
257 2037 297 2067 et
325 2026 505 2068 induere
533 2044 708 2078 novum,
740 2028 813 2083 qui
843 2028 1079 2070 secund‘um
1110 2028 1254 2069 Deum
1287 2040 1448 2069 creatus
1481 2040 1554 2078 est,

130 2104 326 2144 renovari
354 2120 521 2160 semper
551 2106 603 2145 de
635 2104 703 2147 die
732 2104 776 2145 in
806 2104 920 2145 diem
950 2105 1005 2145 ad
1033 2103 1258 2157 imaginem
1290 2104 1388 2162 ejus,
1419 2106 1492 2161 qui
1508 2106 1555 2161 ³)

129 2179 230 2220 fecit
257 2196 358 2230 nos,
407 2168 567 2222 Christi·
599 2181 702 2223 Jesu
737 2181 918 2223 Domini
952 2182 1107 2232 nostri,
1153 2183 1220 2224 eui
1262 2194 1321 2224 est
1352 2182 1486 2234 gloria
1516 2193 1555 2224 et

129 2255 357 2312 imperium
388 2256 432 2297 in
460 2260 624 2300 saecula
652 2260 936 2301 saeculorum.
969 2262 1118 2301 Amen.

252 2432 294 2486 ¹)
326 2431 459 2474 Exod.
491 2432 524 2481 I,
557 2434 620 2476 10.
653 2433 750 2474 coll.
781 2451 822 2490 p.
853 2436 918 2478 10.
947 2445 1034 2475 not.
1066 2435 1105 2476 5.

249 2502 297 2556 ²)
325 2502 441 2546 Edd
468 2502 666 2544 Mer11ini
700 2514 740 2543 ct
770 2504 1021 2560 ielinquere.

247 2571 293 2624 ³)
324 2571 437 2612 Alias
470 2573 526 2625 (e.
563 2589 596 2614 c.
627 2573 671 2613 in
704 2575 799 2615 edd.
832 2574 937 2629 M.):
955 2573 1073 2639 „qui
1098 2573 1195 2615 fecit
1210 2592 1288 2616 nos
1314 2575 1356 2616 in
1375 2574 1553 2627 glmiam

134 2639 173 2669 ct
183 2624 372 2670 laudem
401 2644 531 2672 suam
537 2633 561 2653 “
621 2629 708 2671 Sed
738 2630 841 2680 Mss
873 2642 921 2671 ut
952 2630 997 2671 in
1027 2642 1174 2673 ηοεῑιο
1204 2643 1333 2675 textu.
1366 2632 1412 2675 R.

683 2785 715 2792 ,,.
730 2785 798 2790 a*
813 2788 819 2790 ⁷
838 2786 870 2790 ‚.-
885 2783 1011 2792 „affl—q
