1752 3136
188 99 250 143 ‘22
806 98 1031 142 Omani-ns

199 211 430 255 habuimus
470 223 635 268 patrem
687 210 814 253 etiam
854 211 888 254 si
925 228 1006 254 nos
1035 210 1081 253 in
1113 209 1315 268 operibus
1346 209 1466 252 malis
1496 210 1640 262 genuit

199 289 400 347 princeps
430 287 556 346 hujus
587 289 752 341 mundi,
798 295 898 330 cum‘
936 289 1126 331 venimus
1170 290 1222 331 ad
1263 305 1413 345 aquas,
1455 303 1642 329 assuma-

199 383 294 409 mus
324 367 380 408 ad
410 383 488 408 nos
518 366 654 418 legem
687 365 783 416 Dei,
814 382 894 407 nec
923 352 1050 408 nobis
1075 367 1248 408 sordeat
1278 365 1423 408 literae
1448 364 1537 423 ejus
1559 366 1641 407 vile

199 456 400 497 tegumen
431 457 470 485 et
501 444 754 494 obscurum,
799 459 908 500 quae
946 460 1077 500 parva
1116 443 1205 501 ejus
1247 455 1347 485 sunt
1377 454 1416 484 et
1446 441 1642 485 lactentia

202 523 506 573 concedamus,
538 537 647 577 quae
675 522 863 577 perfecta
889 533 929 563 ct
952 522 1092 565 valida
1123 532 1234 570 sunt,
1263 537 1492 571 sumamus,
1515 532 1643 577 atque

201 600 308 641 haec
338 599 449 642 intra
481 599 622 641 cordis
661 598 798 640 nostri
843 610 950 641 tecta
981 598 1135 653 regalia
1167 600 1441 642 collocemus.
1501 598 1645 640 Gran-

206 678 306 720 dem
338 688 380 718 et
408 675 595 719 validum
630 676 862 718 habeamus
894 677 1072 727 Mosen,
1114 676 1222 718 nihil
1269 679 1322 719 de
1363 694 1414 719 eo
1447 693 1643 733 parvum,

202 755 312 796 nihil
333 755 494 796 humile
513 753 762 796 sentiamus:
794 755 868 795 sed
888 754 1165 807 magnificum
1183 766 1336 804 totum,
1363 766 1503 795 totum
1526 769 1644 806 egre-

205 832 334 885 gium,
368 844 508 873 totum
538 833 717 885 elegans.
778 830 940 873 Totum
972 831 1086 873 enim
1108 847 1312 884 magnum
1336 843 1407 880 est,
1439 830 1646 887 quicquid

204 909 448 966 spirituale,
479 909 686 966 quicquid
716 910 908 952 sublimis
939 907 1239 960 intelligentiae
1270 920 1339 950 est.
1359 908 1403 963 ¹)
1461 908 1517 949 Et
1548 924 1645 948 ore-

205 1003 300 1028 mus
330 985 573 1028 Dominum
604 987 751 1029 Jesum
784 985 1024 1037 Christum,
1055 998 1102 1027 ut
1129 986 1220 1042 ipse
1250 984 1376 1026 nobis
1406 984 1576 1032 revelet,
1606 994 1648 1024 et

210 1065 407 1105 ostendat
437 1065 661 1120 quomodo
692 1080 870 1117 magnus
903 1077 963 1107 est
992 1064 1152 1114 Moses,
1183 1075 1224 1105 et
1255 1063 1480 1120 quomodo
1511 1060 1646 1103 subli-

207 1140 287 1184 mis
318 1141 451 1196 est.²)
509 1142 605 1199 Ipse
634 1142 748 1184 enim
779 1142 958 1193 revelat,
1007 1141 1161 1198 quibus
1191 1141 1302 1192 vult,
1341 1157 1420 1198 per
1448 1139 1647 1196 spiritum

206 1230 414 1262 sanctum.
474 1219 559 1276 Ipsi
591 1220 723 1274 gloria
755 1232 795 1262 et
823 1219 1054 1277 imperium
1078 1219 1124 1261 in
1153 1219 1319 1261 saecula
1349 1213 1645 1261 saeculorum!

215 1299 365 1339 Amen.

765 1443 1097 1450 *4-μὲ

464 1569 469 1587 l

560 1610 1115 1663 HOMILIA
1201 1610 1303 1658 III.

197 1732 281 1777 ,De
313 1749 385 1785 eo,
431 1737 550 1791 quod
596 1735 926 1792 scriptumest:
967 1732 1134 1789 „ego³)
1174 1744 1317 1773 autem
1363 1731 1507 1784 gracili
1547 1748 1650 1773 voce

645 1830 753 1863 sum,
784 1825 825 1855 et
854 1815 1000 1856 tardus
1031 1814 1216 1866 lingua.“

326 1925 363 1965 1.
395 1923 549 1966 Donec
580 1937 683 1968 esset
712 1926 859 1969 Moses
888 1927 933 1968 in
952 1929 1160 1988 Aegypto,
1193 1941 1232 1971 et
1264 1928 1507 1971 erudiretur
1530 1922 1651 1964 omni

212 2000 417 2056 sapientia
448 2003 781 2061 Aegyptiorum,
812 2021 902 2046 non
933 2018 1021 2047 erat
1050 2006 1195 2060 gracili
1225 2023 1353 2057 voce,
1395 2023 1475 2048 nee
1504 2006 1652 2047 tardus

214 2077 382 2132 lingua,
421 2097 500 2122 nec
539 2081 886 2138 profitebatur4)
926 2100 970 2125 se
1011 2100 1097 2127 esse
1140 2084 1473 2141 ineloquentem.
1547 2083 1654 2124 Erat

217 2156 353 2206 enim,
391 2170 602 2214 quantum
642 2161 695 2201 ad
740 2159 990 2220 Aegyptios,
1031 2173 1070 2203 et
1098 2178 1284 2204 sonorae
1312 2162 1450 2213 vocis,
1492 2174 1532 2203 et
1563 2161 1657 2203 elo,-

204 2235 417 2296 ‘quentiae
454 2235 815 2293 incomparabilis.
895 2238 984 2279 Ubi
1023 2251 1164 2281 autem
1193 2241 1350 2297 ‘coepit
1389 2239 1538 2282 audire
1575 2256 1652 2280 vo-

216 2328 310 2353 cem
341 2311 449 2364 Dei,
491 2326 532 2356 et
562 2315 731 2372 eloquia
770 2315 913 2358 divina
942 2318 1177 2373 suscipere,
1214 2330 1319 2360 tunc
1348 2317 1476 2359 sensit
1506 2317 1653 2359 exilem

218 2401 259 2430 et
289 2391 488 2442 gracilem
530 2390 684 2435 vocem
721 2410 864 2444 suam,
907 2395 1161 2451 tardamque
1201 2407 1241 2436 et
1279 2394 1528 2451 impeditam
1567 2409 1655 2434 esse

218 2466 338 2510 suam
369 2467 563 2522 intelligit
591 2469 802 2523 linguam:
843 2483 948 2513 tunc
977 2489 1020 2514 se
1051 2473 1303 2529 pronuntiat
1331 2485 1525 2522 mutum,
1555 2486 1654 2512 cum

339 2649 384 2704 ¹)
416 2650 696 2695 Desideratur
726 2658 842 2705 „est“
870 2656 915 2697 in
946 2656 1042 2696 edd.
1075 2655 1136 2697 M.

337 2721 383 2775 ²)
414 2721 694 2766 Desideratur
722 2731 835 2775 „est“
864 2726 908 2768 in
942 2728 1037 2769 edd.
1071 2725 1131 2770 M.

337 2790 384 2846 ³)
414 2792 553 2834 Exod.
587 2794 659 2843 IV,
692 2796 758 2838 10.

335 2858 381 2915 ⁴)
412 2860 526 2907 Alias
558 2864 616 2920 (e.
648 2882 681 2906 c.
714 2865 756 2908 in
790 2866 885 2910 edd.
918 2865 1026 2923 M.);
1059 2867 1350 2924 ‚‚profitetur.“
1377 2867 1425 2911 Β.
1452 2837 1455 2842 ’

337 3002 382 3025 δ
