1752 3136
277 111 362 158 146
878 104 1102 148 Omenms

290 236 407 267 catus
439 218 655 265 descendit
685 219 739 260 de
767 229 929 268 monte,
957 219 1031 259 sed
1061 227 1172 258 totus
1203 215 1461 268 glorificatus
1492 215 1709 257 adscendit

286 303 331 345 in
360 311 568 342 montem.
642 296 819 338 Gavisus
859 307 918 336 est
955 294 1044 336 sine
1089 293 1220 336 dubio
1252 293 1418 341 Moses,
1449 291 1567 346 quod
1598 307 1708 342 eum,

283 381 337 420 de
368 394 455 434 quo
489 376 671 418 dixerat:
720 373 1002 429 „prophetam
1027 370 1069 425 Ι)
1102 369 1218 411 vobis
1249 367 1465 410 suscitabit
1495 367 1710 410 Dominus

280 456 401 497 Deus
432 463 566 495 vester
598 467 644 492 ex
674 449 877 491 fratribus
917 448 1080 498 vestris,
1120 447 1225 489 sicut
1255 463 1323 486 me
1362 444 1502 501 ipsum
1534 443 1711 486 audietis

281 548 360 588 per
391 528 534 572 omnia
548 533 582 569 :“
623 544 739 569 nunc
770 528 913 568 adesse
945 525 1168 574 cernebat,
1211 536 1250 564 et
1295 525 1425 566 fidem
1457 524 1594 564 facere
1623 539 1712 563 ser-

282 608 485 650 monibus
512 605 610 648 suis.
670 604 725 645 Et
752 619 808 644 ne
840 614 1108 644 cunctaretur
1137 601 1180 642 in
1213 601 1379 656 aliquo,
1423 599 1540 640 audit
1569 611 1711 655 pater-

252 702 383 728 .nam
415 700 564 725 vocem
595 683 829 723 dicentem:
859 678 1016 733 ‚,hic²)
1049 689 1109 718 est
1138 678 1248 719 filius
1278 695 1395 719 meus
1428 678 1629 726 dilectus,
1667 666 1723 717 in,

283 779 371 817 quo
402 759 507 800 mihi
538 760 648 797 bene
681 754 940 810 complacui:
973 754 1113 809 ipsum
1145 754 1326 795 audiief‘
1372 755 1516 796 Moses
1548 755 1712 794 dudum

285 837 406 880 dixit:
443 836 590 885 „illum
623 831 849 873 audietis:“
880 847 995 872 nunc
1026 842 1146 886 pater
1176 830 1296 871 dicit:
1326 831 1480 886 „hic-²)
1515 843 1574 872 est
1601 831 1713 872 filius

288 929 429 954 meus:
460 911 607 967 ipsum
638 908 828 951 audite:“
861 919 900 948 et
929 919 1208 964 praesentem,
1241 909 1292 948 de
1324 924 1408 963 quo
1429 908 1543 957 dicit,
1575 920 1715 949 osten-

286 990 359 1032 dit.
422 988 624 1029 Gaudere
664 987 788 1027 etiam
837 984 943 1026 mihi
974 1000 1054 1040 pro
1088 984 1172 1025 hoc
1203 984 1370 1025 videtur
1399 984 1567 1034 Moses,
1614 984 1715 1039 quia

287 1079 328 1109 et
358 1066 450 1123 ipse
480 1063 807 1121 quodammodo
838 1078 953 1102 nunc
985 1061 1163 1118 deponit
1183 1063 1377 1102 velamen
1404 1077 1631 1102 conversus
1661 1061 1716 1102 ad

284 1141 547 1190 Dominum,
578 1156 675 1181 cum
707 1139 935 1188 evidenter,
968 1154 1076 1193 quae
1105 1138 1335 1194 praedixit,
1367 1139 1618 1194 implentur:
1650 1138 1716 1178 vel

287 1237 384 1261 cum
417 1230 582 1274 tempus
611 1214 791 1265 advenit,
821 1226 870 1257 ut
896 1231 975 1271 per
993 1213 1213 1281 NSpiritum
1243 1228 1435 1258 sanctum
1454 1247 1463 1265 ,
1495 1231 1605 1271 quae
1635 1215 1715 1256 ob-

286 1307 454 1344 texerat,
492 1295 741 1335 revelentur.

398 1374 439 1414 4.
468 1371 778 1411 Retractandus
816 1381 961 1411 tamen
1000 1381 1059 1411 est
1094 1369 1227 1410 sancti
1258 1369 1454 1424 Apostoli
1485 1385 1640 1418 sensus,
1674 1380 1715 1410 et

289 1448 673 1496 considerandum,
717 1446 819 1502 quid
862 1446 899 1487 ei
938 1446 1070 1487 visum
1101 1446 1175 1494 sit,
1218 1461 1315 1485 cum
1362 1447 1548 1488 dixisset:
1594 1446 1716 1500 „si⁴)

288 1537 429 1567 autem
462 1539 690 1564 conversus
723 1524 816 1579 quis
847 1523 974 1564 fuerit
1013 1523 1066 1562 ad
1096 1521 1362 1571 Dominum,
1405 1525 1619 1565 auferetur
1649 1539 1719 1563 ve-

289 1604 482 1644 lamen:“
522 1612 568 1641 ut
609 1601 806 1650 adderet:
855 1598 1163 1653 ,‚Dominus⁵)
1210 1612 1349 1640 autem
1401 1599 1570 1655 spiritus
1611 1602 1717 1640 est:“

287 1695 366 1735 per
397 1679 517 1734 quod
556 1677 674 1733 quasi
715 1676 983 1733 interpretari
1020 1677 1207 1726 videtur,
1249 1676 1351 1732 quid
1399 1688 1458 1718 est
1487 1675 1717 1716 Dominus.

290 1755 397 1811 Quis
429 1754 543 1795 enim
573 1753 718 1803 nescit,
750 1755 867 1808 quod
899 1752 1114 1793 Dominus
1143 1754 1315 1808 spiritus
1346 1753 1434 1794 est?
1475 1753 1562 1794 Sed
1591 1769 1720 1792 num·
1747 1790 1750 1791 ⁷

290 1831 393 1888 quid
426 1831 471 1872 in
502 1831 587 1870 hoc
617 1829 717 1871 loco
757 1830 810 1870 de
841 1829 1022 1870 Domini
1060 1831 1123 1871 vel
1157 1842 1333 1879 natura,
1382 1830 1448 1869 vel
1488 1828 1719 1870 substantia

286 1908 561 1955 tractabatur,
589 1917 637 1947 ut
668 1905 838 1955 diceret,
869 1909 965 1961 quia
988 1908 1207 1949 Dominus
1236 1907 1407 1963 spiritus
1437 1906 1521 1948 est?
1560 1906 1717 1946 Videa-
1743 1902 1748 1903 ⁷

287 2001 383 2025 mus
415 1999 529 2034 ergo,
557 1999 613 2025 ne
641 1999 733 2024 non
763 1983 919 2035 solum,
952 2001 1048 2025 cum
1078 1984 1222 2025 'Moses
1253 1985 1417 2036 legitur,
1446 1983 1520 2024 sed
1551 1994 1590 2023 et
1621 1999 1716 2022 cum

287 2061 447 2102 Paulus
478 2060 653 2113 legitur,
696 2061 889 2102 velamen
928 2061 980 2103 sit
1018 2060 1205 2117 positum
1247 2078 1375 2117 super
1405 2076 1481 2100 cor
1510 2071 1717 2113 nostrum,

287 2138 345 2179 Et
373 2137 615 2187 manifeste,
660 2137 694 2179 si
731 2131 991 2190 negligenter
1029 2138 1245 2187 audimus,
1293 2138 1327 2180 si
1367 2136 1476 2178 nihil
1505 2135 1632 2178 studii
1662 2135 1716 2175 ad

290 2215 578 2256 eruditionem
611 2225 650 2255 et
678 2213 997 2269 intelligentiam
1031 2216 1315 2264 conserimus,
1353 2231 1442 2255 non
1483 2214 1624 2254 solum
1654 2213 1717 2253 le-

291 2292 349 2344 gis
378 2304 417 2333 et
446 2291 756 2348 prophetarum
785 2291 1006 2347 scriptura,
1039 2294 1111 2334 sed
1137 2305 1175 2334 et
1193 2291 1501 2349 Apostolorum
1522 2302 1560 2330 et
1575 2290 1716 2331 Evan-
1749 2305 1752 2307 ·

291 2368 496 2421 geliorurn
531 2369 679 2420 grandi
709 2367 833 2409 nobis
864 2369 1073 2410 velamine
1103 2369 1267 2420 tegitur.
1338 2368 1430 2420 Ego
1477 2379 1618 2408 autem
1648 2383 1718 2407 ve-

292 2461 409 2495 reor,
448 2461 504 2485 ne
543 2461 621 2501 per
652 2444 828 2486 nimiam
858 2446 1154 2499 negligentiam
1187 2458 1226 2487 et
1255 2446 1529 2487 stoliditatem
1563 2443 1717 2493 cordis,

290 2537 381 2562 non
411 2522 552 2563 solum
583 2522 717 2564 velata
757 2522 840 2563 sint
878 2523 1005 2565 nobis
1037 2524 1177 2567 divina
1206 2521 1445 2572 volumina,
1484 2521 1560 2562 sed
1592 2532 1631 2562 et
1659 2520 1714 2562 si-

410 2701 454 2757 ¹)
483 2701 612 2743 Deut.
639 2702 799 2754 XVIII,
831 2705 894 2749 15.
925 2706 991 2750 16.
1016 2705 1113 2748 coll.
1133 2704 1264 2746 LXX.
1293 2704 1485 2747 virorum
1509 2703 1714 2747 versione.

407 2770 453 2826 2)
482 2771 637 2822 Matth,
668 2770 805 2824 XVII,
833 2777 875 2820 5.
993 2775 1039 2831 ³)
1072 2774 1159 2816 Cfr.
1188 2775 1339 2817 Matth.
1369 2775 1508 2827 XVII,
1535 2776 1575 2818 5.

412 2839 459 2895 4)
489 2839 528 2880 II
560 2839 658 2882 Cor.
691 2841 765 2893 III,
795 2844 860 2888 16.
982 2845 1028 2900 ⁵)
1058 2845 1096 2885 ΙΙ
1129 2843 1228 2886 Cor.
1261 2844 1334 2895 111,
1370 2847 1435 2890 17.
