1752 3136
473 121 526 152 m
557 107 813 150 Lssvmcum
841 105 1042 148 HommA
1072 104 1142 148 IV.
1432 107 1514 151 217

103 220 204 263 clo?
264 219 404 276 Quid,
442 219 476 261 si
513 219 687 260 haberet
725 215 876 272 aliquis
913 214 959 256 in
998 215 1192 268 gregibus
1238 215 1321 257 suis
1369 217 1516 259 arietes

105 297 302 354 optimos,
332 309 373 339 et
402 295 550 338 divinis
579 292 792 336 sacrificiis
823 290 1000 344 dignos?
1045 293 1132 332 Aut
1160 292 1277 347 quid,
1306 291 1339 334 si
1367 293 1518 347 aliquis

100 375 155 416 ita
185 390 349 431 pauper
378 383 492 422 esset,
521 383 567 412 ut
592 370 741 412 siclum
771 380 964 410 sanctum
983 368 1141 409 habere
1168 385 1259 409 non
1287 367 1457 424 posset?
1475 369 1519 423 ¹)

100 451 217 493 Haec
249 462 310 493 est
338 465 435 501 ergo
465 445 710 500 legislatoris
739 444 1003 496 moderatio,
1030 457 1097 495 ut,
1135 445 1215 486 nisi
1246 445 1335 502 quis
1365 446 1521 486 habeat

101 540 262 570 certum
290 525 496 582 pecuniae
522 523 717 572 modum,
745 532 968 578 peccatum
994 519 1082 579 ejus
1098 539 1186 563 non
1204 523 1251 577 ²)
1280 521 1412 578 possit
1443 523 1520 562 ab-

100 603 233 646 solvi?
261 604 393 664 Quod
423 613 567 657 aperte
591 602 829 642 secundum
850 598 1014 641 literam
1047 599 1219 655 quidem
1249 599 1415 640 videtur
1444 599 1521 639 ab-

98 681 299 729 surdum,
326 679 560 721 secundum
590 677 852 733 spiritualem
879 693 979 718 vero
1008 674 1328 727 intelligentiam
1359 686 1520 717 certum

98 767 170 806 est,
200 757 318 812 quod
346 755 637 797 remissionem
664 765 939 809 peccatorum
962 753 1102 794 nullus
1132 751 1319 808 accipiat,
1347 752 1428 793 nisi
1446 754 1522 793 de-

96 832 240 874 tulerit
265 833 494 886 integram,
534 833 740 886 probam,
786 841 828 872 et
864 841 1056 872 sanctam
1091 829 1244 880 fidem,
1284 845 1362 885 per
1392 846 1521 885 quam

98 909 279 951 mercari
308 909 440 966 possit
468 906 663 948 arietem:
693 905 810 964 cujus
838 919 990 949 natura
1017 906 1124 947 haec
1155 918 1236 956 est,
1269 917 1318 947 ut
1346 918 1522 962 peccata

99 986 306 1027 credentis
335 986 553 1038 abstergat.
610 984 668 1025 Et
697 983 766 1024 hie
795 994 854 1026 est
880 983 1004 1026 siclus
1032 995 1221 1033 sanctus,
1251 985 1445 1038 probata,
1475 995 1523 1025 ut

100 1062 292 1113 diximus,
324 1073 365 1104 et
395 1062 558 1103 sincera
586 1060 705 1109 fides,
733 1060 779 1101 id
809 1072 889 1112 est,
926 1059 1004 1102 ubi
1032 1060 1176 1100 nullus
1205 1060 1411 1115 perfidiae
1440 1055 1520 1101 do-

98 1140 187 1191 lus,
215 1139 334 1180 nulla
361 1138 595 1180 haereticae
625 1135 864 1178 calliditatis
891 1137 1140 1193 perversitas
1171 1135 1445 1186 admiscetur,
1474 1149 1523 1178 'ut

99 1217 306 1259 sinceram
336 1208 466 1256 fidem
498 1215 739 1264 offerentes,
765 1214 955 1269 pretioso
989 1212 1147 1255 Christi
1175 1213 1400 1266 sanguine,
1426 1225 1521 1254 tan-

98 1310 227 1349 quam
255 1292 548 1334 immaculatae
578 1290 753 1340 hostiae,
782 1291 1021 1333 diluamur:
1059 1306 1139 1346 per
1178 1307 1305 1346 quem
1336 1302 1397 1332 est
1422 1291 1520 1332 Deo

98 1371 210 1427 patri
240 1368 535 1425 omnipotenti,
565 1385 662 1409 cum
694 1367 859 1423 Spiritu
885 1379 1046 1419 sanct0,
1077 1366 1212 1421 gloria
1234 1379 1274 1409 et
1293 1366 1521 1424 imperium

99 1449 148 1490 in
175 1448 340 1491 saecula
369 1447 650 1490 saeculorum.
686 1444 869 1505 Amen!

453 1832 1009 1883 HOMILIA
1083 1834 1169 1883 IV.

102 1960 172 2001 De
209 1975 286 2008 co,
326 1958 444 2014 quod
478 1957 683 2014 scriptum
720 1968 802 1998 est:
851 1955 910 2006 „si
925 1957 970 2013 ³)
1008 1956 1243 2014 peccaverit
1279 1958 1437 2005 anima,
1482 1969 1522 1997 et

103 2034 359 2091 praeteriens
395 2033 658 2091 praeterierit
699 2046 924 2091 praecepta
967 2033 1171 2083 Domini,
1221 2046 1261 2075 et
1296 2034 1523 2078 mentietur

242 2111 440 2169 proximo
470 2128 548 2154 suo
578 2128 705 2168 super
735 2110 945 2168 deposito,
973 2123 1044 2153 aut
1072 2111 1310 2163 societate,“
1341 2124 1382 2154 et

742 2200 891 2231 cetera.

215 2302 256 2344 1.
286 2300 334 2343 Si
363 2301 597 2343 secundum
629 2299 794 2343 divinae
821 2301 922 2355 legis
942 2302 1072 2344 fidem
1092 2301 1210 2351 haec,
1241 2317 1350 2357 quae
1376 2303 1525 2355 legun-

102 2390 173 2421 tur
200 2378 339 2429 nobis,
368 2378 584 2420 Dominus
620 2379 787 2421 locutus
827 2390 887 2421 est
924 2379 978 2420 ad
1017 2379 1196 2428 Mosen,
1237 2391 1363 2434 puto,
1403 2382 1524 2436 quod

102 2467 304 2511 tanquam
335 2454 421 2496 Dei
449 2457 575 2496 verba
605 2471 693 2496 non
727 2457 910 2498 debeant
935 2457 1172 2499 secundum
1200 2455 1524 2512 incapacitatem

103 2531 383 2589 audIentium,
428 2535 504 2576 sed
531 2534 765 2575 secundum
793 2532 1056 2591 majestatem
1087 2533 1300 2589 loquentis
1337 2534 1524 2590 intelligi.

223 2706 267 2761 ¹)
297 2705 406 2749 Edd.
437 2708 630 2751 Merlini:
663 2707 822 2764 possit?
878 2709 996 2752 Haec
1027 2720 1102 2750 etc.

219 2775 266 2831 ²)
294 2777 407 2819 Edd.
437 2772 633 2821 Merl'ini:
663 2796 753 2821 non
782 2779 913 2837 possit
941 2779 1112 2826 absolvi.
1175 2780 1309 2836 Quod
1339 2792 1414 2824 etc.

219 2846 266 2901 ³)
298 2846 386 2890 Csr.
417 2848 542 2894 Levit.
572 2849 648 2901 VI,
679 2851 716 2892 1.
746 2852 784 2894 2.
816 2867 930 2908 seqq.
