1752 3136
0 1902 3 1948 ι

0 1958 3 2000 ἓ

0 2002 4 2021 Ι

423 145 468 175 m
498 133 751 175 [nmmum
780 131 981 172 HommA
1005 131 1118 173 VIII.
1396 134 1477 177 321

71 244 260 287 Christus
290 245 411 288 Jesus
451 260 574 293 „curn
593 244 637 298 ¹)
668 242 779 284 dives
812 254 936 292 esset,
979 259 1059 299 pro
1078 243 1124 298 2)
1161 243 1286 285 nohis
1315 261 1480 302 pauper

67 324 200 365 factus
232 328 330 364 est.“
397 321 499 361 Ideo
546 335 642 371 ergo
685 330 724 360 et
768 331 968 370 matrem,
1009 321 1061 360 de
1102 336 1184 376 qua
1225 335 1479 373 nasceretur,

69 399 190 453 elegit
218 413 471 455 pauperem,
510 408 548 437 et
585 396 766 452 patriam
795 413 1052 452 pauperem,
1094 397 1146 439 de
1187 415 1268 454 qua
1301 400 1479 441 dicitur:

69 475 193 529 „et³)
222 486 281 524 tu,
309 473 573 523 Bethlehem,
599 472 777 515 minima
811 490 852 515 es
882 474 926 515 in
956 473 1144 514 millibus
1164 476 1314 523 Juda,“
1345 487 1384 517 et
1413 492 1481 517 re-

66 552 194 608 liqua.
258 552 417 594 Verum
460 551 564 591 haec
597 550 780 592 breviter
818 562 1102 593 transcurrere
1142 550 1356 602 cogimur,
1400 569 1480 593 nec

65 628 236 680 singula,
267 642 374 681 quae
404 625 556 682 scripta
587 638 704 677 sunt,
745 627 954 669 discutere
970 626 1015 682 ⁴²)
1044 629 1242 679 valemus,
1275 631 1479 684 quoniam

67 703 236 760 quidem
274 689 520 744 festinamus
564 703 725 759 aliquid
756 704 880 746 etiam
913 706 966 746 de
995 704 1155 757 legibus
1187 706 1340 761 leprae,
1372 723 1481 762 quae

65 768 258 820 recitatae
287 792 395 830 sunt,
423 793 692 836 pertractare.

173 859 210 899 5.
240 857 484 898 Invenimus
525 872 622 908 ergo
663 874 730 898 sex
771 856 928 913 species
966 859 1268 915 propositas⁵)
1309 878 1395 902 esse
1427 863 1480 904 de

63 933 289 975 hominum
320 935 462 989 lepra,
511 950 619 989 quae
658 951 725 975 sex
761 934 922 989 species
954 935 1036 976 hoc
1068 938 1202 978 modo
1234 939 1482 980 describun-

62 1023 144 1052 tur.
205 1012 292 1051 Aut
322 1010 507 1052 enimin
540 1022 634 1052 cute
675 1011 869 1066 corporis
910 1011 957 1052 fit
1000 1011 1190 1062 cicatrix,
1238 1027 1275 1054 et
1316 1015 1479 1066 sIgnum

61 1086 324 1137 exalbidum‚
365 1099 404 1127 et
432 1099 532 1127 tunc
562 1088 609 1128 fit
639 1087 683 1127 in
714 1098 808 1128 cute
839 1088 1031 1144 corporis
1071 1087 1159 1145 ejus
1192 1091 1387 1144 contagio
1420 1093 1481 1133 le·

64 1181 179 1221 prae.
240 1166 324 1205 Aut
355 1163 550 1205 efflorens
584 1163 796 1204 efflorebit
824 1164 965 1219 lepra,
1013 1176 1052 1205 et
1083 1177 1276 1220 conteget
1307 1185 1480 1211 ornnem

66 1254 204 1285 cutem
236 1240 428 1293 contagio
461 1257 483 1280 a
514 1240 649 1296 capite
679 1257 812 1296 usque
843 1242 896 1282 ad
925 1241 1055 1296 pedes
1089 1242 1190 1300 ejus.
1256 1245 1333 1285 Vel
1363 1248 1481 1288 tertia

61 1320 232 1377 species,
259 1319 304 1360 in
335 1315 468 1359 carnis
501 1328 594 1358 cute
624 1318 671 1358 fit
699 1317 834 1367 ulcus,
866 1330 905 1359 et
932 1331 1124 1361 sanatur:
1166 1332 1205 1361 et
1233 1323 1277 1362 fit
1307 1322 1351 1362 in
1383 1324 1480 1364 loco

62 1397 156 1454 ipso
186 1395 340 1437 ulceris
369 1383 539 1443 cicatrix
569 1395 677 1436 alba.
745 1396 835 1436 Aut
872 1396 916 1436 in
946 1396 1082 1437 carnis
1116 1409 1210 1437 cute
1240 1398 1287 1438 fit
1316 1401 1480 1441 adustio

62 1473 188 1526 ignis,
233 1483 272 1513 et
308 1481 405 1527 post
441 1471 544 1510 haec
582 1482 725 1512 sanata
765 1470 929 1513 adustio
972 1471 1049 1512 erit
1078 1474 1218 1516 lucida
1249 1475 1367 1526 alba,
1411 1489 1484 1519 aut

66 1567 164 1592 cum
193 1549 352 1590 rubore
382 1545 574 1589 candida.
635 1546 796 1601 Quinta
826 1547 996 1604 species,
1026 1566 1122 1590 cum
1150 1550 1255 1602 viro,
1286 1565 1356 1594 aut
1384 1571 1484 1596 mu-

65 1627 158 1668 lieri
188 1626 236 1666 fit
263 1624 308 1665 in
338 1624 495 1680 capite,
538 1635 609 1664 aut
637 1622 679 1663 in
710 1624 844 1665 barba
877 1625 1073 1677 contagio
1104 1627 1260 1682 leprae.
1319 1630 1482 1674 Ultima

65 1719 165 1744 vero
195 1700 391 1743 scribitur
420 1702 602 1756 species,
630 1717 728 1742 cum
757 1703 804 1742 fit
832 1700 876 1741 in
907 1701 1090 1752 calvitie,
1131 1704 1195 1744 vel
1225 1704 1267 1746 in
1299 1710 1484 1750 recalva-

65 1779 184 1821 tione
214 1776 407 1830 contagio
438 1778 583 1832 leprae
612 1777 889 1827 rubicundae,
921 1787 1029 1833 quae
1061 1790 1119 1820 est
1141 1781 1258 1837 lepra
1286 1784 1483 1828 efflorens

65 1856 110 1898 in
141 1855 322 1906 calvitio,
352 1856 418 1896 vel
446 1854 489 1896 iu
521 1854 816 1896 recalvatione.
875 1854 1016 1906 Haec,
1046 1868 1092 1897 ut
1123 1859 1382 1913 compendio
1417 1878 1485 1902 ex-

65 1933 287 1991 positionis
317 1944 499 1982 utamur,
531 1930 734 1988 quoniam
764 1932 936 1988 quidem
962 1950 1077 1975 nunc
1100 1936 1371 1990 propositum
1403 1955 1483 1980 no-

0 2031 4 2058 ρ
67 2009 132 2052 bis
163 2021 234 2060 est,
262 2007 446 2050 breviter
477 2009 690 2052 auditores
720 2025 768 2051 ex
798 2010 883 2064 his,
924 2026 1032 2065 quae
1061 2011 1232 2053 recitata
1263 2026 1379 2065 sunt,
1411 2017 1484 2057 ad-

187 2230 231 2285 1>
263 2229 351 2271 cfr.
381 2230 422 2270 11
455 2229 552 2272 Cor.
582 2230 695 2281 vm,
724 2231 763 2274 9.

184 2300 230 2354 ²)
261 2299 571 2341 Desiderantur
594 2301 744 2342 verba:
786 2318 892 2357 „pro
925 2301 1103 2351 nohis‚“
1139 2303 1183 2344 in
1214 2317 1335 2350 antea
1366 2308 1485 2350 editis

74 2355 134 2413 (v.
163 2372 199 2398 c.
232 2356 328 2398 edd.
359 2356 459 2411 M.),
486 2357 560 2398 sed
590 2359 842 2412 supplentur
874 2358 916 2399 in
949 2359 1049 2400 Mss.
1079 2359 1132 2400 R.

185 2425 232 2481 3)
262 2425 394 2470 Mich.
427 2427 479 2476 V,
507 2430 549 2472 2.

185 2495 231 2560 4.)
261 2495 341 2537 Ed.
389 2496 441 2537 R.
485 2495 530 2536 in
559 2507 693 2537 textu:
731 2496 989 2547 ‚‚discutere‚
1035 2499 1239 2554 quoniam
1286 2503 1486 2557 quidem“

72 2563 161 2600 etc..
196 2568 239 2592 ιη
280 2552 413 2593 notis:
452 2551 576 2602 „libri
618 2551 717 2593 editi
755 2554 814 2609 (v.
854 2571 887 2595 c.
920 2556 1014 2596 edd.
1047 2555 1132 2611 M.)
1173 2569 1270 2613 post
1306 2557 1486 2608 „discu-

72 2613 204 2648 tere“
230 2608 393 2649 addunt
421 2608 709 2659 „valemus,“
747 2610 865 2664 quod
902 2612 1020 2652 abest
1050 2613 1103 2653 ab
1144 2614 1343 2658 omnibus
1373 2617 1485 2666 Mss„

17 2691 19 2712 2
72 2676 111 2704 et
142 2665 302 2719 absque
331 2680 472 2706 sensus
505 2664 728 2720 dispendio
762 2667 905 2707 abesse
934 2673 1115 2721 potest.“
1147 2668 1196 2712 Ρι.

186 2733 230 2789 ⁵)
263 2733 370 2775 Cod.
409 2733 682 2786 Sangerman.
730 2737 994 2791 „propositas
1041 2743 1166 2780 essc.“
1232 2741 1349 2783 Libri
1389 2743 1487 2784 editi

71 2788 131 2844 (v.
162 2805 195 2831 c.
228 2791 322 2832 edd.
355 2789 462 2844 M.):
493 2791 677 2846 „positas
709 2798 833 2834 esse.“
864 2793 899 2834 R

22 2885 23 2890 =
74 2863 292 2910 Omonms
323 2865 495 2915 OPERA.
526 2866 648 2911 Tom.
680 2867 754 2910 IX.
1101 2873 1158 2915 21
