1752 3136
506 107 551 137 m
582 94 836 137 Lssvirrcnm
865 94 1064 136 HommA
1084 93 1195 134 vm.
1474 94 1558 138 333

151 209 311 251 dictum
344 223 453 249 esse:
485 207 606 261 „et')
637 207 821 246 mundus
854 203 978 244 erit:“
1017 215 1055 244 et
1094 203 1245 245 iterum
1278 204 1330 246 ad
1361 205 1557 248 ultimum

148 285 349 340 scriptum
390 298 496 324 esse:
535 293 603 333 „et
617 282 662 336 2)
699 280 1015 322 mundabitur.“
1088 281 1216 323 Unde
1253 281 1359 322 mihi
1396 284 1560 324 videtur

149 378 234 403 esse
263 361 464 417 quasdam
504 369 543 399 et
581 358 626 400 in
667 358 755 413 ipsa
785 357 1082 413 purificatione
1122 357 1401 409 differentias,
1432 371 1482 409 et,
1512 370 1560 400 ut

146 438 201 479 ita
232 435 418 484 dixerim,
446 435 662 489 profectus
693 435 899 490 quosdam
918 434 1233 490 purgationum.
1276 436 1421 478 Potest
1446 436 1560 478 enim

147 527 187 555 et
217 516 268 555 de
297 512 386 560 illo,
416 510 489 566 qui
521 522 649 553 cessat
672 528 694 552 a
722 522 912 567 peccato,
944 511 1047 553 dici:
1080 511 1204 567 „et³)
1235 514 1419 554 mundus
1437 513 1562 555 erit:“

145 591 218 631 sed
247 605 337 630 non
366 587 502 630 statim
531 587 587 629 ita
618 588 802 629 mundus
831 587 1056 638 videbitur,
1086 600 1133 629 ut
1163 591 1217 631 ad
1237 606 1448 631 summam
1478 608 1561 646 pu-

144 665 272 707 ritatis
305 663 531 706 accesserit.
591 663 791 719 Denique
826 665 943 706 addit
971 664 1046 714 his,
1079 681 1186 721 quae
1217 665 1398 708 dixerat:
1428 667 1498 718 „in
1514 668 1561 722 ⁴)

144 757 398 797 quacunque
434 739 502 781 die
532 741 760 782 mundatus
789 740 963 782 fuerit:“
999 741 1126 796 „et5)
1159 743 1381 795 emittetur,
1412 744 1562 800 inquit,

144 818 234 859 viva
265 817 419 870 gallina
448 817 492 858 in
526 833 746 872 campum,
787 829 826 858 et
854 819 1008 859 lavabit
1038 818 1282 861 vestimenta
1311 837 1384 862 sua
1415 823 1459 871 is,
1489 822 1563 877 qui

144 896 434 952 purificatur.“
491 893 595 934 Post
624 893 729 934 haec
758 905 898 936 autem
929 896 1204 952 „oznnem,⁶)
1246 897 1394 953 inquit,
1425 899 1563 955 pilum

144 974 304 1015 radet.“
347 971 403 1011 Et
433 971 570 1012 addit:
598 982 666 1020 „et
683 969 726 1025 ⁷)
756 971 965 1013 lavabitur
993 972 1208 1027 insaquaf‘
1248 973 1302 1014 Et
1332 988 1428 1029 post
1457 977 1563 1018 haec

145 1050 336 1090 additur:
364 1048 494 1102 „et⁸)
524 1048 709 1088 mundus
740 1046 856 1089 erit.“
910 1049 1061 1104 Neque
1093 1048 1204 1090 enim
1235 1051 1410 1101 sufficit,
1444 1055 1564 1108 quod

144 1127 187 1168 in
218 1123 499 1180 responsione
515 1121 558 1178 ⁹)
593 1122 772 1164 dixerat:
812 1125 1024 1174 „mundus
1065 1124 1187 1166 erit:“
1227 1126 1306 1168 nisi
1344 1128 1563 1186 adjecisset

145 1203 269 1244 etiam
299 1202 416 1242 haec.
476 1200 663 1242 Sordida
693 1216 790 1252 ergo
822 1200 1066 1242 vestimenta
1092 1202 1238 1244 habuit
1263 1221 1395 1261 usque
1424 1207 1565 1249 adhuc

143 1280 239 1329 iste,
282 1279 354 1334 qui
386 1277 638 1333 purificatur
667 1294 690 1319 a
719 1277 858 1333 lepra,
900 1279 1024 1320 etiam
1054 1291 1152 1336 post
1182 1283 1492 1335 aspersionem,
1525 1296 1564 1325 et

142 1373 258 1397 nunc
301 1357 441 1396 lavare
486 1370 534 1395 ea
571 1353 756 1411 jubetur.
844 1354 966 1410 Quae
1002 1368 1142 1398 tamen
1184 1357 1429 1400 vestimenta
1471 1377 1563 1403 non

143 1433 248 1473 mihi
276 1449 354 1487 per
384 1431 528 1472 omnia
556 1432 694 1472 malae
721 1443 908 1473 texturae
939 1433 1133 1474 videntur
1161 1434 1298 1476 fuisse.
1356 1436 1564 1494 Alioquin

146 1508 270 1566 abjici
301 1525 347 1550 ea
377 1508 519 1560 magis,
550 1524 678 1563 quam
708 1509 838 1550 lavari
866 1510 1139 1565 praeciperet.
1212 1512 1262 1552 In
1302 1529 1388 1568 quo
1420 1526 1561 1556 osten-

146 1586 285 1634 ditur,
313 1601 453 1641 neque
479 1602 557 1641 per
588 1585 731 1645 omnia
770 1585 952 1627 alienam
988 1588 1112 1629 fuisse
1151 1605 1172 1629 a
1202 1589 1300 1630 Deo
1342 1608 1565 1634 conversa-

145 1663 306 1704 tionem
338 1660 438 1719 ejus,
468 1663 608 1718 neque
639 1680 745 1718 pure
766 1663 834 1717 ¹⁰)
876 1663 1053 1706 omnino
1095 1677 1134 1706 et
1170 1665 1331 1720 integre
1375 1671 1563 1712 custodi-

144 1752 249 1781 tam:
286 1755 376 1779 non
407 1738 519 1779 enim
551 1740 707 1780 lavaret
747 1739 1014 1791 vestimenta,
1053 1742 1134 1784 nisi
1171 1743 1347 1786 fuissent
1375 1747 1562 1799 sordida,

142 1833 222 1857 nec
251 1817 404 1857 iterum
433 1814 530 1857 lotis
559 1816 608 1857 iis
639 1829 846 1866 uteretur,
888 1817 920 1858 si
954 1818 1129 1860 fuissent
1158 1820 1326 1862 textrini
1354 1821 1399 1863 in
1425 1825 1564 1866 omni-

145 1895 225 1935 bus
256 1893 393 1935 alieni.
461 1893 595 1947 Quod
627 1905 764 1935 autem
797 1894 889 1935 radi
918 1893 1177 1952 jubetur¹¹)
1209 1915 1380 1941 omnem
1411 1902 1560 1956 pilum,

143 1982 264 2026 puto,
296 1971 415 2026 quod
446 1987 572 2012 omne
596 1970 801 2027 quicquid
832 1973 1014 2016 emortui
1045 1974 1185 2031 operis
1207 1976 1372 2018 animae
1400 1980 1562 2034 positae

264 2116 307 2170 ¹)
341 2116 431 2164 Cfr,
462 2116 590 2158 Levit.
620 2117 739 2170 XIV,
770 2121 806 2163 7.
836 2119 874 2163 8.
905 2121 942 2164 9.

263 2186 309 2242 ²)
339 2187 468 2229 Levit.
499 2187 616 2238 XIV,
646 2191 713 2232 20.
833 2191 878 2244 ³)
908 2191 1036 2232 Levit.
1065 2192 1184 2243 XIV,
1213 2194 1250 2236 7.

261 2256 308 2311 ⁴)
341 2256 466 2299 Levit.
496 2257 614 2308 XIV,
641 2261 679 2301 2.
799 2260 844 2316 ⁵)
875 2261 1002 2302 Levit.
1030 2262 1147 2312 XIV,
1179 2264 1214 2306 ’7.
1245 2264 1285 2307 8.

262 2325 308 2380 ⁶)
337 2327 464 2368 Levit.
494 2327 610 2377 XIV,
638 2330 676 2373 8.
708 2330 747 2373 9.
870 2330 914 2385 ⁷)
946 2332 1075 2376 Levit.
1103 2332 1220 2383 XIV,
1248 2333 1285 2376 8.
1316 2332 1368 2377 9.’·

262 2395 308 2451 8)
339 2396 466 2438 Levit.
497 2398 615 2449 XIV,
645 2400 684 2443 8.
720 2402 758 2443 9.

260 2467 302 2518 9)
333 2466 443 2508 Edd.
475 2468 534 2508 M.
567 2481 606 2510 et
645 2469 696 2511 R.
740 2473 1082 2528 ‚,responsione.“
1140 2472 1352 2529 Equidem
1392 2491 1559 2517 summo

143 2521 238 2579 jure
268 2524 464 2576 legerim:
492 2525 821 2582 „respersione.“
852 2553 905 2561 —
937 2528 1024 2571 Cfr.
1056 2529 1182 2572 Levit.
1211 2529 1328 2581 XIV,
1359 2531 1397 2574 7.

193 2646 202 2655 .
236 2591 306 2653 ¹⁰)
340 2591 447 2688 god.
480 2593 694 2646 Sangerm.
732 2595 898 2653 (itemq.
942 2599 1034 2641 edd.
1065 2598 1171 2655 M.):
1211 2616 1345 2655 „pure
1383 2601 1429 2643 in
1465 2601 1563 2643 Do-

144 2654 305 2688 m1n0.“

235 2717 306 2772 ¹¹)
337 2718 451 2760 Libri
482 2719 581 2762 editi
611 2722 669 2775 (v.
702 2739 734 2763 c.
759 2724 853 2764 edd.
882 2723 992 2777 Μ.)
1039 2724 1182 2781 „jubet
1212 2742 1382 2769 omnem
1412 2728 1562 2783 pilum,

145 2797 212 2836 ——·
232 2786 421 2816 exortum
463 2788 532 2818 est.
619 2777 715 2818 Hoc
758 2779 870 2820 enim
908 2796 1023 2822 nunc
1063 2782 1139 2837 pili
1177 2783 1354 2825 nomine
1390 2784 1563 2843 jubetur

144 2829 366 2886 abjicere.u
426 2831 512 2876 Sed
543 2849 689 2878 omnes
719 2834 817 2880 Mss.
849 2848 896 2882 ut
926 2836 971 2881 in
1000 2850 1148 2882 nostro
1179 2850 1302 2884 textu.
1332 2841 1380 2883 R.
