1752 3136
0 2734 5 2792 Τ

466 117 513 147 m
542 104 741 146 Exonmu
771 101 973 145 HommA
996 102 1067 144 VI.
1423 104 1476 148 61

65 219 292 267 veritatem,
324 217 464 257 Deum
497 233 617 257 suum
651 215 771 264 dicit,
814 229 941 269 quem
971 225 1119 254 natura
1148 224 1312 269 patrem
1344 226 1479 255 vocat.

64 296 207 346 „Deus
227 294 267 351 Ι)
299 306 518 336 conterens
548 292 672 340 bella,
704 289 920 331 Dominus
949 306 1108 330 nomen
1141 301 1201 330 est
1227 290 1301 331 illi.
1360 290 1477 330 Nolo

61 385 205 429 putes,
255 370 351 426 quia
395 382 559 410 tantum
602 367 782 409 visibiles
826 382 986 421 pugnas
1032 367 1215 407 conterit
1251 367 1482 418 Dominus,

62 450 137 490 sed
167 459 206 488 et
234 448 326 488 illas
358 445 548 495 conterit,
581 461 689 500 quae
718 445 844 484 nobis
874 456 971 485 sunt
994 461 1083 485 non
1109 443 1365 499 adversus2)
1387 461 1479 485 car-

61 542 160 567 nem
191 536 230 565 et
258 524 514 576 sanguinem,
545 524 618 563 sed
649 523 844 561 adversus
872 520 1192 576 principatus3)
1226 531 1262 560 et
1292 532 1478 575 potesta-

62 614 134 650 tes,
166 588 204 641 et
234 602 428 641 adversus
459 597 609 639 mundi
642 596 765 653 hujus
797 610 980 639 rectores
1009 598 1278 638 tenebrarum
1312 598 1476 638 harum,

62 678 300 728 „Dominus
317 675 361 732 4)
392 675 502 717 enim
533 692 691 716 nomen
724 687 782 721 est
800 676 843 731 ⁵)
868 675 967 725 illi,“
1001 687 1040 716 et
1068 691 1158 716 non
1179 686 1238 716 est
1258 675 1341 716 ulla
1363 690 1477 715 crea-

60 767 165 804 tura,
201 753 318 811 cujus
348 752 563 794 Dominus
593 769 683 793 non
714 752 774 793 sit.

169 832 208 874 3.
237 829 562 885 „Quadrigas‘³)
594 828 851 878 Pharaonis,
890 839 928 869 et
959 828 1186 870 exercitum
1219 826 1304 885 ejus
1334 825 1478 883 projem

63 906 115 948 cit
146 907 190 947 in
220 923 349 948 mare.
407 907 579 947 Eiectos
611 907 902 955 adscensores,
932 917 1077 947 ternos
1106 917 1282 947 statores
1314 907 1480 945 demer-

62 984 111 1026 sit
140 985 184 1025 in
216 985 395 1025 rubrum
425 989 584 1024 mare.“
642 983 810 1024 Pharao
845 983 957 1022 velut
986 982 1205 1038 potentior
1232 982 1277 1022 in
1307 982 1479 1031 malitia,

63 1073 102 1102 et
132 1077 307 1113 regnum
339 1059 549 1115 nequitiae
580 1071 740 1107 tenens,
773 1059 994 1114 quadrigas
1025 1058 1118 1109 agit.
1168 1060 1267 1100 Non
1290 1059 1351 1100 illi
1381 1059 1478 1101 satis

32 1173 37 1181 .
63 1150 121 1178 est
150 1155 283 1178 unum
314 1153 467 1192 equum
489 1137 758 1184 adscendere,
791 1138 863 1177 sed
894 1138 1038 1191 plures
1068 1136 1192 1177 simul
1214 1136 1350 1189 agitat,
1381 1138 1479 1191 plu-

60 1231 123 1255 res
145 1213 269 1254 simul
300 1214 430 1269 plagis
453 1225 590 1254 tortos
607 1212 650 1268 7)
679 1213 861 1254 verberis
886 1212 1006 1264 cogit.
1048 1212 1340 1268 Quoscunque
1361 1213 1477 1254 vide-

60 1290 113 1331 ris
141 1290 184 1331 in
215 1290 377 1331 luxuria
408 1291 634 1345 turpiores,
665 1289 708 1329 in
741 1289 985 1331 crudelitate
1014 1291 1240 1340 saeviores,
1271 1291 1314 1331 in
1346 1291 1480 1331 avari-

58 1368 114 1409 tia
142 1367 348 1416 tetriores,
378 1367 422 1408 in
451 1366 665 1423 impietate
695 1367 1008 1418 flagitiosiores,
1046 1368 1149 1409 scito
1184 1368 1262 1407 hos
1292 1368 1346 1408 de
1376 1383 1478 1422 qua-

61 1445 186 1495 drigis
218 1460 302 1497 esse
332 1444 588 1486 Pharaonis:
619 1444 716 1500 ipsis
746 1445 884 1493 sedet,
924 1445 1038 1499 ipsos
1080 1443 1225 1484 currui
1269 1461 1347 1485 suo
1379 1444 1480 1484 sub-

59 1520 205 1578 jungit,
234 1521 277 1561 in
309 1521 407 1575 ipsis
438 1522 573 1561 fertur
603 1533 642 1561 et
671 1520 838 1570 volitat,
877 1532 916 1561 et
957 1537 1033 1575 per
1074 1532 1242 1575 apertos
1271 1522 1479 1561 scelerum

62 1614 236 1653 campos
267 1597 405 1638 effusis
438 1613 510 1638 eos
542 1597 624 1648 agit
656 1598 843 1639 habenis.
912 1598 1023 1638 Sunt
1061 1608 1100 1637 et
1139 1596 1208 1637 alii
1253 1597 1374 1637 electi
1405 1598 1481 1636 ad-

22 1710 25 1711 ⁷
59 1689 298 1722 scensores,
338 1673 456 1713 electi
496 1672 585 1714 sine
629 1674 761 1715 dubio
803 1676 856 1715 ad
892 1673 1112 1716 malitiam.
1190 1674 1276 1714 Sed
1309 1672 1393 1729 jam
1427 1674 1480 1713 de

61 1748 381 1792 adscensoribus
409 1767 538 1806 supra
570 1750 770 1792 diximus:
813 1768 926 1792 nunc
968 1753 1091 1793 etiam
1135 1751 1207 1807 qui
1246 1762 1343 1791 sunt
1372 1749 1480 1790 terni

59 1837 246 1875 statores,
277 1825 508 1876 videamus,
577 1826 689 1868 Mihi
729 1828 924 1869 videntur
960 1828 1069 1869 terni
1112 1839 1286 1869 statores
1316 1844 1396 1882 pro
1429 1844 1478 1867 eo

61 1903 156 1951 dici,
187 1904 304 1958 quod
333 1903 480 1959 triplex
513 1916 570 1945 est
599 1905 845 1946 hominibus
874 1905 1082 1960 peccandi
1111 1906 1188 1946 via.
1247 1909 1336 1946 Aut
1366 1904 1480 1945 enim

59 1980 104 2020 in
132 1981 267 2029 facto,
299 1980 441 2021 autin
473 1981 608 2031 dicto,
652 1993 722 2023 aut
760 1981 804 2022 in
845 1982 1097 2035 cogitatione
1135 1993 1348 2038 peccatur.
1427 1982 1483 2022 Et

10 2071 14 2074 '
59 2056 156 2098 ideo
187 2057 296 2098 terni
327 2069 499 2098 statores
529 2075 607 2113 per
635 2059 820 2114 singulos
846 2075 1036 2115 quosque
1060 2059 1270 2109 dicuntur,
1302 2058 1374 2114 qui
1398 2070 1481 2120 tres

17 2176 29 2183 Ι
61 2134 156 2174 istas
186 2133 230 2174 in
260 2134 383 2175 nobis
414 2136 620 2190 peccandi
643 2134 863 2176 obsideant
886 2136 982 2185 vias,
1014 2147 1053 2176 et
1076 2138 1347 2191 speculentur
1370 2151 1479 2176 sem—

60 2226 149 2266 per,
180 2222 304 2266 atque
333 2210 377 2250 in
406 2210 566 2253 insidiis
597 2223 729 2265 agant,
761 2224 808 2253 ut
837 2225 908 2254 aut
937 2213 1009 2254 ille
1040 2229 1085 2253 ex
1116 2213 1271 2254 misero
1304 2211 1480 2252 homine

65 2303 304 2328 sermonem
335 2287 495 2328 malurn
529 2287 686 2339 eliciat,
739 2301 810 2330 aut
850 2289 922 2330 ille
960 2289 1156 2345 iniquum
1196 2306 1304 2344 opus
1344 2300 1481 2330 extor-

184 2446 228 2501 Ι)
257 2446 393 2488 Exod.
424 2448 520 2498 XV,
549 2448 589 2490 3.
708 2450 754 2505 ²)
788 2449 874 2490 Csr.
902 2449 1057 2504 Ephes.
1089 2449 1160 2497 VI,
1191 2449 1256 2491 12.

138 2577 147 2596 a
178 2516 228 2611 3Ι)ἶ
256 2516 368 2558 Alias
408 2516 468 2572 (v.
501 2535 535 2559 c.
564 2518 608 2558 in
645 2520 739 2560 edd.
781 2519 890 2574 Μ.);
938 2518 1176 2574 „principes
1221 2530 1259 2560 et
1294 2528 1480 2575 potesta-

64 2578 161 2614 tes.‘
234 2605 243 2614 .

179 2640 224 2696 4)
253 2642 390 2684 Exod.
420 2644 515 2692 xv,
544 2645 583 2688 3.

180 2711 224 2766 ⁵)
254 2712 365 2755 Edd.
396 2713 593 2755 Merlini:
627 2725 712 2764 „est
741 2713 813 2756 illi.
873 2714 974 2756 Non
1005 2725 1064 2755 est
1096 2714 1208 2755 enim
1239 2716 1326 2756 ulla
1366 2729 1481 2755 crea-

63 2773 181 2810 tura“
212 2780 286 2809 etc.

181 2836 226 2891 ⁶)
262 2836 346 2880 Cfr.
378 2837 638 2900 Exod2XV,
669 2841 704 2884 4.
826 2840 870 2895 7)
901 2840 1010 2883 Edd.
1039 2838 1233 2883 Merlini:
1266 2839 1378 2883 torti.
