1752 3136
241 82 326 126 352
845 78 1066 119 Omews

241 193 371 244 mini,
411 191 482 249 qui
523 207 619 232 eum
664 206 744 247 pro
785 190 949 231 foribus
982 201 1244 246 exspectant,
1300 189 1372 246 qui
1412 206 1499 233 non
1541 208 1660 234 rece-

245 270 412 327 dunt¹)
444 287 464 311 a
496 268 683 322 tempIO,
721 265 902 325 jejuniis,
935 280 975 308 et
1007 268 1224 309 orantibus
1256 280 1460 313 vacantes.
1521 271 1587 310 An
1618 282 1663 311 tu

242 362 377 408 putas,
409 349 480 403 qui
510 346 573 386 vix
606 345 893 402 diebus-sestis
925 347 976 387 ad
1013 345 1231 386 ecclesiam
1260 344 1387 396 venis,
1417 361 1496 386 nec
1525 345 1663 386 inten-

243 442 309 469 tus
341 443 381 467 es
412 426 465 465 ad
496 422 705 465 audienda
736 424 863 464 verba
895 422 1046 472 divina,
1078 439 1155 463 nec
1190 424 1262 463 das
1296 439 1473 478 operam
1503 425 1556 464 ad
1586 422 1667 463 im-

244 505 399 561 plenda
434 502 655 550 mandata,
697 502 814 556 quod
854 501 985 556 possit
1023 518 1112 542 sors
1143 499 1322 541 Domini
1363 503 1505 541 venire
1538 516 1666 556 super

245 582 314 625 te?
373 581 582 637 Optamus
622 589 783 626 tamen,
835 589 881 617 ut
919 577 982 617 vel
1034 577 1096 617 his
1138 575 1288 617 auditis
1331 594 1505 633 operam
1549 577 1667 625 detis,

244 677 335 702 non
365 659 503 700 solum
534 656 578 695 in
611 654 782 695 ecclesia
814 654 962 694 audire
993 655 1118 694 verba
1149 653 1247 704 Dei,
1276 655 1349 695 sed
1382 664 1420 694 et
1449 653 1492 695 in
1525 653 1665 695 domi-

244 739 325 778 bus
366 734 506 777 vestris
555 729 760 779 exerceri,
804 742 842 769 et
881 730 1075 770 meditari
1117 730 1161 770 in
1190 731 1280 782 lege
1310 730 1491 772 Domini
1524 730 1590 770 die
1621 745 1669 771 ac

245 826 393 855 nocte:
425 823 464 852 et
492 809 553 851 ibi
588 807 699 848 enim
734 805 923 847 Christus
956 818 1025 855 est,
1059 817 1097 846 et
1126 807 1286 862 ubique
1316 808 1432 848 adest
1463 824 1670 863 quaeren-

247 892 356 932 tibus
387 905 441 930 se.
501 886 737 939 Propterea
766 900 952 940 namque
982 885 1210 925 mandatur
1239 883 1283 923 in
1313 883 1428 934 lege,
1459 896 1504 924 ut
1533 884 1669 924 medi-

246 981 383 1009 temur
414 980 518 1012 eam,
549 979 643 1003 cum
674 961 782 1002 imus
814 960 854 1001 in
890 961 977 1011 via,
1029 971 1069 1002 et
1099 977 1196 1001 cum
1225 961 1418 1002 sedemus
1449 961 1493 1001 in
1524 962 1671 1009 domo,

248 1058 288 1086 et
317 1043 500 1101 jacemus
530 1039 574 1080 in
606 1038 750 1088 cubili,
781 1049 819 1079 et
849 1054 947 1080 cum
977 1038 1253 1090 exsurgimus:
1287 1049 1326 1078 et
1356 1038 1439 1079 hoc
1471 1048 1542 1087 est,
1574 1054 1671 1077 vere

247 1139 326 1180 pro
357 1119 521 1162 foribus
552 1126 791 1170 exspectare
821 1115 1072 1170 pontificem
1103 1126 1344 1156 morantem
1388 1114 1498 1156 intra
1528 1126 1669 1156 sancta

248 1212 508 1246 sanctorum,
539 1206 579 1236 et
609 1192 718 1234 effici
749 1191 792 1233 in
826 1204 982 1233 sortem
1014 1191 1206 1233 Domini.

359 1278 398 1320 6.
433 1275 567 1330 Quod
600 1282 745 1312 autem
778 1269 956 1311 dicimus
995 1270 1047 1310 de
1085 1282 1219 1319 sorte,
1263 1286 1354 1310 non
1395 1268 1452 1310 sic
1492 1267 1671 1323 accipiat

250 1355 433 1403 auditor,
464 1351 581 1407 quasi
613 1366 705 1390 sors
736 1347 827 1388 talis
859 1347 998 1402 aliqua
1030 1345 1217 1395 dicatur,
1252 1361 1358 1402 quae
1388 1345 1497 1386 inter
1526 1345 1668 1386 homi·-

248 1450 322 1475 nes
354 1448 465 1479 casu,
497 1441 538 1469 et
566 1443 657 1468 non
686 1424 848 1481 judicio
881 1424 946 1477 agi
975 1424 1092 1464 solet.
1163 1424 1266 1464 Sors
1298 1421 1481 1463 Domini
1511 1422 1568 1463 ita
1599 1439 1668 1462 ac-

250 1509 445 1567 cipienda
485 1516 561 1555 est,
599 1514 802 1558 tanquam
844 1500 878 1543 si
918 1500 1128 1541 diceretur
1170 1499 1318 1541 electio
1360 1499 1562 1547 Domini,
1603 1499 1669 1540 vel

248 1605 345 1645 pars
374 1582 576 1627 Domini:
610 1592 650 1621 et
679 1596 848 1621 rursum
878 1595 968 1620 sors
999 1575 1100 1634 ejus,
1131 1576 1203 1633 qui
1232 1577 1277 1618 in
1317 1592 1507 1618 eremum
1538 1575 1671 1617 mitti-

248 1680 330 1715 tur,
361 1660 609 1717 accipienda
641 1669 699 1699 est
738 1657 864 1697 veluti
893 1671 990 1711 pars
1020 1656 1113 1704 illa,
1154 1670 1261 1710 quae
1298 1670 1379 1709 pro
1420 1652 1669 1706 indignitate

249 1743 314 1785 sui
353 1758 376 1781 a
415 1736 610 1779 Domino
652 1733 867 1789 spernitur
915 1743 957 1773 et
998 1731 1207 1789 abjicitur.
1295 1730 1430 1782 Magis
1474 1731 1586 1771 enim
1629 1742 1668 1771 et

250 1835 388 1862 sermo
420 1817 509 1872 ipse
547 1810 835 1868 apopompaei
871 1808 1025 1865 abjecti
1064 1820 1102 1850 et
1137 1807 1307 1859 refutati
1345 1807 1666 1859 significantiam

252 1895 452 1947 continet.
510 1891 576 1932 Ex
608 1905 693 1945 quo
725 1903 950 1943 possumus
982 1884 1106 1926 etiam
1136 1884 1244 1925 illud
1274 1884 1518 1936 intelligere,
1549 1884 1667 1925 verbi

250 1973 406 2026 gratia:
438 1967 653 2010 adscendit
690 1965 735 2006 in
778 1980 853 2005 cor
891 1974 1012 2003 tuum
1043 1961 1154 2002 mala
1195 1960 1413 2012 cogitatio,
1460 1961 1668 2016 concupi·
1722 2011 1737 2015 ..

252 2049 409 2093 scentia
439 2045 628 2088 mulieris
659 2043 833 2090 alienae,
866 2052 935 2081 aut
966 2039 1126 2080 vicinae
1155 2038 1455 2093 possessionis:
1483 2037 1668 2090 intellige

251 2127 389 2171 statim
417 2126 527 2166 hanc
558 2137 644 2164 esse
675 2122 728 2162 de
757 2130 869 2162 sorte
911 2115 1219 2172 apopompaei,
1260 2114 1396 2172 abjice
1433 2115 1696 2167 confestim„

253 2218 293 2248 et
324 2204 483 2259 expelle
513 2203 566 2242 ‹le
597 2199 726 2240 corde
755 2209 844 2239 tuo.
911 2194 1148 2250 Quomodo
1192 2190 1367 2249 abjicis?
1428 2193 1473 2234 Si
1513 2193 1669 2233 habeas

252 2296 393 2324 tecum
418 2279 554 2336 parati
584 2275 770 2318 hominis
799 2288 998 2320 manum,
1038 2270 1083 2311 id
1121 2282 1201 2320 est,
1229 2270 1264 2312 si
1292 2269 1416 2311 lectio
1450 2269 1590 2311 divina
1618 2269 1670 2312 sit

251 2362 297 2403 in
326 2357 520 2400 manibus
550 2355 644 2403 tuis,
675 2364 713 2394 et
742 2362 967 2407 praecepta
1001 2349 1085 2390 Dei
1115 2359 1212 2389 ante
1243 2347 1392 2389 oculos
1422 2347 1669 2399 habeantur,

251 2450 352 2479 tunc
383 2450 478 2476 vere
506 2429 728 2473 invenieris
757 2439 927 2485 paratus
968 2428 1021 2470 ad
1067 2424 1301 2483 abjicienda
1343 2435 1383 2465 et
1422 2423 1669 2479 repellenda

255 2530 315 2564 ea,
347 2528 453 2568 quae
483 2520 579 2551 sunt
607 2506 730 2550 sortis
761 2506 933 2547 alienae.
1004 2504 1090 2545 Sed
1131 2514 1170 2543 et
1210 2502 1272 2542 ira
1312 2500 1344 2542 si
1376 2500 1593 2542 adscendit
1622 2500 1668 2541 in

254 2608 331 2633 cor
357 2602 491 2637 tuum,
522 2586 556 2628 si
586 2586 710 2634 zelus,
738 2583 772 2626 si
801 2581 971 2631 invidia,
1000 2579 1033 2623 si
1059 2580 1217 2621 malitia
1236 2580 1290 2620 ad
1308 2577 1669 2634 supplantandum

254 2669 438 2713 fratrem,
466 2672 635 2718 paratus
667 2672 769 2711 esto,
801 2671 847 2701 ut
877 2656 1047 2715 abjicias
1078 2673 1148 2707 ea,
1179 2667 1218 2697 et
1245 2657 1447 2711 expellas,
1477 2666 1517 2699 et
1547 2653 1668 2696 emit-

372 2824 416 2878 ¹)
446 2822 557 2865 Edd.
587 2818 785 2862 Merlini:
817 2819 1021 2862 recedunt
1052 2819 1106 2861 de
1134 2818 1310 2874 templo.
