1752 3136
185 102 272 147 238
790 102 1011 145 Omssnms

185 233 281 259 rum
309 226 418 260 sunt.
476 215 685 258 Sacerdos
717 214 850 270 qui¹>
881 217 1033 257 offeret
1062 215 1192 265 illud,
1240 215 1285 256 in
1317 217 1414 259 loco
1455 232 1601 262 sancto

184 296 292 345 edet,
321 293 366 335 in
397 293 503 335 atrio
545 292 807 333 tabernaculi
850 292 1092 334 testimonii.
1171 292 1324 336 Omnis
1363 294 1436 350 qui
1475 296 1606 349 tangit

182 373 237 414 de
267 371 464 412 carnibus
495 369 595 428 ejus,
625 368 976 411 sanctificabitur:
1006 382 1045 411 et
1073 369 1328 427 cuicumque
1356 374 1605 428 adspersum

181 448 310 491 suerit
340 464 386 489 ex
415 448 617 500 sanguine
649 446 754 504 ejus,
794 464 921 503 super
959 448 1254 490 vestimentum
1297 450 1603 504 quodcumque

181 542 419 581 respersum
449 526 587 573 suerit,
619 537 657 565 ct
687 525 822 581 ipsum
856 525 1066 566 lavabitur
1105 525 1148 566 in
1187 526 1286 567 loco
1327 538 1488 568 sancto.
1548 527 1606 567 Et

180 621 249 645 vas
281 604 420 653 fictile,
450 602 493 643 in
528 618 801 658 quocumque
832 613 1002 642 coctum
1032 602 1182 652 suerit,
1223 603 1537 655 confringetur:
1569 603 1605 645 si

180 693 321 723 autem
352 680 460 735 in2)
489 695 584 721 vase
613 694 737 719 aereo
770 689 939 718 coctum
970 678 1119 728 fuerit,
1150 680 1372 722 defricabit
1401 681 1531 731 illud,
1564 693 1604 722 et

180 757 313 799 diluet
349 772 472 812 aqua.
541 754 695 796 Omnis
731 754 942 795 masculus
981 770 1028 794 ex
1066 758 1357 799 sacerdotibus
1396 759 1492 800 edet
1529 775 1601 800 ea:

177 846 317 877 sancta
348 843 593 873 sanctorum
623 842 721 872 sunt
750 830 959 872 Domino.
1003 830 1060 871 Et
1080 831 1223 872 omnia
1246 849 1354 888 quae
1386 851 1466 889 pro
1499 851 1600 891 pec-

179 923 272 952 cato
303 921 422 959 sunt,
464 924 511 950 ex
552 909 705 965 quibus
734 907 899 949 illatum
930 907 1058 949 fuerit
1088 926 1111 950 a
1141 909 1346 961 sanguine
1377 926 1527 951 eorum
1557 912 1603 952 in

175 987 454 1031 tabernaculo
484 984 715 1028 testimonii
747 985 967 1040 deprecari
990 984 1034 1025 in
1064 985 1163 1026 loco
1183 997 1344 1037 sanctO,
1362 1002 1452 1027 non
1473 988 1602 1028 eden-

174 1079 257 1116 tur,
286 1067 358 1107 sed
389 1063 473 1117 igni
505 1063 852 1105 comburentur.“
926 1062 1041 1103 Haec
1074 1063 1218 1104 omnia
1249 1064 1330 1105 nisi
1362 1063 1447 1105 alio
1477 1081 1602 1106 sensu

176 1142 446 1198 accipiamus,
479 1156 607 1196 quam
636 1139 784 1181 literae
814 1151 946 1180 textus
979 1141 1183 1192 ostendit,
1225 1140 1332 1182 sicut
1359 1157 1486 1196 saepe
1515 1140 1601 1197 jam

176 1220 369 1269 diximus,
401 1235 497 1259 cum
527 1218 573 1258 in
603 1217 775 1258 ecclesia
804 1218 1058 1268 recitantur,
1105 1218 1372 1259 obstaculum
1402 1217 1533 1270 magis
1564 1230 1603 1259 et

174 1296 494 1338 subversionem
527 1293 788 1335 Christianae
817 1293 1036 1345 religioni,
1081 1311 1208 1350 quam
1249 1295 1600 1349 hortationem3)

175 1372 601 1426 aedificationemque
637 1370 924 1425 praestabunt.
991 1371 1038 1412 Si
1080 1388 1177 1413 vero
1220 1371 1528 1426 discutiatur4)
1560 1383 1600 1412 ct

172 1450 435 1501 inveniatur,
483 1464 569 1504 quo
600 1463 726 1488 sensu
758 1448 861 1486 haee
893 1447 1002 1488 dicta
1032 1460 1153 1497 sunt,
1200 1459 1241 1488 et
1271 1448 1457 1501 digne⁵)
1489 1449 1599 1497 Deo,

174 1527 248 1583 qui
279 1528 383 1568 haec
412 1523 599 1568 scribere
630 1523 804 1575 dicitur,
850 1524 1144 1574 advertantur,
1188 1525 1262 1566 fiet
1303 1524 1476 1581 quidem
1518 1525 1598 1566 Ju—

173 1605 327 1656 daeus,
369 1602 442 1659 qui
480 1601 585 1643 haec
623 1601 768 1650 audit,
806 1601 880 1642 sed
918 1617 1009 1642 non
1049 1600 1140 1651 ille,
1185 1602 1329 1657 quiin
1360 1602 1598 1653 manifesto,

171 1683 246 1723 sed
278 1680 350 1737 qui
380 1680 424 1721 in
457 1680 624 1721 occulto
657 1678 846 1719 Judaeus
880 1690 958 1720 est:
988 1680 1224 1720 secundum
1248 1678 1364 1719 illam
1395 1679 1597 1719 differen-

169 1759 273 1800 tiam
302 1757 470 1806 Judaei,
501 1773 628 1812 quam
661 1754 876 1807 distinguit
905 1756 1137 1810 Apostolus
1167 1753 1400 1811 Paulus‚⁶)
1432 1756 1597 1796 dicens:

172 1852 288 1887 „non
307 1836 350 1889 7)
383 1835 509 1884 enim,
540 1833 612 1889 qui
642 1832 687 1873 in
718 1830 942 1873 manifesto
974 1832 1165 1874 Judaeus
1199 1844 1277 1882 est,
1317 1848 1457 1887 neque
1489 1848 1598 1888 quae

289 1986 332 2039 1)
364 1985 472 2027 Cod.
507 1986 746 2036 Sangerm.:
787 1984 888 2040 „qui
922 1987 1110 2028 offeret.“
1178 1985 1296 2027 Libri
1327 1985 1428 2027 editi
1460 1986 1520 2042 (v.
1563 2004 1596 2028 c.

171 2044 265 2086 edd.
296 2043 402 2098 M.):
435 2043 536 2098 „qui
568 2044 736 2083 offert.“
767 2040 816 2082 R.

286 2113 333 2167 2)
366 2113 477 2154 Cod.
510 2112 752 2163 Sangerrn.:
794 2111 862 2161 „in
906 2128 1000 2152 vase
1029 2118 1197 2155 aereo.“
1254 2112 1373 2154 Libri
1402 2113 1505 2155 editi
1535 2113 1595 2170 (v.

171 2187 205 2212 c.
238 2171 333 2212 edd.
365 2169 477 2225 M.):
507 2168 579 2219 „in
608 2186 678 2210 vas
715 2173 927 2210 aereum.“
960 2169 1011 2210 R.

285 2238 331 2294 3)
364 2237 473 2280 Cod.
507 2240 802 2291 Sangerman.:
844 2238 1198 2288 „hortationem.“
1256 2237 1374 2280 Libri
1404 2238 1505 2281 editi
1535 2239 1595 2296 (v.

171 2315 207 2344 c.
240 2298 336 2338 edd.
368 2296 473 2350 Μ.);
502 2297 778 2346 „rationem.“
808 2294 859 2336 R.

284 2364 330 2419 4)
361 2366 469 2410 Cod.
503 2366 744 2416 Sangerm.:
773 2364 1046 2414 „discutiatur
1075 2377 1116 2406 et
1143 2364 1420 2406 inveniatur.“
1476 2364 1594 2405 Libri

170 2423 269 2464 editi
299 2425 357 2478 (e.
388 2438 420 2463 c.
455 2423 553 2463 edd.
587 2422 694 2476 Μ.);
723 2422 1028 2472 „discutiantur
1059 2434 1098 2464 et
1126 2420 1433 2464 inveniantur.“
1464 2420 1515 2460 R.

284 2492 328 2547 5)
361 2491 469 2533 Cod.
502 2492 797 2544 Sangerman.:
829 2492 981 2542 „digne
1011 2492 1134 2543 Deo,
1170 2488 1242 2545 qui
1272 2490 1376 2528 haec
1406 2488 1591 2529 scribere

169 2548 359 2590 dicitur.“
416 2549 534 2589 Libri
569 2548 692 2589 editi:
735 2548 886 2599 „digne
917 2549 1036 2599 Deo,
1077 2563 1184 2603 quae
1214 2546 1282 2586 hic
1311 2544 1593 2586 scribuntur.“

167 2605 285 2648 R.—
304 2602 419 2647 Edd.
441 2605 617 2646 Merlini
647 2621 895 2661 perperam:
929 2605 1083 2658 „digne
1109 2604 1219 2653 Deo,
1251 2601 1324 2658 qui
1353 2602 1460 2643 haec
1489 2603 1592 2644 scri-

167 2664 324 2705 bitur.“

285 2730 331 2787 6)
361 2732 533 2772 Nomen
564 2730 776 2780 „Paulus“
808 2733 923 2773 deest
953 2730 997 2772 in
1027 2740 1149 2771 antea
1180 2727 1298 2770 editis
1337 2728 1397 2785 (e.
1429 2744 1461 2771 c.
1493 2728 1588 2770 edd.

169 2788 270 2846 M),
298 2789 371 2830 sed
401 2787 613 2844 reperitur
642 2787 686 2827 in
718 2788 826 2830 Cod.
859 2789 963 2831 Msc.
995 2787 1361 2842 sangermanensi.
1391 2785 1441 2826 R.

287 2857 333 2913 ⁷)
366 2857 454 2901 Cfr.
482 2858 611 2900 Rom.
641 2857 694 2909 II,
724 2858 790 2903 28-
821 2857 888 2901 29.
