1752 3136
489 122 535 152 m
565 108 764 151 Exonnm
794 106 994 150 HommA
1023 108 1099 149 XI.
1432 110 1515 154 137

103 225 222 282 Quid
253 239 350 276 ergo
381 223 475 278 plus
505 221 653 269 habet,
690 217 763 273 qui
800 217 962 258 malum
1001 235 1147 260 coram
1178 219 1274 260 Deo
1305 219 1432 262 facit?
1461 223 1519 263 11-

98 304 175 345 lud
202 303 418 359 profecm,
455 297 572 352 quod
613 295 818 337 continuo
849 294 1062 349 poenitet,
1101 307 1142 336 et
1172 297 1301 338 dicit:
1340 314 1519 353 „pecca-

100 381 179 422 vi,“
198 379 242 435 ¹)
301 375 387 431 Qui
415 384 555 414 autem
586 371 764 412 discedit
793 389 816 413 a
848 384 1079 428 conspectu
1108 373 1216 423 Dei,
1248 375 1381 416 nescit
1411 392 1516 416 con-

101 456 220 506 verti,
249 465 289 496 et
317 460 535 507 peccatum
567 448 829 504 poenitendo
859 435 1052 505 purgare.
1126 448 1224 490 Hoc
1257 467 1354 504 ergo
1385 451 1517 493 inter-

103 544 173 582 est,
201 531 360 572 malum
391 542 536 569 coram
567 524 664 566 Deo
695 525 846 577 facere,
877 537 915 567 et
945 543 968 567 a
990 526 1073 568 Dei
1097 539 1328 582 conspectu
1360 528 1514 570 disces-

102 608 198 650 sisse
227 615 488 662 peccantem.

210 683 250 726 6.
280 681 378 731 Sed,
407 692 455 721 ut
484 677 620 730 video,
653 678 804 721 Jethro
835 696 925 720 non
955 680 1108 733 frustra
1133 680 1246 722 venit
1277 682 1331 723 ad
1349 680 1518 732 Mosen,

96 776 177 802 nec
207 761 360 800 frustra
389 754 661 798 manducavit
698 773 854 812 panem
897 774 992 798 cum
1023 756 1261 799 senioribus
1291 760 1519 815 populi‘in

100 847 328 892 conspectu
357 833 550 893 Domini.
619 834 706 876 Dat
748 834 860 875 enim
892 834 1116 876 consilium
1147 835 1263 876 Mosi
1292 835 1521 891 probabile

99 913 193 956 satis
225 925 264 954 et
291 913 418 962 utile,
458 923 505 952 ut
535 910 659 963 eligat
686 910 819 961 viros,
865 922 906 952 et
944 913 1170 953 constituat
1199 912 1410 967 principes
1440 929 1522 968 po-

100 991 206 1047 puli,
236 989 348 1031 viros
366 990 511 1030 Deum
530 990 727 1037 colentes,
757 999 964 1043 potentes,
996 998 1036 1028 et
1057 987 1246 1029 odientes
1264 989 1520 1044 superbiam.

103 1068 227 1108 Tales
258 1065 369 1107 enirn
402 1076 572 1122 oportet
594 1080 679 1107 esse
707 1064 922 1119 principes
951 1063 1127 1120 populi,
1160 1066 1231 1120 qui
1261 1081 1351 1106 non
1381 1067 1522 1108 solum

102 1144 275 1200 superbi
304 1159 394 1183 non
423 1142 516 1191 sint,
546 1143 620 1182 sed
653 1153 691 1183 et
721 1141 794 1197 qui
826 1140 994 1182 oderint
1024 1141 1288 1197 superbiam:
1318 1142 1422 1198 id2)
1449 1155 1521 1194 est,

99 1232 149 1263 ut
174 1237 263 1262 non
295 1219 434 1261 solum
466 1218 545 1274 ipsi
575 1220 734 1274 absque
762 1217 862 1260 vitio
892 1217 997 1269 sint,
1035 1220 1109 1260 sed
1154 1229 1192 1259 et
1221 1218 1267 1259 in
1297 1219 1386 1261 aliis
1418 1222 1524 1261 ode-

101 1297 186 1339 rint
213 1296 324 1339 vitia.
380 1296 481 1336 Non
511 1296 704 1337 homines
735 1295 831 1336 dico
865 1294 1013 1345 odisse,
1043 1296 1116 1336 sed
1147 1293 1264 1337 vitia:
1295 1296 1419 1353 „et3)
1448 1314 1519 1338 or-

103 1373 282 1424 dinabis,
312 1372 462 1428 inquit,
495 1389 566 1414 eos
594 1371 812 1424 tribunos,
852 1383 894 1412 et
922 1371 1213 1422 centuriones,
1244 1384 1283 1413 et
1312 1373 1524 1430 quinqua-

102 1451 296 1505 genarios
325 1462 363 1491 et
394 1451 597 1498 decanos,
642 1460 682 1489 et
719 1447 972 1504 judicabunt
1009 1453 1223 1503 populum
1254 1450 1371 1491 omni
1402 1453 1524 1497 hora.

102 1529 293 1569 Verbum
329 1538 481 1575 autem,
513 1526 631 1581 quod
661 1525 822 1577 gravius
851 1524 992 1573 fuerit,
1022 1526 1208 1566 reserent
1236 1527 1289 1567 ad
1320 1533 1402 1572 te.“
1433 1530 1524 1569 Au-

108 1605 226 1647 diant
255 1603 468 1660 principes
499 1601 652 1658 populi
694 1615 732 1644 et
769 1601 1005 1660 presbyteri
1034 1601 1192 1656 plebis,
1233 1603 1329 1659 quia
1370 1605 1527 1647 debent

106 1681 224 1723 omni
254 1681 360 1721 hora
398 1680 612 1735 populum
649 1677 862 1735 judicare,
902 1694 1068 1734 semper
1109 1691 1147 1720 et
1184 1679 1273 1720 sine
1313 1681 1524 1724 intermis-

103 1757 223 1800 sione
253 1757 400 1798 sedere
427 1755 470 1795 in
501 1754 686 1812 judicio,
717 1755 917 1796 dirimere
945 1755 1060 1805 lites,
1096 1755 1372 1799 reconciliare
1406 1760 1525 1801 dissi-

106 1833 326 1889 dentes‚4)
365 1832 409 1874 in
450 1821 862 1885 gratiam'revocare
902 1831 1130 1876 discordes.
1209 1832 1356 1875 Discat
1395 1841 1527 1879 unus-

108 1912 285 1968 quisque
315 1926 363 1951 ex
392 1909 606 1965 scripturis
635 1909 786 1950 sanctis
832 1908 1022 1950 officium
1052 1926 1190 1952 suurn.
1258 1911 1421 1962 Moses,
1458 1914 1525 1955 in-

111 1989 214 2045 quit,
242 1999 289 2029 ut
318 1987 370 2029 sit
399 1987 443 2028 in
474 1987 559 2035 his,
596 2003 704 2041 quae
735 1987 789 2027 ad
820 1986 963 2027 Deum
995 1997 1113 2037 sunt,
1155 1998 1195 2028 et
1233 1988 1411 2030 verbum
1441 1990 1527 2032 Dei

109 2065 306 2107 edisserat
333 2064 524 2120 populo:
567 2063 694 2104 ceteri
724 2074 864 2104 autem
895 2063 1130 2119 principes,
1175 2080 1280 2119 quos
1311 2066 1528 2120 appellant

106 2142 323 2191 tribunos,
363 2134 415 2172 —ss
453 2140 615 2182 tribuni
655 2141 767 2182 enim
806 2157 853 2181 ex
893 2157 943 2181 eo
977 2141 1201 2190 dicuntur,
1241 2142 1357 2195 quod
1397 2143 1528 2186 tribui

107 2217 298 2275 praesint
325 2241 393 2268 —-,
426 2218 553 2259 ceteri
585 2232 682 2269 ergo
713 2216 888 2268 tribuni,
918 2218 982 2258 vel
1006 2217 1287 2270 centuriones,
1318 2220 1382 2259 vel
1402 2221 1529 2275 quin-

111 2294 376 2352 quagenarii,
405 2294 592 2351 praesint
623 2294 862 2336 minoribus
892 2293 1081 2352 judiciis,
1122 2310 1230 2351 quae
1261 2296 1314 2335 ad
1343 2295 1529 2350 singulos

0 2425 89 2452 W
113 2388 306 2428 quosque
335 2371 551 2428 pertinent
590 2370 846 2414 dirimentes.
910 2373 1024 2414 Puto
1065 2382 1207 2413 autem
1252 2372 1360 2414 hanc
1391 2373 1527 2430 ipsam

234 2525 278 2580 ¹)
307 2525 347 2564 II
378 2525 492 2566 Sam.
522 2524 618 2574 XII,
649 2525 717 2570 13.
747 2525 810 2581 (II
839 2524 992 2579 Rege)

227 2595 275 2647 ²)
304 2585 639 2636 EdeMerlini:
670 2594 716 2636 id
746 2607 806 2637 est
828 2611 919 2636 non
933 2595 1073 2636 solum
1105 2619 1157 2627 -
1188 2593 1282 2647 sint,
1312 2598 1386 2639 sed
1417 2610 1456 2640 et
1486 2611 1532 2641 ut

115 2650 159 2693 in
192 2650 283 2692 aliis
314 2662 388 2692 etc.

228 2720 277 2776 ³)
308 2719 444 2764 Exod.
471 2719 631 2771 XVPH,
661 2722 727 2764 21.
756 2722 824 2763 2⁶2..

230 2789 277 2844 ⁴)
306 2788 422 2830 Alias
461 2791 522 2845 (v.
563 2808 598 2832 c.
637 2791 679 2832 in
714 2791 811 2835 edd.
841 2791 949 2846 M.):
995 2791 1267 2843 „dissidentes
1305 2794 1349 2834 in
1390 2794 1531 2847 gratia,

117 2847 344 2891 recordare
369 2846 624 2889 discordes.“
683 2849 737 2889 At
767 2846 867 2893 Mss.
898 2859 943 2889 ut
971 2847 1015 2891 in
1045 2861 1195 2892 nostro
1225 2860 1349 2892 textu.
1383 2851 1431 2892 R.

139 2983 164 3011 s
215 2977 219 2983 .
