1752 3136
490 114 537 144 m
566 101 768 144 Exonvm
797 99 997 141 ΗοΜηῙΑ
1020 101 1137 142 XIII.
1446 102 1528 147 159
1566 147 1577 152 v,

105 232 203 258 caro
234 227 389 259 nostra.
462 214 643 255 Carnem
677 227 776 263 ergo
808 228 897 252 non
928 213 1017 252 vult
1050 211 1198 252 offerri
1227 212 1324 253 Deo
1355 214 1526 256 fluitan-

105 305 188 334 tem
221 294 334 342 luxu,
364 303 404 332 et
432 289 591 331 deliciis
621 290 874 338 resolutam,
918 290 991 329 sed
1031 289 1223 344 torqueri
1262 288 1382 346 jubet
1418 306 1526 339 eam,

107 381 146 411 et
185 367 423 419 constringi.
504 365 610 420 Quis
651 382 748 418 ergo
792 377 869 414 est,
916 364 988 420 qui
1029 366 1315 421 torquebat¹)
1355 383 1525 409 carnem

104 446 253 489 suam?
284 447 360 486 Ille
389 443 604 491 nimirum,
639 443 709 498 qui
730 443 854 484 dixit:
884 458 1080 491 „macero
1099 442 1145 495 ²)
1179 459 1335 498 corpus
1366 459 1524 493 meum,

108 537 147 565 et
174 524 215 564 in
246 508 484 564 servitutem
516 518 718 575 subjicio,
751 536 804 559 ne
835 521 965 568 forte,
1005 535 1100 559 curn
1133 518 1221 560 aliis
1254 520 1526 573 praedicave-

102 602 197 650 rim,
227 599 314 654 ipse
344 598 553 651 reprobus
585 595 782 638 είῖὶςὶειικιι
843 596 913 637 Sic
946 611 1042 646 ergo
1077 608 1136 637 est
1167 595 1327 640 offerre
1359 607 1398 637 et
1427 598 1524 654 bys-

101 693 193 718 sum
224 686 391 723 tortam,
423 690 595 714 carnem
635 674 907 722 abstinentia,
937 673 1095 725 vigiliis,
1127 685 1166 714 et
1195 672 1523 714 meditationum

98 754 246 793 labore
277 752 499 791 conficere.
561 749 817 800 Offeruntur
847 763 886 791 et
916 750 992 805 pili
1023 766 1260 805 caprarum.
1329 750 1424 791 Hoc
1456 767 1525 802 ge-

98 847 176 871 nus
205 829 380 884 pecudis
419 827 463 868 in
502 828 594 877 lege
631 844 711 883 pro
743 839 918 884 peccato
959 826 1130 882 jubetur
1170 827 1329 870 offerri.
1406 827 1525 869 Pilus

97 921 199 946 vero
231 903 390 960 species
426 915 484 945 est
514 915 732 953 emortua,
775 901 990 957 exsanguis
1031 915 1069 944 et
1109 904 1317 946 exanimis.
1398 904 1522 947 Hanc

101 981 175 1037 qui
204 983 354 1031 offert,
395 981 576 1022 ostendit
615 983 660 1022 in
697 997 740 1021 se
780 997 947 1022 sensum
980 981 1142 1035 peccati
1170 979 1255 1037 jam
1288 992 1522 1031 mortuum,

96 1075 177 1099 nec
206 1059 250 1099 in
279 1057 480 1099 membris
511 1057 593 1099 suis
622 1059 733 1099 ultra
761 1057 922 1107 vivere,
969 1069 1039 1097 aut
1077 1073 1253 1109 regnare
1282 1068 1520 1112 peccatum.

97 1135 235 1176 Pelles
276 1151 448 1190 quoque
487 1137 730 1176 offeruntur
772 1134 962 1176 arietum.
1033 1134 1221 1175 Arietem
1261 1133 1385 1174 etiam
1425 1145 1521 1174 ante

95 1229 174 1254 nos
206 1212 380 1268 quidam
417 1229 496 1268 pro
535 1214 682 1253 furore
715 1224 961 1268 posuerunt.
1035 1211 1090 1252 Et
1121 1211 1220 1267 quia
1248 1211 1370 1267 pellis
1401 1228 1520 1252 mor-

96 1289 156 1331 tui
186 1290 378 1330 animalis
407 1290 611 1332 indicium
634 1301 705 1340 est,
737 1290 920 1331 ostendit
948 1289 992 1330 in
1014 1307 1054 1331 se
1073 1291 1265 1330 furorem
1287 1300 1524 1337 mortuum,

97 1367 169 1422 qui
200 1367 296 1408 Deo
330 1369 456 1408 offert
481 1367 655 1408 arietum
686 1369 828 1423 pelles.
886 1368 990 1410 Post
1021 1368 1146 1408 haec:
1178 1366 1301 1421 „et3)
1332 1365 1422 1415 viri,
1452 1365 1519 1406 in-

94 1443 196 1498 quit,
226 1455 482 1497 acceperunt
511 1461 532 1485 a
562 1445 812 1486 mulieribus
835 1445 931 1496 suis,
961 1462 1120 1494 omnes,
1141 1445 1294 1500 quibus
1310 1442 1355 1499 4>
1384 1442 1519 1483 visum

96 1531 155 1561 est
182 1536 327 1569 sensu,
371 1533 410 1561 et
447 1522 680 1562 attulerunt
707 1537 909 1573 gemmas,
950 1534 989 1563 et
1022 1522 1212 1570 inaures,
1252 1533 1292 1562 et
1322 1521 1519 1570 annulos,

97 1607 138 1637 et
168 1597 480 1648 discriminalia,
512 1611 552 1639 et
581 1599 822 1640 dextralia.“
897 1598 1024 1640 Vides
1070 1611 1107 1640 et
1147 1598 1235 1648 hic,
1291 1598 1514 1654 quomodo

92 1672 156 1714 illi
187 1675 371 1715 afferunt
403 1676 516 1716 dona
546 1676 656 1725 Deo,
692 1676 764 1732 qui
795 1678 925 1718 corde
954 1677 1118 1726 vident,
1151 1676 1223 1731 qui
1252 1675 1517 1716 intellectum

95 1752 224 1791 corde
255 1752 527 1807 concipiunt,
568 1754 640 1808 qui
678 1766 865 1794 mentem
906 1753 1113 1793 intentam
1154 1764 1193 1792 et
1224 1752 1409 1792 deditam
1442 1752 1518 1792 ha-

93 1829 194 1868 bent
225 1829 278 1868 ad
309 1830 483 1870 verbum
515 1830 609 1871 Dei.
669 1830 742 1872 Isti
773 1848 870 1884 ergo
905 1831 1091 1872 afferunt
1121 1845 1310 1879 munera,
1341 1840 1382 1870 et
1411 1831 1516 1870 asfe-

33 1958 36 1962 ἱ
92 1916 193 1945 runt
223 1907 349 1947 etiam
381 1924 402 1948 a
433 1908 683 1949 mulieribus
714 1909 796 1950 suis
825 1908 1100 1962 „inau1·es‚⁵)
1140 1906 1300 1963 inquit,
1332 1918 1371 1947 et
1399 1923 1517 1959 gem-

94 1999 195 2032 mas,
227 1995 265 2024 et
295 1985 536 2027 dextralia.“
600 1986 760 2027 Elulier
775 1985 819 2042 ⁶)
859 1987 1094 2028 secundum
1136 1985 1407 2036 allegoricam
1447 2001 1515 2024 ra-

91 2059 274 2109 tionem,
318 2078 442 2117 saepe
469 2061 556 2120 jam
587 2063 790 2113 diximus,
831 2065 949 2120 quod
981 2079 1079 2104 caro
1113 2061 1340 2118 accipitur,
1387 2073 1426 2102 et
1455 2060 1518 2101 vir

91 2135 353 2179 rationabilis
382 2155 537 2180 sensus.
604 2140 754 2182 Bonae
785 2153 883 2182 sunt
912 2157 1009 2192 ergo
1039 2140 1140 2182 istae
1169 2138 1378 2188 mulieres,
1409 2153 1517 2193 quae

94 2215 304 2255 obediunt
343 2215 442 2257 viris
479 2218 576 2258 suis.
640 2219 766 2259 Bona
811 2229 871 2259 est
909 2234 1030 2268 caro,
1078 2233 1187 2272 quae
1225 2216 1309 2273 jam
1348 2213 1516 2271 spiritui

91 2307 181 2332 non
230 2305 461 2348 repugnat,
509 2296 584 2341 sed
631 2296 898 2352 obtemperat
954 2307 992 2337 et
1039 2295 1270 2344 consentit,
1328 2304 1368 2334 et
1414 2293 1513 2334 ideo

210 2447 252 2500 ¹)
283 2447 391 2490 Edd.
428 2444 624 2490 Merl‘ini:
654 2460 864 2505 torqueat.
983 2449 1029 2504 ²)
1062 2447 1214 2489 I·Cor.
1244 2447 1319 2497 IX,
1347 2447 1414 2490 27·

208 2518 254 2572 3)
288 2518 375 2559 Cfr.
405 2519 543 2560 Exod.
572 2519 759 2570 XXXV,
788 2522 857 2562 22.

208 2586 254 2643 4)
283 2589 409 2630 Mss.:
454 2590 614 2642 „visum
648 2601 706 2631 est
745 2588 910 2632 sensu'.“
968 2588 1085 2630 Libri
1125 2587 1226 2630 editi
1260 2588 1320 2644 (v,
1352 2604 1385 2630 c.
1418 2588 1513 2629 edd.

32 2651 37 2656 “
93 2642 200 2699 ΜΛ)
234 2645 366 2694 „visus
396 2659 454 2688 est
483 2652 669 2688 sensus.“
697 2646 747 2689 R.

212 2713 259 2765 ⁵)
290 2713 426 2761 Exod.
454 2716 636 2767 XXXV,
666 2718 731 2760 22.

209 2783 256 2837 6)
285 2784 407 2828 Mss.:
435 2786 661 2838 „Mulier.“
691 2788 808 2831 Libri
839 2787 939 2831 editi
969 2788 1026 2847 (v.
1059 2804 1094 2830 c.
1124 2789 1218 2831 edd.
1250 2787 1358 2845 M.):
1382 2787 1509 2839 „Mu-

89 2839 249 2883 lieres.“
283 2839 330 2883 R.
