1752 3136
483 79 529 108 m
559 66 813 108 anmcum
845 64 1047 105 HommA
1073 63 1145 105 IV.
1445 68 1528 112 231

110 179 262 232 tigerit,
293 179 499 220 continuo
531 175 825 218 sanctificatur.
846 176 889 231 ¹)
948 176 995 217 Si
1026 175 1274 218 immundus
1303 189 1375 227 est,
1404 195 1533 221 mun..

113 259 260 298 datur:
291 256 324 299 si
353 256 397 297 in
428 257 548 311 plaga
581 263 652 301 est,
681 263 863 293 sanatur.
907 252 981 293 Sic
1012 251 1196 308 denique
1214 251 1418 294 intellexit
1445 255 1530 306 illa,

111 336 164 375 de
195 349 277 388 qua
307 332 438 388 paulo
470 341 567 371 ante
595 327 855 381 memoravi,
889 345 998 385 quae
1026 327 1287 384 profluvium
1316 329 1529 382 sanguinis

107 406 418 466 patiebatur,²)
450 407 548 462 quia
577 406 665 462 ipse
696 417 799 447 esset
829 422 928 446 caro
959 405 1164 456 sacrificii,
1195 418 1236 447 et
1253 423 1352 448 caro
1382 418 1528 449 sancta

105 499 372 528 sanctorum:
405 494 446 525 et
475 483 574 538 quia
602 499 700 523 vere
728 482 946 532 intellexit,
980 499 1089 539 quae
1116 494 1223 524 esset
1252 499 1351 524 caro
1381 496 1526 526 sancta

105 573 367 610 sanctorum,
417 559 580 601 idcirco
613 560 796 601 accessit.
862 560 920 600 Et
958 559 1092 615 ipsam
1136 560 1309 615 quidem
1353 577 1526 603 carnem

103 649 286 680 sanctam
330 637 573 690 contingere
610 653 700 677 non
741 638 887 678 audet:
925 638 1123 678 nondum
1168 637 1280 678 enim
1319 639 1525 680 mundata

100 717 249 764 fuerat,
278 730 357 754 nec
389 730 496 769 quae
526 713 712 769 perfecta
744 725 862 763 sunt,
911 714 1274 769 apprehenderat:
1313 716 1386 756 sed
1427 715 1524 755 fim-

99 790 236 832 briam
276 790 407 842 tetigit
449 789 706 840 vestimenti,
754 807 839 846 quo
879 803 1023 832 sancta
1062 807 1162 832 caro
1193 792 1432 845 tegebatur,
1483 805 1524 834 et

99 868 216 908 fideli
246 878 360 908 tactu
390 866 586 909 virtutem
619 866 763 909 elicuit
791 883 837 908 ex
869 883 1018 916 carne,
1066 884 1175 924 quae
1211 884 1256 909 se
1287 880 1327 909 et
1357 870 1410 910 ab
1439 868 1521 910 im-

94 943 304 986 munditia
341 945 630 993 sanctificaret,
662 955 702 984 et
732 961 755 985 a
787 945 923 999 plaga,
960 960 1086 998 quam
1112 944 1366 999 patiebatur,
1396 962 1519 987 sana-

94 1033 171 1063 ret.
239 1022 337 1061 Non
377 1021 455 1062 tibi
494 1020 752 1073 videntur3)
796 1019 874 1061 isto
913 1021 1044 1072 magis
1075 1021 1229 1062 ordine
1255 1032 1366 1063 stare
1394 1038 1521 1077 posse

94 1098 206 1139 dicta
236 1097 382 1146 Mosis,
414 1096 565 1152 quibus
598 1096 781 1152 dieitz4)
822 1098 960 1139 omnis
989 1097 1063 1152 qui
1092 1096 1271 1149 tetigerit
1301 1114 1348 1139 ex
1379 1098 1519 1140 carni-

92 1175 171 1216 bus
201 1172 364 1224 sanctis,
392 1173 757 1215 sanctificabitur?
813 1173 902 1216 Has
933 1173 1044 1215 enim
1085 1191 1252 1224 carnes,
1298 1191 1402 1230 quas
1439 1193 1518 1218 nos

91 1251 374 1307 exposuimus,
403 1250 628 1303 tetIgerunt
648 1267 808 1300 omnes,
840 1251 911 1306 qui
942 1268 989 1292 ex
1016 1251 1207 1303 gentibus
1230 1251 1517 1293 crediderunt.

89 1328 177 1371 Has
208 1329 339 1382 tetigit
370 1340 408 1370 et
436 1328 528 1377 ille,
581 1327 654 1383 qui
691 1328 881 1369 dicebat:
918 1328 1165 1384 ‚,fuimus⁵)
1207 1328 1320 1369 enim
1357 1340 1400 1371 et
1437 1346 1516 1371 nos

90 1406 322 1462 aliquando
353 1404 488 1454 stulti,
517 1416 558 1445 et
585 1403 819 1456 increduli,
850 1417 1056 1456 errantes,
1091 1405 1317 1447 servientes
1348 1405 1514 1447 deside-

89 1483 185 1532 riis,
228 1493 266 1523 et
295 1480 581 1537 voluptatibus
612 1480 756 1530 variis,
801 1481 846 1522 in
876 1481 1037 1522 malitia
1078 1493 1116 1523 et
1145 1482 1304 1524 invidia
1336 1488 1517 1535 agentes,¹

90 1557 286 1607 odibiles,
317 1557 506 1598 odientes
536 1556 727 1598 invicem.
786 1557 872 1599 Sed
899 1575 995 1600 cum
1026 1558 1260 1612 benignitas
1292 1570 1331 1601 et
1360 1560 1513 1601 huma-

88 1634 196 1676 nitas
226 1633 362 1676 illuxit
393 1634 622 1676 salvatoris
652 1633 786 1675 nostri
817 1635 912 1685 Dei,
942 1636 1079 1677 salvos
1108 1652 1189 1677 nos
1215 1636 1313 1677 fecit
1343 1652 1422 1692 per
1450 1637 1513 1677 la-

87 1727 260 1752 vacrum
300 1710 651 1761 regenerationis,
706 1722 745 1751 et
790 1711 1077 1753 renovationis
1116 1711 1296 1767 Spiritus
1337 1712 1512 1753 sancti.“

84 1788 140 1829 Et
170 1788 270 1829 alibi
301 1787 424 1829 dicit:
453 1799 522 1838 „et
539 1785 584 1844 6)
616 1788 733 1838 haec,
763 1787 913 1843 inquit,
944 1789 1116 1845 quidem
1146 1787 1304 1838 fuistis,
1342 1791 1414 1830 sed
1445 1787 1511 1845 ju-

87 1866 253 1906 stificati
285 1865 400 1916 estis,
432 1866 504 1906 sed
535 1865 784 1907 sanctificati
816 1865 907 1907 estis
936 1865 979 1906 in
1010 1866 1187 1907 nomine
1216 1866 1399 1907 Domini
1428 1883 1511 1907 no-

86 1942 158 1984 stri
186 1943 287 1983 Jesu
319 1942 492 1993 Christi,
537 1954 577 1983 et
613 1942 657 1983 in
697 1942 848 1999 spiritu
881 1943 963 1984 Dei
993 1943 1168 1984 nostri.“
1228 1943 1275 1984 Si
1304 1941 1430 1993 enim,
1461 1955 1509 1984 ut

88 2020 290 2069 diximus,
333 2031 474 2072 tangat
514 2020 604 2076 quis
645 2037 814 2061 carnem
843 2021 944 2061 Jesu
975 2035 1025 2061 eo
1056 2022 1217 2069 modo,
1261 2035 1347 2075 quo
1378 2036 1506 2075 supra

87 2097 369 2152 exposuimus,
400 2108 486 2137 tota
515 2098 612 2147 fide,
645 2098 764 2139 omni
795 2096 1037 2138 obedientia
1070 2098 1243 2138 accedat
1273 2098 1326 2138 ad
1346 2096 1506 2146 Jesum,

83 2185 287 2229 tanquam
318 2174 371 2214 ad
400 2173 590 2214 Verbum
629 2191 798 2216 carnem
829 2175 1012 2222 factum,
1047 2173 1126 2216 iste
1162 2173 1295 2226 tetigit
1335 2189 1506 2214 carnem

84 2250 288 2300 sacrificii,
321 2261 360 2292 et
389 2251 669 2294 sanctificatus
700 2264 770 2294 est.
839 2250 995 2302 Tangit
1032 2262 1172 2293 autem
1214 2267 1357 2292 carnes
1386 2251 1505 2292 verbi

84 2340 124 2369 et
153 2327 236 2378 ille,
269 2330 321 2369 de
352 2344 437 2383 quo
470 2327 572 2369 dicit
600 2330 853 2385 Apostolus:
884 2328 1261 2386 „persect0rum⁷)
1281 2339 1420 2369 autem
1446 2339 1506 2370 est

200 2467 243 2523 ¹)
276 2467 384 2509 Cod,
416 2468 1164 2567 §engermanensis:R„sanctificatur‚
1191 2469 1226 2510 si
1255 2468 1501 2510 immundus

81 2536 154 2574 est,
183 2536 366 2574 sanatur,
394 2542 427 2565 sl
472 2541 501 2565 n
607 2543 627 2559 ο
747 2533 783 2567 .“
854 2561 862 2570 .

197 2594 244 2647 2)
274 2594 406 2636 Marc.
437 2543 489 2644 51⁷,
517 2543 599 2638 2pss.a
605 2539 744 2651 0515?

196 2663 244 2717 3)
272 2664 386 2710 Edd,
416 2665 610 2707 Merlini:
640 2666 819 2708 videtur.

197 2732 244 2789 ⁴)
277 2733 364 2775 Cfr.
394 2735 524 2776 Levit.
553 2736 626 2787 VI,
657 2737 724 2781 18.
841 2736 885 2792 ⁵)
918 2736 1005 2784 Tit,
1036 2737 1112 2787 III,
1139 2739 1181 2782 3.
1211 2738 1250 2781 4.
1281 2739 1321 2781 5.

196 2802 243 2859 ⁶)
274 2803 293 2844 I
326 2803 426 2848 Cor.
457 2805 529 2858 VI,
559 2808 623 2851 11.
744 2807 789 2864 ⁷)
819 2807 950 2850 Hebr.
980 2807 1034 2858 V,
1064 2807 1132 2853 14.
