1752 3136
537 161 582 191 m
611 150 871 190 Lssvrrxcmu
899 145 1101 188 HommA
1124 145 1174 189 V.
1493 150 1578 194 259

156 264 200 304 in
232 279 278 304 os
308 278 462 304 meum.
538 261 623 301 Sed
665 275 806 315 neque
846 275 944 300 caro
987 260 1180 300 hesterna
1224 258 1412 301 introivit
1456 262 1499 302 in
1533 279 1578 303 os

155 343 342 382 meum.“
399 339 467 379 De
507 352 591 392 quo
623 351 748 391 saepe
788 336 902 390 apud
933 347 1090 397 memet
1119 337 1258 392 ipsum
1293 337 1578 392 requirebam,

157 432 363 472 quaenam
394 424 497 454 esset
536 412 611 453 ista
654 412 893 467 prophetae
934 411 1178 461 exsultatio,
1230 430 1313 469 qua
1344 415 1456 455 velut
1485 431 1577 456 ma-

159 509 289 546 gnum
321 489 480 546 aliquid
512 501 607 529 ante
637 489 781 530 Deum
812 490 1039 544 proferret,
1071 501 1111 530 et
1136 488 1305 539 diceret,
1339 491 1437 545 quia
1468 509 1579 533 nun-

159 585 283 625 quam
318 582 487 608 carnem
519 566 757 607 hesternam
789 564 1057 606 manducavi.
1116 565 1203 607 Sed
1232 578 1278 606 ut
1309 567 1447 617 video,
1478 569 1579 610 hinc

159 647 352 692 edoctus,
394 654 433 683 et
464 658 510 682 ex
540 642 624 683 istis
653 642 842 683 imbutus
872 643 1109 701 mysteriis,
1140 643 1243 684 haee
1272 644 1482 699 propheta
1513 647 1579 685 lo·
1632 671 1648 681 -r

157 721 366 776 quebatur
396 720 450 760 ad
479 719 734 768 Dominum,
766 721 838 775 qui
858 719 900 774 ¹)
931 736 1022 760 non
1052 719 1109 762 ita
1140 719 1354 777 abjectus,
1388 733 1426 762 et
1457 723 1581 773 dege-

153 813 232 838 ner
259 813 351 838 sum
383 799 593 845 sacerdos,
625 807 672 836 ut
702 795 928 845 hesternis,
958 796 1001 836 id
1034 809 1112 846 est,
1143 797 1352 839 veteribus
1383 798 1578 839 carnibus

154 890 308 932 vescar.
367 873 526 915 Audite
554 873 658 914 haec
691 890 838 914 omnes
868 872 1051 914 Domini
1081 875 1344 923 sacerdotes,
1375 886 1414 915 et
1446 887 1580 916 atten-

156 951 237 992 tius
267 950 498 1002 intelligite,
528 966 637 1006 quae
667 950 879 991 dicuntur.
954 949 1090 999 Caro,
1141 967 1250 1006 quae
1292 968 1339 992 ex
1369 952 1580 994 sacrificiis

155 1027 445 1070 sacerdotibus
474 1028 716 1083 deputatur,
746 1026 924 1067 verbum
955 1025 1040 1067 Dei
1071 1038 1152 1076 est,
1185 1029 1302 1083 quod
1333 1027 1375 1068 in
1408 1028 1581 1070 ecclesia

158 1107 323 1146 docem.
392 1103 478 1144 Pro
494 1103 540 1158 ²)
580 1103 664 1143 hoc
706 1118 804 1156 ergo
847 1103 991 1153 figuris
1020 1101 1205 1161 mysticis
1235 1117 1580 1155 commonentur,

156 1192 215 1229 ut,
246 1196 342 1220 cum
372 1181 567 1235 proferre
597 1181 648 1221 ad
682 1181 895 1235 populum
937 1196 1179 1221 sermonem
1211 1182 1454 1238 coeperint,
1491 1199 1583 1223 non

156 1258 348 1298 hesterna
378 1258 613 1312 proferant,
647 1273 735 1297 non
766 1269 919 1307 vetera,
950 1274 1059 1313 quae
1089 1270 1187 1299 sunt
1223 1259 1458 1300 secundum
1488 1259 1580 1300 lite-

156 1351 260 1384 ram,
288 1334 620 1390 proloquantur,
649 1335 722 1377 sed
752 1351 829 1390 per
851 1334 1024 1388 gratiam
1044 1334 1129 1375 Dei
1149 1351 1259 1375 nova
1281 1351 1450 1391 semper
1478 1352 1581 1392 pro-

155 1414 309 1460 ferant,
339 1422 380 1452 et
407 1411 639 1468 spiritualia
668 1428 836 1467 semper
864 1412 1090 1453 inveniant.
1161 1411 1207 1452 Si
1237 1411 1351 1454 enim
1383 1428 1443 1462 ea,
1475 1429 1584 1468 quae

159 1487 356 1529 didiceris
386 1505 409 1528 a
437 1487 610 1528 Judaeis
640 1489 862 1537 hesterno,
907 1488 1011 1529 haec
1042 1487 1173 1529 hodie
1198 1487 1244 1529 in
1275 1489 1448 1530 ecclesia
1479 1506 1583 1545 pro-

156 1566 279 1613 feras,
309 1565 394 1605 hoe
426 1575 486 1604 est
514 1565 751 1606 hesternam
784 1581 955 1606 carnem
985 1563 1176 1606 sacrificii
1209 1566 1347 1606 edere.
1418 1565 1464 1607 Si
1493 1583 1582 1607 me-

158 1639 360 1690 ministis,
410 1639 534 1682 etiam
574 1639 616 1681 in
659 1641 943 1695 oblatione³)
985 1641 1271 1697 primitiarum
1311 1643 1463 1683 eodem
1493 1660 1580 1685 ser-

158 1733 288 1759 mone
317 1734 416 1759 usus
446 1728 506 1758 est
534 1717 761 1770 legislator,
791 1730 838 1759 ut
865 1717 958 1767 sint,
988 1717 1139 1774 inquit,
1169 1736 1280 1760 nova
1312 1731 1351 1761 et
1380 1721 1578 1777 recentia·

156 1794 287 1837 Vides
315 1793 476 1849 ubique
507 1810 577 1844 ea,
618 1810 727 1850 quae
760 1795 813 1835 ad
843 1795 989 1836 laudes
1019 1795 1105 1836 Dei
1134 1795 1374 1850 pertinent,
1415 1821 1466 1830 --
1499 1798 1583 1838 hoc

159 1873 272 1912 enim
303 1882 364 1913 est
392 1870 646 1926 sacrificium
675 1873 813 1914 laudis
844 1896 911 1922 —-‚
939 1889 1049 1913 nova
1068 1904 1078 1922 ,
1110 1884 1149 1913 et
1178 1873 1360 1914 recentia
1392 1890 1479 1915 esse
1510 1876 1583 1916 de-

160 1952 276 1999 bere,
304 1965 359 1990 ne
388 1951 525 1999 forte,
569 1934 665 1990 cum
705 1961 842 1991 vetera
872 1951 1038 2005 profers
1068 1950 1113 1990 in
1145 1949 1341 2000 ecclesia,
1372 1950 1482 1991 labia
1511 1963 1583 1992 tua

161 2028 414 2081 loquantur,
452 2038 493 2067 et
529 2042 647 2067 mens
676 2037 747 2067 tua
789 2027 879 2068 sine
909 2028 1049 2068 fructu
1081 2027 1142 2068 sit.
1211 2026 1296 2067 Sed
1328 2027 1452 2076 audi,
1482 2027 1585 2083 quid

166 2103 266 2144 dicit
297 2103 550 2159 Apostolus:
582 2102 716 2157 „si,4)
744 2102 894 2160 inquit,
923 2103 1078 2159 loquar
1093 2103 1256 2158 linguis,
1277 2103 1446 2158 spiritus
1467 2121 1584 2145 meus

166 2190 282 2228 orat,
329 2181 402 2220 sed
441 2196 560 2221 mens
604 2197 700 2221 mea
735 2180 825 2222 sine
865 2183 1005 2222 fructu
1046 2192 1116 2222 est.
1154 2165 1305 2234 'Quid
1335 2181 1460 2232 igitur
1490 2181 1582 2223 est?

165 2256 329 2307 Orabo‚
360 2255 508 2312 inquit,
540 2256 702 2313 spiritu,
735 2259 870 2299 orabo
897 2270 936 2299 et
953 2270 1119 2300 mente:
1150 2258 1391 2314 psallam⁵)
1421 2259 1584 2314 spiritu,

279 2492 323 2546 ¹)
354 2492 465 2534 Edd.
497 2491 690 2534 Merlini:
725 2494 833 2548 quia.

280 2562 325 2617 ²)
357 2563 466 2604 Edd.
497 2563 694 2604 Merlini:
724 2562 809 2605 Per
839 2564 920 2604 hoc
953 2574 1026 2604 etc.

278 2631 324 2685 ³)
356 2630 465 2674 Cod.
507 2633 782 2684 Sangerman.
825 2633 990 2689 (itemq.
1024 2634 1116 2675 edd.
1154 2633 1262 2689 M.):
1292 2635 1582 2686 „0blatione.“

162 2685 278 2728 Libri
311 2688 435 2728 editi:
463 2690 794 2739 „oblationemf‘
814 2690 866 2730 R.

277 2757 323 2811 ⁴)
354 2758 371 2798 I
403 2758 501 2800 Cor.
531 2760 648 2810 XW,
680 2761 744 2801 14.
776 2761 840 2804 15.

279 2829 325 2880 ⁵)
355 2827 470 2869 Libri
500 2841 620 2871 antea
663 2830 762 2870 editi
809 2829 869 2885 (v.
902 2847 935 2872 c.
968 2831 1063 2872 edd.
1095 2830 1202 2887 M.):
1242 2833 1477 2888 „psalmum
1519 2830 1583 2871 ‹li-

166 2898 256 2924 cam
287 2883 449 2938 spiritu,
479 2888 690 2940 psalmum
735 2885 872 2928 dicam
913 2898 953 2928 et
993 2899 1150 2930 mente,
1219 2888 1280 2929 Ita
1323 2904 1421 2939 ergo
1465 2898 1505 2928 et
1538 2899 1582 2927 tu

1157 2965 1250 3007 17*
