1752 3136
242 111 300 156 28
853 108 1077 151 Oamssffls

244 223 460 282 proficisci
492 223 610 282 jubet
650 239 697 264 ex
738 224 957 282 Aegypto,
996 223 1233 265 videamus:
1275 221 1492 278 ‚,viam,¹)
1531 222 1680 279 inquit,

243 302 374 344 trium
409 302 573 343 dierum
606 300 761 342 ibimus
794 300 837 341 in
870 317 1036 350 eremo,
1074 312 1112 342 et
1141 301 1201 342 ibi
1233 300 1552 342 immolabimus
1581 299 1679 340 Do-

243 381 364 422 mino
397 380 496 421 Deo
525 384 714 421 nostro.“
773 377 897 432 Quae
929 389 988 419 est
1005 378 1069 418 via
1096 377 1223 418 trium
1252 377 1431 427 dierum,
1462 393 1570 432 quae
1598 394 1680 418 no-

243 458 308 498 bis
338 456 576 497 incedenda
609 468 680 505 est,
710 467 756 496 ut
788 467 982 496 exeuntes
1016 456 1068 496 de
1099 457 1292 513 Aegypto
1324 454 1546 511 pervenire
1576 471 1678 510 pos-

244 534 374 576 simus
407 535 459 574 ad
491 535 649 582 locum,
677 533 719 574 in
753 549 839 589 quo
870 532 1097 573 immolare
1129 531 1390 574 debeamus?
1444 532 1535 584 Ego
1568 531 1677 572 viam

246 613 367 654 illum
399 610 612 662 intelllgo,
638 600 723 666 *qui
763 610 884 651 dixit:
917 608 1035 660 „Ego
1051 609 1098 664 ²)
1128 626 1220 650 sum
1251 609 1338 658 via,
1379 621 1418 651 et
1458 609 1606 650 veritas
1639 620 1679 649 et

245 689 366 731 vitaf⁸
426 688 544 730 Haec
574 687 638 727 via
669 686 815 727 triduo
848 687 974 729 nobis
1013 686 1251 728 incedenda
1294 698 1364 728 est.
1435 685 1524 740 Qui
1565 684 1677 726 enim

246 765 522 820 confessus3)
552 763 678 805 suerit
707 763 749 804 in
785 779 859 805 ore
888 781 965 805 suo
999 764 1241 804 Dominum
1271 765 1442 813 Jesum,
1472 774 1511 804 et
1541 762 1679 803 credi-

246 844 355 885 derit
386 843 429 883 in
463 843 595 882 corde
624 857 715 891 su0,
748 842 867 896 quod
899 841 1018 881 Deus
1049 840 1170 881 illum
1202 841 1414 882 suscitavit
1445 859 1467 882 a
1497 840 1679 883 mortuis

245 920 367 962 tertia
401 919 480 967 die,
511 919 647 960 salvus
680 918 770 959 erit.
832 917 949 958 Haec
981 932 1080 968 ergo
1101 929 1159 958 est
1177 916 1307 959 tridui
1337 918 1414 967 via,
1444 934 1522 974 per
1551 934 1678 973 quam

244 998 492 1055 pervenitur
521 997 566 1037 in
596 997 756 1044 locum,
784 995 828 1036 in
861 1011 947 1051 quo
981 994 1175 1035 Domino
1208 996 1480 1045 immoletur,
1510 1007 1550 1037 et
1580 996 1677 1035 red-

247 1078 374 1118 datur
417 1073 671 1118 sacrificium
711 1073 861 1114 laudis.
926 1071 1067 1122 Haec,
1110 1084 1318 1128 quantum
1357 1076 1409 1115 ad
1452 1073 1677 1132 mysticum

245 1153 430 1210 pertinet
459 1153 732 1194 intellectum.
808 1150 855 1192 Si
886 1167 985 1191 vero
1019 1151 1142 1191 etiam
1175 1152 1406 1200 moralem,
1447 1151 1520 1207 qui
1550 1150 1675 1191 nobis

244 1231 437 1288 perutilis
481 1241 560 1278 est,
599 1228 855 1284 requirimus
893 1229 1062 1278 locum,
1101 1230 1182 1270 iter
1219 1228 1348 1270 tridui
1388 1230 1442 1269 de
1485 1229 1677 1285 Aegypto

243 1307 581 1364 proficiscimur,
629 1307 663 1348 si
702 1307 758 1348 ita
799 1323 878 1348 nos
919 1308 972 1347 ab
1005 1306 1124 1347 omni
1154 1306 1478 1362 inquinamento
1511 1307 1678 1347 animae

244 1398 286 1426 et
319 1384 513 1440 corporis
546 1401 592 1424 ac
615 1384 784 1440 spiritus
808 1372 1118 1433 conservemus,
1149 1383 1276 1439 ut,⁴)
1307 1384 1676 1440 quemadmodum

247 1463 351 1505 dixit
383 1463 635 1519 Apostolus,
678 1462 840 1512 integer
881 1461 1078 1517 „spiritus
1108 1462 1328 1517 vester‚‘)
1372 1474 1412 1503 et
1443 1462 1606 1510 anima,
1639 1472 1679 1503 et

246 1559 403 1597 corpus
438 1541 483 1581 in
517 1541 585 1581 die
612 1538 715 1581 Jesu
747 1538 903 1580 Christi
939 1544 1165 1579 servetur.“
1231 1538 1386 1580 Tridui
1425 1539 1506 1580 iter
1541 1541 1675 1596 profi-

247 1620 445 1661 ciscimur
476 1619 529 1659 de
559 1620 766 1676 Aegypto,
795 1616 828 1657 si
858 1616 1134 1664 rationalem,
1171 1617 1436 1665 naturalem,
1465 1617 1676 1658 moralem

243 1696 493 1753 sapientiam
527 1697 580 1736 de
610 1697 736 1736 rebus
767 1694 1058 1735 mundialibus
1091 1694 1327 1734 auferentes
1353 1695 1405 1734 ad
1425 1706 1577 1736 statuta
1611 1697 1675 1736 di-

244 1775 341 1816 vina
385 1773 693 1815 convertimus:
733 1772 864 1813 tridui
903 1771 983 1812 iter
1023 1772 1075 1812 de
1120 1773 1308 1829 Aegypto
1348 1772 1675 1828 proficiscimur,

244 1852 278 1895 si
309 1851 582 1907 purificantes
613 1851 654 1891 in
687 1849 812 1890 nobis
846 1848 979 1897 dicta,
1016 1849 1150 1897 faeta,
1181 1849 1246 1888 vel
1278 1848 1480 1899 cogitata,
1510 1873 1564 1881 —
1592 1849 1674 1890 tria

245 1941 344 1970 sunt
375 1927 485 1968 enim
517 1928 643 1975 haec,
682 1944 760 1982 per
803 1942 911 1982 quae
951 1941 1127 1982 peccare
1164 1926 1360 1968 homines
1398 1914 1578 1982 possunt
1606 1950 1674 1977 ——,

245 2006 482 2048 efficiamur
511 2005 661 2045 mundi
695 2005 847 2052 corde,
885 2015 931 2044 ut
967 2003 1177 2058 possimus
1212 2004 1355 2044 Deum
1386 2004 1543 2046 videre.
1601 2005 1674 2047 Vis

245 2097 384 2124 autem
414 2082 579 2130 videre,
610 2098 719 2137 quae
738 2081 782 2136 ⁶)
814 2079 1062 2138 hujusmodi
1090 2093 1200 2130 sunt,
1230 2098 1339 2137 quae
1368 2081 1411 2122 in
1444 2062 1672 2138 Scripttiris

243 2162 405 2203 indicat
444 2160 627 2216 Spiritus
665 2159 863 2200 sanctus?
922 2158 1091 2200 Pharao
1135 2158 1226 2208 hic,
1266 2159 1339 2213 qui
1378 2171 1436 2200 est
1472 2159 1671 2216 princeps

244 2237 446 2296 Aegypti,
485 2237 560 2278 ubi
589 2252 631 2277 se
660 2237 774 2276 videt
804 2236 1092 2278 vehementius
1122 2237 1341 2292 perurgeri
1355 2268 1372 2286 ,ς
1406 2249 1452 2278 ut
1491 2238 1673 2279 dimittat

242 2316 457 2372 popultum
491 2314 586 2363 Dei,
619 2315 806 2354 secundo
839 2313 939 2354 loco
971 2313 1055 2354 hoc
1088 2313 1205 2369 cupit
1231 2314 1471 2370 impetrare,
1502 2315 1668 2356 nelon—

245 2393 334 2445 gius
376 2394 553 2440 abeant,
591 2407 646 2431 ne
683 2402 821 2441 totum
852 2390 1041 2431 triduum
1081 2391 1429 2447 proficiscantur,
1467 2403 1507 2432 et
1547 2392 1667 2434 dicit:

245 2487 357 2521 „non
377 2469 419 2524 7)
452 2470 581 2521 longe
608 2469 805 2510 abeatis.“
861 2468 960 2508 Non
993 2469 1080 2509 vult
1108 2469 1236 2522 longe
1268 2486 1290 2509 a
1329 2485 1374 2510 se
1402 2468 1495 2510 fieri
1524 2487 1666 2526 popu-

361 2651 406 2706 ¹)
436 2651 574 2692 Exod.
602 2650 676 2700 ΙΙΙ,
707 2653 772 2695 18.
892 2651 938 2708 ²)
969 2651 1044 2693 Ev.
1072 2652 1231 2694 Joann.
1261 2650 1376 2700 XIV,
1407 2652 1446 2694 6.

358 2721 406 2776 ³)
440 2721 527 2763 Cfr.
561 2721 684 2762 Rom.
716 2723 771 2772 X,
800 2723 841 2764 9.
959 2721 1005 2778 ⁴)
1035 2722 1054 2763 Ῑ
1087 2722 1231 2763 Thess.
1261 2722 1313 2772 V,
1343 2723 1410 2766 23.

359 2793 406 2846 ⁵)
434 2791 546 2833 Edd.
576 2792 774 2833 Merlini:
802 2805 957 2836 noster.
1077 2792 1124 2849 ὓ)
1153 2793 1264 2835 Edd.
1293 2791 1488 2836 Me'rlini:
1532 2797 1661 2849 quod.

360 2861 406 2918 ⁷)
435 2861 569 2905 Exod.
604 2862 718 2917 VIII,
748 2862 814 2906 28.

1748 314 1752 379 1
