1752 3136
482 138 528 168 m
557 126 806 173 Lssvmcum
837 125 1037 166 HommA
1059 124 1134 165 XI.
1426 128 1508 172 381

65 286 69 289 ,
96 238 238 281 cimdo
271 254 361 280 non
393 239 535 289 faciat,
575 250 644 279 ant
674 237 708 278 si
739 249 776 277 et
805 237 1020 285 secunde,
1065 239 1136 275 aut
1169 234 1292 277 etiam
1323 238 1446 279 tertio
1466 239 1508 293 ¹)

92 328 341 371 praeventus
373 328 446 370 est,
475 318 583 356 ultra
610 331 700 355 non
731 315 872 356 addat.
930 312 1003 354 Est
1035 313 1147 352 enim
1179 314 1294 369 apud
1323 312 1508 370 judicem

91 392 247 449 justum
265 409 431 448 poenae
449 390 700 441 moderatio,
733 407 825 432 non
843 390 982 432 solum
1011 405 1091 443 pro
1122 390 1333 443 qualitate,
1361 408 1508 433 verum

91 469 214 510 etiam
244 486 325 524 pro
355 470 598 524 quantitate.

201 546 238 588 3.
273 546 386 588 Inter
418 557 554 587 cetera
586 561 683 598 ergo
716 554 910 601 peccata,
949 559 1057 599 quae
1084 554 1228 599 'morte
1257 544 1508 600 puniuntur,

88 625 217 664 refert
249 623 387 664 divina
419 623 507 673 lex,
549 623 663 677 quod
705 633 745 662 et
788 620 947 676 „qui²)
987 619 1250 662 maledixerit
1285 622 1397 676 patri
1436 635 1508 664 aut

88 699 227 751 matri,
256 711 396 741 morte
425 700 673 741 moriatur.“
730 700 903 740 Nomen
931 697 1059 753 patris
1085 700 1242 752 grande
1256 699 1505 757 mysterium

90 788 161 826 est,
193 789 232 818 et
259 793 421 818 nomen
450 776 594 818 matris
624 791 778 817 arcana
806 773 1039 816 reverentia
1071 786 1140 816 est.
1186 775 1314 818 Pater
1337 776 1413 818 tibi
1443 795 1505 819 se-

88 855 276 895 cundum
307 853 500 909 spiritum
519 852 636 893 Deus
667 863 748 893 est:
779 861 915 892 mater
944 851 1181 893 Jerusalem
1214 854 1401 896 coelestis
1434 867 1504 897 est.
1530 879 1533 885 ·

87 930 354 986 Propheticis
395 930 499 971 haec
542 941 582 969 et
622 929 878 984 Apostolicis
926 927 1175 970 testimoniis
1214 930 1338 973 disce.
1422 932 1509 973 Hie

88 1008 178 1064 ipse
205 1009 348 1049 Moses
386 1006 533 1049 scribit
562 1007 604 1047 in
649 1002 1114 1059 canticoz‘„nonne³)
1150 1007 1217 1047 hic
1257 1008 1346 1063 ipse
1383 1021 1506 1064 pater

87 1097 184 1126 tuus
215 1084 430 1141 acquisivit
445 1083 490 1139 ⁴)
520 1095 560 1124 te
574 1083 622 1124 ?“
670 1082 902 1139 Apostolus
931 1098 1031 1123 vero
1063 1081 1163 1122 dicit
1196 1083 1248 1123 de
1271 1085 1506 1128 Jesusalem

89 1161 270 1211 coelesti,
290 1161 386 1217 quia
414 1160 574 1211 „libera
597 1159 641 1215 5)
663 1169 734 1209 est,
764 1176 871 1215 quae
893 1171 964 1211 est,
989 1158 1138 1214 inquit,
1160 1171 1296 1201 mater
1313 1162 1505 1204 omnium

86 1244 319 1281 nostrum.“
384 1237 531 1279 Primo
579 1253 676 1290 ergo
720 1236 798 1277 tibi
835 1248 958 1292 pater
987 1236 1105 1277 Deus
1137 1248 1217 1286 est,
1260 1238 1333 1292 qui
1363 1239 1505 1291 genuit

48 1359 52 1363 ,
84 1316 276 1372 spiritum
305 1327 440 1364 tuum,
471 1314 544 1370 qui
576 1327 616 1355 et
648 1313 770 1355 dicit:
802 1313 1001 1367 ‚‚fflios⁶)
1032 1315 1177 1365 genui,
1224 1326 1262 1355 et
1293 1316 1505 1358 exaltavi.“

87 1395 174 1436 Sed
204 1405 243 1434 et
278 1392 437 1434 Paulus
477 1393 711 1447 Apostolus
760 1390 881 1432 dicit:
924 1391 1356 1447 ,‚obtemperemus⁷)
1394 1394 1505 1448 patri

86 1470 323 1526 spirituum,
354 1481 394 1510 et
422 1468 646 1510 vivemus.“
704 1468 905 1509 Secundo
927 1467 1003 1508 tibi
1022 1480 1142 1523 pater
1172 1480 1229 1510 est
1260 1470 1396 1512 carnis
1426 1487 1503 1526 pa—

84 1561 169 1596 ter,
211 1545 328 1602 cujus
366 1545 599 1587 ministerio
640 1545 684 1586 in
723 1561 848 1586 carne
885 1556 1006 1586 natus
1038 1561 1102 1594 es,
1148 1557 1273 1602 atque
1313 1545 1357 1589 in
1388 1548 1504 1590 hune

83 1625 297 1665 mundum
327 1621 495 1672 venisti,
546 1623 619 1678 qui
658 1634 699 1663 te
735 1622 917 1677 portavit
957 1621 1001 1662 in
1039 1622 1215 1663 lumbis:
1253 1623 1358 1664 sicut
1397 1625 1502 1666 dici-

84 1701 212 1756 turs)
254 1702 306 1741 de
343 1699 465 1749 Levi,
512 1699 610 1754 quia
660 1699 704 1739 in
744 1698 899 1740 lumbis
948 1693 1036 1739 erat
1075 1698 1214 1740 adhuc
1252 1701 1502 1753 Abrahami,

85 1778 258 1835 quando
293 1776 477 1818 occurrit
493 1775 537 1831 9>
570 1775 607 1816 ei
636 1776 974 1825 Melchisedech,
1006 1792 1190 1828 regresso
1224 1793 1246 1818 a
1279 1779 1406 1819 caede
1435 1796 1503 1820 re-

84 1872 197 1908 gum,
228 1865 268 1894 et
296 1852 511 1895 benedixit
542 1847 651 1903 eum,
683 1866 723 1894 et
752 1852 934 1894 decimas
977 1851 1136 1908 accepit
1168 1854 1220 1893 ab
1254 1869 1317 1896 eo.
1387 1855 1501 1909 Quia

82 1932 209 1985 igitur
237 1942 321 1971 tam
352 1942 560 1971 sacratum
589 1947 752 1971 nomen
783 1941 843 1971 est
871 1929 1024 1985 patris,
1064 1941 1103 1969 et
1132 1941 1218 1970 tam
1247 1933 1501 1983 venerabile,

81 2009 244 2050 idcirco
277 2007 350 2063 qui
379 2005 640 2047 maledixerit
682 2006 791 2062 patri
822 2019 892 2048 aut
922 2008 1065 2056 matri,
1105 2018 1245 2047 morte
1281 2009 1502 2051 morietur.

85 2083 257 2127 Similia·
291 2082 416 2124 etiam
457 2084 510 2124 de
544 2094 678 2123 matre
716 2083 988 2125 existimanda
1028 2095 1148 2133 sunt,
1190 2073 1307 2140 cujus
1337 2086 1500 2138 labore,

85 2160 204 2217 cujus
235 2176 348 2210 cura,
379 2158 497 2216 &jus
526 2159 770 2210 ministerio,
803 2171 843 2201 ct
871 2172 1014 2210 natus,
1047 2172 1085 2201 et
1114 2160 1295 2201 nutritus
1328 2177 1381 2208 es,
1442 2164 1500 2206 Et

82 2238 180 2279 ideo
213 2249 382 2293 oportet
410 2248 452 2278 te
480 2238 715 2279 secundum
747 2237 1007 2291 Apostolum
1046 2254 1195 2293 parem
1227 2239 1402 2290 gratiam
1432 2257 1499 2282 re-

81 2316 193 2356 ferre
222 2315 478 2370 parentibus.
548 2312 594 2356 Si
632 2313 743 2355 enim
776 2314 1103 2356 dehonoraveris
1146 2325 1311 2369 patrem
1351 2332 1496 2360 carna-

199 2460 242 2515 1)
273 2460 609 2502 Edd.Mer1ini;
641 2461 685 2502 in
716 2461 853 2503 teltio.

196 2530 243 2584 2)
273 2531 398 2570 Levit.
433 2532 531 2581 XX,
561 2531 602 2574 9.
720 2533 765 2586 3)
797 2532 922 2573 Deut.
953 2531 1136 2582 XXXII,
1165 2534 1204 2577 6.

146 2656 160 2696 ¹
196 2599 242 2654 4)
272 2599 383 2640 Edd.
415 2600 608 2642 Me1lini:
638 2600 881 2657 „acquisivit
911 2613 963 2652 te,
994 2614 1032 2643 et
1061 2604 1246 2658 possedit
1276 2604 1345 2648 te?
1375 2608 1498 2664 Apo-

84 2666 150 2696 sto
166 2661 236 2697 us“
268 2667 346 2703 etc

198 2725 243 2779 ⁵)
275 2725 411 2768 Galat.
441 2726 513 2777 IV,
542 2727 609 2770 26,
729 2729 777 2782 6)
806 2727 931 2770 Jesai.
960 2729 993 2779 I,
1022 2730 1063 2772 2.

199 2794 243 2850 7)
274 2794 406 2838 Hebr.
438 2797 533 2846 ΧΗ,
561 2798 599 2840 9.
718 2796 765 2853 ⁸)
799 2797 886 2842 Cfr.
921 2797 1072 2844 Genes.
1104 2798 1217 2843 XIV.

197 2863 244 2919 ⁹)
276 2863 361 2908 Cfr.
398 2865 527 2909 Hebr.
561 2866 655 2917 VII,
685 2867 721 2911 1.
