1752 3136
258 118 341 161 158
849 113 1069 156 Omonms

1636 182 1651 195 ἱ

806 195 821 203 s

256 227 474 270 hominem
506 225 742 268 venientem
770 226 813 267 in
846 228 958 269 hunc
988 227 1224 277 mundum,
1261 226 1391 268 habet
1431 239 1571 271 tamen
1602 231 1678 273 ali-

258 305 432 363 quid‚¹)
464 305 581 360 quod
614 315 653 344 et
683 304 905 354 incendat,
948 304 1054 346 sicut
1095 307 1354 347 confitentur
1383 304 1467 357 illi,
1513 305 1585 362 qui
1617 307 1682 348 di-

257 395 379 425 cunt:
410 398 558 422 nonne
575 380 620 436 ²)
651 398 727 422 cor
754 393 951 423 nostrum
983 384 1135 424 ardens
1169 394 1256 423 erat
1286 383 1395 423 intra
1437 399 1539 432 nos,
1585 399 1682 424 cum

257 458 497 515 adaperirct
525 457 648 499 nobis
679 458 975 514 Scripturas?“
1035 459 1175 500 Simul
1207 476 1304 513 ergo
1339 470 1378 500 et
1410 459 1681 510 incendebat,

257 549 297 579 et
325 535 613 584 illuminabat,
656 534 903 590 adaperiens
945 535 1197 592 Scripturas.
1258 537 1410 579 Nescio
1444 548 1609 586 autem,
1649 536 1682 578 si

257 627 296 657 et
325 616 395 656 ille
424 613 527 665 ignis
558 612 600 653 in
633 613 776 652 futuro
818 612 1013 663 sacculo,
1057 613 1128 669 qui
1166 614 1377 663 incendit,
1424 614 1578 654 habeat
1609 613 1685 655 ali-

258 690 436 749 quid,³)
469 690 587 745 quod
618 699 659 728 et
688 687 910 729 illuminet-z
967 689 1041 730 Est
1071 705 1185 741 ergo,
1218 703 1262 732 ut
1294 690 1576 739 ostendimus,
1607 705 1684 730 na-

254 782 350 811 tura
380 767 485 817 ignis
518 766 688 819 duplex,
722 775 761 804 et
791 764 889 804 ideo
921 764 1094 821 jubetur
1124 767 1273 809 offerri
1304 784 1456 808 coccus
1491 766 1684 822 duplica-
1712 766 1713 769 ’

254 860 331 888 tus.
392 842 631 897 Quomodo
665 857 763 892 ergo
795 857 874 882 nos
908 840 1066 882 offerre
1104 858 1329 897 possumus
1370 844 1511 895 ignem
1557 844 1684 885 istum

257 921 521 977 duplicatum
555 918 608 958 ad
641 917 879 959 aedificium
912 919 1198 967 tabernaculi,
1227 919 1456 960 videamus.
1525 919 1572 960 Si
1603 921 1685 960 do-

257 1012 349 1042 ctor
390 1015 452 1047 es,
500 995 671 1037 exstruis
712 995 1037 1036 tabernaculum
1070 996 1296 1037 aedificans
1329 996 1546 1037 ecclesiam
1577 996 1683 1037 Dei:

257 1078 357 1119 dicit
388 1090 486 1127 ergo
529 1085 568 1114 et
609 1072 663 1113 ad
703 1083 755 1129 tex
784 1072 925 1121 Deus,
973 1075 1089 1128 quod
1131 1085 1170 1114 et
1211 1075 1264 1114 ad
1299 1073 1531 1115 Jeremiam
1563 1072 1684 1114 dixit:

256 1169 394 1205 „ecce,
415 1151 460 1205 ⁴)
492 1147 589 1190 dedi
619 1150 748 1190 verba
778 1165 873 1189 mea
901 1149 947 1190 in
979 1166 1026 1191 os
1055 1162 1174 1191 tuum
1191 1156 1226 1190 :“
1257 1150 1302 1191 id
1334 1163 1405 1202 est,
1433 1151 1592 1204 ignem.'
1637 1149 1685 1191 Si

258 1247 357 1283 ergo
391 1230 550 1269 docens
583 1238 621 1267 et
650 1226 878 1267 aedificans
911 1227 1126 1268 ecclesiam
1148 1227 1245 1278 Dei,
1276 1228 1469 1284 increpes
1498 1239 1686 1268 tantum-

255 1309 388 1349 modo
424 1316 462 1346 et
491 1320 637 1356 arguas
670 1315 708 1344 et
739 1302 930 1355 castiges,
979 1315 1017 1344 et
1055 1316 1225 1360 peccata
1255 1306 1409 1361 populi
1441 1306 1685 1361 exprobres,

255 1385 363 1427 nihil
403 1394 544 1424 autem
587 1380 893 1422 consolationis
941 1383 1133 1435 proferas
1174 1383 1226 1422 de
1266 1383 1481 1438 scripturis
1521 1380 1685 1430 divinis,

257 1464 487 1505 obscurum
517 1457 624 1499 nihil
656 1457 876 1513 explanes,
918 1458 1026 1498 nihil
1066 1458 1264 1499 scientiae
1294 1460 1591 1515 profundioris
1622 1470 1685 1499 at-

254 1540 400 1591 tingas,
431 1553 518 1577 nec.
540 1535 701 1590 aliquid
730 1532 1032 1586 intelligentiae
1060 1536 1297 1577 sacratioris
1339 1535 1522 1591 aperias,
1556 1537 1684 1577 obtu-

254 1616 337 1658 listi
367 1615 541 1672 quidem
581 1628 783 1661 coccum,
833 1613 907 1653 sed
941 1628 1031 1652 non
1073 1612 1349 1668 duplicatum.
1417 1612 1527 1664 Ignis
1568 1612 1680 1654 enim

253 1708 351 1737 tuus
381 1691 574 1734 incendit
604 1689 923 1737 tantummodo,
955 1700 992 1730 et
1023 1706 1113 1730 non
1142 1690 1365 1731 illuminat.
1413 1691 1470 1731 Et
1498 1707 1683 1739 rursum,

255 1772 290 1813 si
322 1773 480 1812 docens
508 1766 706 1825 mysteria
736 1766 835 1818 legis
867 1765 1043 1820 aperias,
1069 1777 1331 1808 secretorum
1357 1783 1508 1808 arcana
1542 1769 1683 1809 discu-

254 1849 344 1899 tias,
374 1857 622 1903 peccantem
651 1860 751 1884 vero
785 1859 876 1884 non
907 1859 1075 1895 arguas,
1113 1843 1393 1896 negligentem
1423 1862 1515 1886 non
1546 1844 1680 1886 corri-

255 1925 359 1983 pias,
389 1922 650 1965 severitatem
683 1919 929 1975 disciplinae
958 1936 1049 1960 non
1080 1931 1245 1970 teneas,
1289 1921 1479 1962 obtulisti
1511 1921 1683 1977 quidem

256 2018 446 2053 coccum,
476 2000 551 2041 sed
579 2015 669 2039 non
698 1997 973 2053 duplicatum.
1025 1997 1135 2050 Ignis
1167 1999 1277 2039 enim
1309 2010 1403 2040 tuus
1434 2011 1599 2040 tantum
1628 1999 1681 2040 il-

253 2081 446 2128 luminat,
474 2094 566 2118 non
597 2075 796 2117 accendit.
857 2073 945 2128 Qui
975 2089 1073 2125 ergo
1108 2087 1221 2116 recte
1242 2077 1381 2124 offen,
1416 2087 1456 2117 et
1472 2087 1584 2117 recte
1615 2075 1680 2117 di-

251 2159 369 2207 vidit,
400 2171 577 2198 coccum
608 2154 737 2194 offert
766 2152 1055 2208 duplicatum,
1090 2164 1137 2193 ut
1167 2169 1263 2194 cum
1294 2152 1491 2195 scientiae
1520 2153 1682 2195 lumine

252 2235 489 2290 igniculum
519 2230 742 2273 severitatis
773 2229 1011 2271 admisceat.

367 2314 406 2355 5.
439 2310 557 2365 Quid
589 2318 730 2350 autem
760 2306 977 2353 sibiffelit
1019 2319 1057 2348 et
1095 2307 1239 2365 byssus
1279 2319 1411 2359 torta,
1450 2309 1677 2353 videamus.

254 2392 309 2433 Et
337 2390 407 2431 hic
437 2388 551 2431 enim
591 2384 708 2427 dedit
745 2384 905 2441 aliquid
946 2385 1224 2426 additamenti
1262 2402 1365 2441 prae
1408 2387 1553 2429 ceteris
1594 2389 1678 2428 ele-
1735 2382 1744 2397 ¹

254 2468 416 2508 mentis.
474 2464 655 2522 Byssum
689 2460 864 2504 diximus
895 2474 1031 2503 terrae
1061 2462 1219 2504 habere
1240 2465 1438 2515 formam,
1469 2467 1590 2521 quod
1621 2478 1680 2507 est

502 2579 582 2587 —-

373 2653 416 2706 ¹)
446 2652 556 2693 Edd.
587 2649 782 2692 Merlini:
811 2649 972 2707 aliquid
1002 2664 1042 2693 et
1072 2653 1191 2709 quod
1219 2651 1433 2703 incendat,
1464 2652 1571 2694 sicut
1600 2664 1676 2695 etc.

369 2724 415 2777 ²]
444 2724 549 2765 Luc.
577 2721 737 2770 XXIV,
765 2723 832 2766 32.

369 2792 414 2848 3)
445 2793 557 2834 Edd.
587 2790 783 2833 Merlini:
813 2791 974 2848 aliquid
1005 2805 1044 2835 et
1074 2793 1193 2849 quod
1220 2790 1442 2835 illuminet.
1501 2791 1574 2836 Est
1603 2804 1677 2836 etc.

371 2863 417 2919 ⁴)
450 2862 604 2904 Jerem.
636 2859 667 2928 ΙΙ,
696 2860 736 2905 9.
