1752 3136
222 98 279 143 92
824 99 1046 143 OmGEms

220 211 313 252 lum
341 210 534 253 sumsIsse
562 210 691 261 illud,
735 211 853 266 quod
891 213 944 253 ad
986 210 1232 253 Corinthios
1261 211 1446 268 scripsit,
1478 213 1638 257 dicens:

217 288 280 340 „si
300 289 341 344 ')
372 290 544 345 quidem
574 298 690 337 sunt,
731 287 804 343 qui
836 288 1035 329 dicuntur
1066 288 1144 338 dii,
1185 288 1268 329 sive
1297 290 1341 330 in
1372 291 1514 341 coelo,
1553 292 1636 333 sive

218 364 263 405 in
293 371 443 406 terra.“
502 365 555 406 Et
586 365 785 420 addit:²)
816 365 942 420 ‚,et³)
973 366 1078 406 sieut
1107 378 1203 407 sunt
1235 366 1292 407 dii
1323 367 1456 416 multi,
1487 380 1526 408 et
1557 370 1635 409 do-

215 442 324 483 mini
352 443 489 494 multi,
519 443 644 485 nobis
674 453 812 482 tamen
843 459 952 483 unus
972 442 1088 483 Deus
1118 454 1250 498 pater,
1282 463 1327 487 ex
1361 462 1445 502 quo
1480 445 1636 495 omnia,

216 532 256 561 et
284 538 364 562 nos
395 538 472 576 per
501 523 654 576 ipsum,
687 534 727 563 et
758 542 866 566 unus
897 525 1112 567 Dominus
1152 525 1272 566 Jesus
1306 521 1516 572 Christus,
1557 539 1635 577 per

216 613 342 652 quem
377 598 541 649 omnia,
587 612 627 641 et
666 617 744 642 nos
783 617 859 655 per
898 602 1077 657 ipsum.“
1140 602 1227 654 Sed
1270 601 1363 653 et4)
1406 600 1450 640 in
1490 599 1632 641 multis

212 674 304 716 aliis
333 676 517 717 invenies
548 677 792 732 Scripturae
823 677 927 718 locis
959 681 1059 719 deos
1089 678 1314 727 nominari,
1345 679 1451 720 sicut
1474 689 1512 718 et
1529 675 1630 717 alibi

212 751 334 794 dicit:
375 753 604 808 „quoniam
623 753 666 808 >
708 754 923 795 Dominus
964 772 1173 804 summus,
1215 755 1432 804 terribilis,
1475 767 1514 795 et
1559 772 1629 794 rex

208 845 384 880 magnus
414 846 542 885 super
572 847 720 871 omnes
753 832 905 872 deos:“
939 843 999 872 et:
1031 830 1236 886 ‚,Deus⁶)
1267 833 1445 871 deorum
1473 831 1628 873 Donni-

207 922 287 947 nus
310 907 476 947 locutus
500 920 577 949 cst:
602 919 660 947 et:
686 907 753 957 „in
773 907 818 963 ⁷)
840 908 981 948 medio
1005 920 1143 949 autem
1167 910 1267 949 deos
1289 907 1526 951 discernitf‘
1561 909 1628 948 De

207 983 393 1025 dominis
422 983 537 1026 idem
569 985 800 1040 Apostolus
830 985 952 1027 dicit:
984 985 1149 1040 „sive⁸)
1182 985 1336 1034 throni,
1367 985 1452 1026 sive
1484 985 1624 1026 domi-

203 1060 411 1109 nationes,
440 1062 523 1104 sive
553 1073 799 1118 potestates,
850 1064 992 1104 omnia
1035 1079 1112 1118 per
1151 1064 1314 1118 ipsum,
1364 1074 1404 1102 et
1441 1061 1486 1102 in
1527 1062 1620 1118 ipso

206 1138 352 1179 omnia
391 1151 527 1179 creata
574 1143 712 1180 sunt.“
799 1140 1126 1182 Dominationes
1175 1152 1314 1181 autern
1356 1139 1462 1180 nihil
1504 1140 1621 1179 aliud

202 1227 323 1265 sunt,
365 1232 491 1270 quam
534 1219 642 1258 ordo
676 1215 858 1272 quidam<
882 1229 921 1258 et
950 1217 1179 1258 multitudo
1213 1211 1503 1258 do'minorum.
1571 1217 1618 1256 In

201 1308 302 1347 quo,
332 1305 379 1334 ut
408 1293 511 1335 mihi
538 1294 718 1344 ridetur,
747 1311 914 1335 sensum
944 1296 1043 1346 legis
1071 1295 1326 1336 lucidiorem
1369 1293 1468 1335 fecit
1500 1296 1616 1348 Apo-

198 1369 331 1411 stolus
361 1369 529 1411 Paulus.
589 1371 694 1412 Tale
724 1383 784 1412 est
813 1371 938 1420 enim,
972 1374 1089 1427 quod
1116 1373 1237 1414 dicit:
1268 1373 1365 1413 licet
1391 1371 1472 1412 sint
1497 1371 1619 1411 multi

197 1446 387 1496 domini,
419 1448 490 1503 qui
520 1449 607 1490 aliis
637 1449 829 1501 gentibus
861 1450 1154 1499 dominentur,
1204 1460 1241 1489 et
1271 1449 1330 1490 dii
1360 1448 1502 1497 multi,
1546 1448 1619 1503 qui

195 1523 250 1563 ab
281 1523 370 1565 aliis
402 1525 609 1576 colantur,
638 1527 713 1567 sed
742 1526 867 1568 nobis
897 1543 1006 1568 unus
1037 1525 1155 1566 Deus
1188 1525 1288 1580 et9)
1318 1542 1427 1567 unus
1459 1525 1615 1566 Domi-

193 1616 285 1642 nus.
347 1601 465 1655 Quid
498 1615 636 1644 autem
668 1620 818 1644 causae
846 1602 898 1645 sit
927 1603 969 1644 in
1000 1603 1093 1644 Diis
1123 1602 1286 1654 multis,
1330 1603 1612 1646 velldominis
1663 1648 1666 1649 ⁷

191 1678 347 1728 multis,
376 1679 409 1720 si
438 1680 599 1721 intente
629 1693 667 1722 et
696 1681 904 1737 patienter
935 1680 1106 1729 auditis,
1145 1680 1233 1736 {psa
1272 1698 1350 1723 nos
1391 1683 1610 1738 Scriptura

190 1755 348 1810 poterit
378 1758 570 1799 edocere.
629 1759 696 1799 Ait
726 1759 838 1798 euim
870 1758 982 1798 idem
1016 1757 1158 1803 Moses
1194 1757 1238 1797 in
1277 1758 1608 1799 Deuteronomii

191 1833 382 1873 cantico:
413 1851 537 1883 „curn
556 1834 626 1888 ¹⁰)
658 1834 875 1884 divideret,
905 1835 1053 1889 inquit,
1085 1835 1265 1875 excelsus
1285 1846 1439 1887 gentes,
1471 1846 1510 1875 et
1541 1836 1605 1875 di-

187 1922 401 1964 spergeret
429 1911 539 1954 filios
572 1913 738 1962 Adami,
767 1911 907 1953 statuit
937 1911 1140 1952 terminos
1162 1914 1348 1964 gentium
1368 1914 1603 1953 secundum

185 2002 414 2028 numerum
446 1991 693 2041 angelorum
723 1990 819 2030 Dei.
906 1989 963 2030 Et
1000 1990 1109 2030 facta
1149 2001 1207 2030 est
1246 1990 1390 2045 portio
1421 1989 1602 2031 Domini

185 2065 373 2119 populus
413 2064 499 2123 ejus
538 2067 697 2117 Jacob,
743 2065 955 2108 funiculus
1003 2066 1268 2108 haereditatis
1308 2066 1395 2122 ejus
1434 2068 1603 2109 Israel.“

271 2247 273 2249 ,
301 2219 346 2275 ι)
375 2219 394 2259 1
427 2219 527 2261 cor.
558 2220 672 2270 vul,
701 2221 741 2262 5.
856 2220 902 2273 2)
932 2220 1043 2263 Edd.
1072 2220 1268 2262 Moruni:
1298 2221 1478 2264 addidit.

298 2290 345 2343 3)
379 2290 464 2331 Csr.
494 2292 513 2331 Ι
547 2290 646 2332 Cor.
678 2288 790 2339 VIII,
822 2290 860 2331 5.
894 2291 933 2333 6.

296 2358 342 2414 ⁴²)
375 2360 504 2401 Deest
534 2367 627 2410 „et“
657 2360 700 2401 in
734 2362 829 2402 edd.
860 2362 919 2402 M.

295 2430 340 2484 ⁵)
376 2429 462 2471 Cfr.
494 2431 647 2473 Psalm.
676 2432 851 2481 XLVII,
880 2432 917 2474 2.
949 2433 1146 2489 (XLVI.)
1178 2433 1272 2474 coll.
1315 2430 1448 2473 LXX.
1480 2434 1590 2474 viro—

178 2501 274 2528 rum
310 2487 512 2528 versione.

293 2557 339 2610 6)
369 2558 522 2599 Psalm.
554 2559 602 2607 L,
631 2563 668 2600 1.
700 2556 901 2613 (XLIX.)

292 2626 338 2680 ⁷)
368 2627 522 2670 Psalm.
551 2629 770 2679 LXXXII,
802 2631 838 2671 1.
870 2628 1115 2685 (LXXXI.)

288 2698 335 2754 ὃ)
367 2697 530 2739 Coloss.
560 2698 591 2748 I,
625 2700 690 2741 16.

288 2767 334 2824 9)
365 2768 496 2809 Deest
522 2774 616 2818 ‚,et“
643 2768 689 2809 in
719 2771 783 2811 ed.
816 2770 961 2813 Ruaei.
994 2770 1080 2813 Cfr.
1110 2785 1202 2826 pag.
1233 2767 1319 2826 huj.
1351 2781 1438 2812 not.
1467 2772 1506 2814 3.

261 2838 332 2892 ¹⁰)
363 2838 493 2880 Deut.
522 2838 707 2890 XXXII,
735 2839 774 2884 8.
804 2840 844 2883 9.

1447 2925 1469 2948 S
