1752 3136
213 141 298 184 416
829 135 1050 178 Omessms

214 254 285 306 gis,
317 252 349 294 si
383 251 473 308 quis
511 249 556 291 in
595 249 767 291 cacteris
807 251 1018 305 perfectus
1059 261 1138 303 est,
1176 251 1396 292 elaborare
1437 250 1563 292 etiam
1595 251 1640 292 in

214 332 296 372 hoc
329 331 475 377 debet,
518 344 573 369 ne
612 327 650 369 ei
686 328 918 382 subrepens
957 344 1111 382 pravae
1150 325 1465 368 consuetudinis
1494 326 1640 368 vitium

217 410 438 451 coelorum
471 421 612 457 regna,
645 406 762 460 quod
796 415 854 445 cst
886 405 1078 445 omnium
1112 404 1424 445 beatitudinum
1456 405 1641 454 culmen,

214 485 375 541 eripiat,
407 483 594 540 quamvis
625 482 842 524 Dominus
875 482 1043 523 dixerit:
1077 481 1147 533 „in
1167 480 1209 535 1)
1244 483 1376 521 domo
1398 480 1524 536 patris
1555 479 1640 520 mei

212 562 454 604 mansiones
483 562 643 603 multae
672 567 806 602 sunt.“
872 561 1104 601 Possumus
1145 560 1284 599 adhuc
1327 559 1483 599 addere
1513 557 1640 598 etiam

210 641 333 690 illud,
364 640 482 696 quod
498 639 543 695 2)
580 650 732 679 natura
771 637 935 692 peccati
978 637 1124 677 similis
1166 648 1223 677 est
1263 636 1483 686 materiae,
1529 650 1638 690 quae

212 718 297 770 igni
344 716 639 765 consumitur,
695 731 823 770 quam
872 712 1085 754 aedificari
1130 713 1286 755 Paulus
1332 715 1567 769 Apostolus
1613 729 1636 753 a

211 794 509 852 peccatoribus
537 791 709 846 dicit,3)
740 791 813 847 qui
851 807 978 846 supra
1016 791 1343 831 fundamentum
1379 790 1533 832 Christi
1565 807 1634 830 ae-

211 874 387 914 dificant
416 870 540 923 ligna,
570 871 760 918 foenum,
791 867 1002 924 stipulam.
1048 867 1096 907 In
1130 883 1214 922 quo
1238 867 1457 908 manifeste
1490 879 1631 907 osten-

211 939 454 999 ditursesse
485 947 695 1003 quaedam
726 956 899 1001 peccata
929 944 984 984 ita
1015 944 1138 993 levia,
1171 955 1217 984 ut
1246 944 1425 999 stipulae
1457 960 1632 999 compa-

209 1040 368 1077 rentur,
400 1026 467 1067 cui
497 1024 647 1080 utique
676 1022 781 1074 ignis
811 1023 950 1063 illatus
991 1021 1064 1062 diu
1094 1039 1184 1063 non
1217 1033 1356 1076 potest
1393 1019 1629 1062 immorari:

209 1105 291 1148 alia
320 1121 420 1145 vero
451 1104 582 1144 foeno
614 1117 700 1142 esse
734 1099 898 1149 similia,
938 1115 1046 1154 qnae
1077 1111 1115 1140 et
1131 1097 1175 1155 4)
1207 1101 1295 1154 ipsa
1325 1115 1415 1139 non
1448 1097 1633 1139 difficul-

206 1195 271 1225 ter
298 1181 402 1236 ignis
434 1182 648 1229 absumat,
676 1194 823 1218 verum
855 1177 1071 1233 aliquanto
1104 1175 1285 1225 tardius,
1328 1193 1454 1231 quam
1486 1175 1528 1216 in
1560 1173 1632 1216 sti-

205 1261 317 1317 pulis
346 1260 622 1300 immoretur:
657 1256 737 1297 alia
768 1271 868 1296 vero
904 1272 1009 1304 esse,
1052 1271 1159 1309 quae
1189 1253 1310 1306 lignis
1341 1254 1631 1302 conserantur,

203 1339 249 1379 in
279 1336 431 1393 quibus
461 1351 542 1390 pro
575 1332 775 1389 qualitate
807 1331 1032 1373 criminum
1065 1331 1277 1371 diutinum
1302 1342 1341 1370 et
1363 1331 1522 1382 grande
1551 1346 1628 1384 pa-

205 1415 358 1456 bulum
385 1412 490 1465 ignis
518 1409 716 1468 inveniat.
786 1409 872 1450 Ita''
890 1425 988 1462 ergo
1028 1410 1374 1463 unumquodque
1403 1418 1628 1461 peccatum

206 1509 288 1550 pro
322 1491 545 1547 qualitate,
584 1488 649 1528 vel
687 1487 920 1543 quantitate
949 1486 1025 1536 sui,
1055 1502 1296 1541 poenarum
1326 1482 1435 1541 justa
1463 1485 1627 1540 persol—

203 1573 272 1615 vit.
339 1569 643 1609 Verumtamen
687 1565 791 1621 quid
831 1581 938 1620 opus
979 1576 1037 1605 est
1074 1563 1312 1614 fidelibus„
1341 1573 1380 1602 et
1423 1562 1509 1611 his,
1555 1561 1628 1617 qui

204 1656 498 1701 cognoverunt
526 1644 692 1694 Deum,
733 1643 786 1684 de
824 1659 1064 1699 poenarum
1105 1641 1378 1697 qualitatibus
1416 1638 1625 1692 cogitare?

203 1725 322 1781 Quid
357 1741 466 1781 opus
497 1735 556 1764 est
584 1723 711 1775 ligna,
742 1720 845 1776 quid
874 1721 1066 1770 foenum,
1098 1719 1200 1773 quid
1231 1719 1295 1759 vel
1325 1719 1459 1774 ipsam
1490 1718 1626 1772 stipu-

202 1804 288 1845 lam
327 1803 610 1843 fundamento
653 1797 808 1840 Christi
845 1795 1164 1854 superponere?
1223 1796 1312 1838 Cur
1358 1813 1451 1837 non
1491 1796 1622 1848 magis

203 1896 370 1929 aurum,
399 1879 465 1918 vel
497 1889 736 1930 argentum,
777 1877 841 1916 vel
870 1875 1080 1930 pretiosos
1110 1873 1292 1929 lapides,
1331 1872 1517 1929 pretioso
1549 1890 1620 1913 su-

197 1956 549 2015 perponemu35)
578 1957 883 2002 fundamento,
918 1951 995 1991 ubi
1026 1969 1123 1992 cum
1153 1951 1258 2002 ignis
1288 1953 1527 2000 accesserit,
1556 1949 1624 1991 ni-

200 2037 262 2078 hil
289 2035 486 2084 inveniat‚
517 2034 635 2088 quod
665 2028 886 2072 absumat?
944 2031 1053 2069 Nam
1092 2029 1125 2070 si
1154 2029 1373 2070 accesserit
1402 2030 1457 2070 ad
1486 2029 1620 2084 stiPu-

197 2114 299 2165 lam,
332 2129 379 2153 ex
408 2111 560 2167 stipula
589 2109 750 2151 favillas
781 2107 930 2149 reddet
961 2119 999 2147 et
1031 2107 1202 2148 cineres.
1270 2105 1316 2147 Si
1347 2122 1445 2146 vero
1478 2121 1619 2147 acces-

198 2191 297 2232 serit
326 2190 380 2231 ad
409 2205 585 2239 aurum,
623 2183 775 2228 autum
802 2186 948 2241 purius
978 2185 1139 2225 reddet.
1204 2184 1322 2225 Haec
1352 2183 1477 2223 nobis
1510 2183 1621 2223 dicta

200 2268 282 2310 sint
309 2282 390 2323 pro
422 2266 505 2316 his,
547 2264 620 2321 qui
654 2264 869 2316 negligunt
910 2262 991 2304 oris
1032 2260 1232 2303 maledici
1262 2259 1616 2302 consuetudinem

199 2360 408 2388 resecare:
451 2343 522 2399 qui
564 2340 722 2383 etiamsi
759 2357 849 2381 non
889 2357 935 2382 cx
971 2341 1102 2381 corde
1140 2338 1415 2388 maledicant,
1454 2336 1616 2378 etiamsi

197 2439 289 2464 non
320 2432 420 2463 voto
463 2432 503 2462 et
539 2420 683 2462 animo
723 2417 872 2474 iniquo
914 2419 1134 2473 proferant
1171 2414 1420 2468 maledicta,
1472 2427 1614 2457 tamen

314 2596 357 2651 Γ)
387 2596 463 2637 Ev.
493 2596 647 2637 Joann.
677 2594 792 2644 XIV,
822 2593 863 2635 2.

307 2665 356 2722 2)
386 2666 497 2707 Edd.
526 2665 723 2707 Merlini:
755 2680 840 2720 quo
871 2675 1021 2705 natura
1052 2674 1127 2705 etc.

309 2737 358 2792 3)
388 2737 408 2777 Ι
439 2736 538 2777 Cor.
568 2736 642 2786 Ill,
672 2737 737 2778 12.

310 2807 358 2862 ¹²)
387 2807 518 2848 Deest
547 2811 640 2858 ,‚et“
669 2807 714 2848 in
745 2806 810 2847 ed.
844 2805 894 2846 R.

311 2876 358 2933 ⁵)
385 2875 465 2918 Ed.
496 2875 631 2920 Ruaei
659 2878 770 2920 sola:
800 2872 1141 2932 superponimus.
