1752 3136
409 119 457 149 IN
487 106 741 150 anrmum
770 107 972 150 Honnm
1000 109 1099 152 XII.
1389 112 1474 157 385

47 217 174 260 virtus
206 219 459 262 eminentem
488 232 683 276 praestat,
713 231 752 260 et
779 234 996 271 magnum.
1039 219 1161 261 Sicut
1192 219 1302 262 enim
1335 222 1468 274 aegri-

47 297 154 336 tudo
188 300 378 352 corporis
411 297 513 338 exile
545 309 584 338 et
614 297 807 349 exiguum
838 295 936 337 facit
967 313 1121 353 corpus
1151 297 1358 350 hominis,
1396 316 1463 341 sa-

46 371 151 414 nitas
181 389 279 414 vero
310 374 467 414 laetum
499 374 639 414 reddit
665 384 705 413 et
733 373 944 414 validum:
975 373 1031 414 ita
1063 373 1260 426 intellige,
1293 375 1391 430 quia
1422 387 1464 416 et

46 448 229 489 animam
263 450 478 502 aegritudo
512 450 685 505 quidem
713 449 876 504 peccati
907 450 1112 491 humilem
1144 452 1264 501 facit,
1295 464 1332 492 et
1362 468 1462 508 par-

43 541 150 573 vam,
182 525 334 567 sanitas
364 543 462 568 vero
492 526 703 567 interioris
733 526 930 578 hominis,
961 538 1002 567 ct
1031 526 1191 568 virtutis
1211 544 1342 583 opera
1372 545 1464 569 ma-

42 616 167 652 gnam
197 602 357 642 faciunt
387 618 479 641 eam
513 613 552 642 et
583 603 850 652 eminentem,
882 615 921 643 et
947 615 1152 659 quantum
1171 604 1216 645 in
1238 605 1462 648 virtutibus

43 677 213 727 crescit,
260 689 373 718 tanto
404 678 679 733 prolixiorem
712 679 851 720 reddit
891 680 1224 739 magnitudinem
1254 681 1330 723 sui.
1390 682 1462 723 Sic

43 769 118 804 ego
149 754 338 806 intelligo
369 754 488 803 illud,
520 757 638 811 quod
670 757 722 796 de
748 754 849 796 Jesu
866 756 1072 812 scriptum
1104 769 1175 814 est,
1208 759 1305 814 quia
1329 757 1461 815 „pross

41 830 270 887 ficiebat1)
312 831 533 887 sapientia,
583 843 621 872 ct
651 843 806 882 aetate,
848 844 888 873 et
927 833 1056 886 gratia
1096 836 1211 890 apud
1250 836 1393 878 Deum
1424 849 1464 878 et

42 907 281 949 homines.“
337 909 447 949 Nam
481 907 571 963 quis
603 919 659 948 est
689 908 926 960 hominum,
958 910 1030 965 qui
1054 927 1145 951 non
1162 912 1362 967 proficiat
1394 929 1463 955 ae-

42 994 126 1024 tate
157 984 201 1024 in
230 984 432 1039 pueritia,
472 996 518 1024 ut
547 985 631 1026 hoc
661 986 775 1026 velut
807 987 1018 1039 egregium
1048 988 1252 1042 quiddam
1277 992 1330 1031 de
1360 989 1463 1032 Jesu

44 1060 326 1103 scriberetur?
385 1063 454 1102 Ad
501 1073 542 1102 te
581 1061 684 1102 haec
724 1063 845 1112 (lico,
896 1062 969 1117 qui
1010 1065 1293 1119 corporaliter
1331 1068 1465 1124 audis²

43 1138 161 1191 quod
191 1138 312 1178 Jesus
343 1149 474 1178 aetate
505 1138 743 1194 proficeret.
803 1139 995 1191 Intellige
1026 1156 1150 1192 ergo,
1192 1141 1288 1197 quia
1329 1155 1463 1185 aetate

45 1213 210 1254 animae
239 1214 517 1268 proficiebat,
558 1226 598 1255 et
634 1230 786 1266 magna
817 1215 946 1257 fiebat
987 1216 1127 1258 anima
1171 1217 1257 1275 ejus
1285 1232 1464 1276 propter

40 1306 193 1342 magna
225 1302 265 1331 et
293 1290 474 1343 ingentia
506 1308 661 1347 opera,
702 1308 809 1347 quae
837 1292 1030 1335 faciebat.
1098 1294 1298 1351 Denique
1327 1296 1463 1339 sciens

43 1379 82 1408 et
114 1367 346 1422 Apostolus
377 1370 486 1409 hanc
519 1380 695 1410 aetatem
712 1367 756 1424 ²)
790 1371 843 1411 de
871 1369 1064 1412 interiori
1085 1371 1262 1413 homine
1277 1375 1461 1416 sentien-

44 1445 165 1494 dam,
204 1444 262 1486 ita
302 1444 466 1486 scribit:
506 1446 672 1495 „donec
688 1445 733 1501 ³)
766 1462 914 1487 omnes
947 1463 1220 1490 occurramus
1249 1450 1295 1491 in
1323 1450 1463 1494 virum

40 1524 302 1578 perfectum,
359 1522 405 1563 in
453 1538 698 1564 mensuram
752 1523 895 1564 aetatis
942 1524 1219 1579 plenitudinis
1269 1526 1465 1571 Christi.“

41 1600 151 1640 Nam
181 1600 416 1640 secundum
448 1616 602 1655 corpus
634 1616 820 1641 crescere
850 1611 889 1641 et
918 1616 1119 1653 magnum
1148 1601 1254 1652 fieri,
1281 1620 1371 1646 non
1405 1617 1466 1646 est·

41 1675 87 1716 in
126 1674 263 1716 nobis.
338 1673 506 1731 Corpus
550 1677 664 1717 enim
716 1693 762 1718 ex
807 1677 975 1728 genitali
1017 1677 1178 1731 origine
1225 1682 1464 1735 quantitatis

43 1753 260 1794 materiam
291 1751 430 1801 sumit,
460 1764 507 1792 ut
529 1753 593 1793 vel
622 1769 838 1805 magnum,
868 1756 932 1795 vel
962 1754 1156 1806 exiguum
1172 1758 1257 1798 fiat.>
1306 1759 1466 1801 Anima

43 1846 143 1870 vero
176 1829 222 1870 in
250 1828 376 1870 nobis
406 1829 535 1870 habet
566 1846 732 1879 causas,
765 1841 806 1870 et
835 1831 997 1872 arbitrii
1027 1833 1292 1883 libertatem,
1322 1846 1370 1875 ut
1399 1838 1465 1877 vel

43 1921 209 1957 magna,
240 1906 306 1946 vel
334 1923 463 1961 parva
492 1907 556 1948 sit.
616 1907 662 1948 Si
694 1923 792 1960 ergo
824 1908 976 1963 pusilla
1010 1920 1050 1949 et
1081 1925 1209 1965 parva
1231 1910 1282 1951 sit
1312 1912 1465 1964 anima,

47 1983 173 2023 etiam
202 1982 473 2025 scandalizari
504 1994 656 2038 potest.
706 1983 776 2024 Sic
808 1985 919 2026 enim
950 1985 1153 2041 scriptum
1175 1999 1233 2028 est
1257 1987 1300 2028 in
1321 1988 1464 2031 Evan-

47 2059 179 2113 gelio,
221 2059 318 2115 quia
361 2060 556 2114 „expedit
570 2061 617 2113 4)
654 2061 927 2116 praecipitari
954 2062 1000 2103 in
1029 2064 1297 2117 profundum
1328 2065 1466 2116 maris,

47 2152 175 2192 quam
207 2135 492 2176 scandalizare
521 2153 655 2178 unum
688 2138 741 2178 de
770 2136 931 2193 pusillis
969 2137 1095 2180 istis.“
1162 2140 1250 2194 Qui
1290 2158 1466 2195 magnus

47 2225 119 2263 est,
147 2228 238 2253 non
267 2211 585 2261 scandalizatur,
615 2211 688 2254 sed
719 2215 792 2270 qui
821 2213 996 2269 pusillus
1028 2227 1099 2256 est.
1174 2216 1261 2270 Qui
1291 2234 1468 2271 magnus

46 2300 119 2340 est,
151 2289 441 2344 quodcunque
470 2287 646 2339 viderit,
686 2292 977 2346 quodcunque
1014 2308 1156 2346 passus
1185 2293 1334 2344 suerit,
1375 2311 1468 2336 non

48 2364 234 2407 declinat
264 2382 286 2406 a
316 2365 414 2407 fide.
474 2365 563 2421 Qui
592 2377 733 2408 autem
763 2368 943 2424 pusillus
969 2379 1028 2410 est
1056 2367 1200 2410 animo
1233 2380 1273 2410 et
1301 2387 1468 2426 parvus,

50 2441 295 2483 occasiones
326 2442 508 2497 quaerit,
540 2446 764 2498 quomodo
793 2443 1118 2496 scandalizetur,
1170 2449 1392 2501 quomodo
1422 2448 1468 2490 in

46 2518 134 2559 fide
172 2518 366 2559 videatur
417 2520 593 2561 offendi.
680 2523 915 2577 Propterea
958 2521 1141 2578 deniquo
1179 2534 1350 2580 oportet
1388 2541 1468 2569 nos

164 2691 210 2743 ¹)
241 2691 342 2733 Luc.
372 2692 426 2742 ll,
452 2695 521 2736 52.

162 2758 211 2813 2)
239 2760 353 2802 Edd.
383 2762 587 2805 Merlini:
618 2776 796 2807 aetatem
828 2764 912 2806 Dei
943 2766 996 2806 de
1025 2766 1220 2810 interiori
1252 2779 1328 2811 etc.

160 2830 208 2884 3)
236 2830 391 2886 Ephcs.
420 2831 493 2884 IV,
526 2834 591 2877 13.
711 2833 757 2889 ⁴²)
787 2834 891 2882 Luc.
920 2835 1058 2886 XVII,
1090 2838 1132 2879 2.

51 2904 274 2950 OmGEms
305 2906 476 2953 OPERA.
509 2908 632 2955 Tom.
664 2910 738 2953 IX.
1087 2913 1144 2955 25
