1752 3136
243 121 328 164 381
843 120 1068 163 Omfflzms

246 245 378 276 ctatus
411 233 614 276 ostendit:
644 233 858 275 videamus
888 250 1002 275 nunc
1035 248 1143 288 quae
1172 232 1266 283 sint,
1295 247 1401 288 quae
1432 233 1485 274 de
1515 248 1565 274 co
1597 234 1661 274 lex

245 311 500 368 prophetico
531 310 678 366 spiritu
709 311 863 352 scribit.

355 392 394 432 2.
425 389 568 443 „Et¹)
600 390 820 438 sacerdos,
857 388 1017 444 iuquit,
1053 403 1228 439 magnus
1260 404 1305 428 cx
1337 387 1536 429 fratribus
1564 387 1661 437 suis,

245 467 313 508 cui
341 465 528 506 infusum
559 478 618 507 est
648 482 774 522 super
803 478 930 522 caput
963 464 1049 521 ejus
1072 466 1213 505 oleum
1232 465 1477 515 chrismatis,
1508 476 1546 505 et
1563 483 1660 520 pcr-

241 535 370 584 'scctas
401 544 530 583 habet
558 559 707 584 manus
737 559 842 591 suas,
874 555 920 583 ut
950 542 1100 583 induat
1128 554 1269 583 sancta
1300 542 1568 591 vestimenta,
1608 544 1661 583 de

244 622 380 676 capite
409 620 586 661 cidarim
616 637 706 659 non
737 621 946 674 deponet,
984 618 1225 660 vestimenta
1255 635 1449 660 sua-non
1482 617 1665 660 disrum-

241 710 325 754 pet,
357 709 395 739 et
426 698 476 738 ad
514 713 688 738 omnem
712 696 896 742 animam
927 706 1140 735 mortuam
1171 711 1258 740 non
1289 695 1483 738 intrabit:
1514 697 1558 737 in
1588 713 1665 752 pa-

241 789 305 816 tre
332 791 423 823 suo,
454 773 518 814 vel
549 785 683 814 matre
712 789 787 813 sua
818 788 905 812 non
937 771 1317 831 contaminabitur:
1360 785 1399 814 et
1425 759 1482 814 ’de
1510 774 1663 815 sanctis

240 870 331 895 non
363 849 501 900 exibit,
533 862 572 891 et
601 867 690 890 non
722 847 1017 904 coinquinabit
1049 864 1231 898 nomen,
1273 851 1391 904 quod
1423 862 1481 891 est
1509 850 1663 892 sancti-

241 932 413 970 ficatum
447 927 531 968 Dei
560 925 623 968 sui
654 942 781 981 super
807 937 870 975 se,
902 924 1001 980 quia
1030 936 1221 966 sanctum
1254 926 1396 966 oleum
1429 925 1661 968 chrismatis

238 1005 324 1048 Dei
352 1005 417 1049 sui
444 1004 488 1046 in
518 1004 610 1060 ipso
647 1015 726 1044 est:
759 1018 835 1055 ego
864 1001 1092 1044 Dominus.
1152 1001 1233 1043 Hic
1253 1019 1430 1043 uxorem
1459 1002 1664 1056 virginem

241 1085 294 1125 de
324 1099 476 1136 genere
502 1099 581 1124 suo
618 1081 806 1136 acc1'piet.
895 1080 1079 1122 Viduam
1123 1091 1264 1121 autem
1306 1092 1345 1121 et
1384 1078 1582 1137 ejectam,
1622 1094 1661 1122 et

238 1162 462 1218 pollutam,
494 1170 534 1200 et
563 1159 844 1208 meretricem,
876 1158 950 1198 has
984 1173 1076 1198 non
1107 1158 1304 1212 accipiet:
1343 1159 1417 1199 sed
1458 1157 1658 1211 virginem

239 1254 288 1279 ex
317 1254 469 1291 genere
498 1254 575 1278 suo
608 1235 789 1291 accipiet
817 1251 1017 1284 uxorem,
1059 1245 1099 1275 et
1128 1251 1217 1275 non
1253 1234 1481 1276 maculabit
1515 1252 1658 1277 semen

237 1332 362 1356 suum
383 1316 437 1356 ‘in
466 1315 633 1369 populo
663 1329 760 1354 suo:
793 1327 869 1363 ego
901 1311 1138 1361 Dominus,
1169 1313 1240 1367 qui
1269 1311 1486 1353 sanctifico
1520 1318 1659 1354 eum.“

236 1393 388 1434 Fuerit
418 1391 591 1447 quidem
624 1390 747 1431 etiam
788 1390 904 1444 apud
942 1390 1129 1431 Judaeos
1168 1389 1307 1441 imago
1353 1386 1477 1445 hujus
1509 1391 1655 1430 obser-

238 1471 413 1519 vantiae,
446 1480 484 1509 et
516 1467 728 1509 custodita
755 1467 861 1516 sint,
901 1482 1009 1521 quae
1040 1466 1105 1506 lex
1135 1466 1301 1516 statuit,
1332 1482 1354 1506 a
1384 1466 1658 1521 pontificibus

235 1547 520 1598 Judaeorum‚
552 1547 625 1587 scd
655 1555 698 1586 et
726 1543 759 1586 si
791 1542 1013 1595 diligenter
1044 1553 1196 1584 cuncta
1225 1554 1385 1586 servata
1413 1543 1518 1595 sint,
1557 1556 1596 1585 et
1624 1543 1657 1585 si

237 1625 406 1674 omnia,
437 1639 545 1679 quae
576 1623 641 1664 lex
669 1621 904 1678 praecepit,
942 1621 1114 1676 impleta
1142 1619 1251 1669 sint,
1287 1635 1374 1661 nec‘
1396 1621 1453 1662 sic
1485 1621 1659 1676 quidem

238 1702 375 1744 omnis
403 1702 508 1743 haec
540 1700 778 1742 observatio
807 1715 1010 1751 magnum
1038 1697 1179 1753 potuit
1210 1699 1350 1738 facere
1378 1700 1656 1740 sacerdotem.

237 1780 475 1836 Quomodo
508 1779 663 1820 etenim
692 1766 869 1828 magnus
901 1775 983 1816 dici
1013 1786 1153 1831 potest
1191 1775 1409 1825 sacerdos,
1448 1776 1521 1831 qui
1555 1792 1656 1832 pec-

234 1874 334 1900 care
371 1855 540 1913 potest-'¹'
599 1854 734 1909 Quod
772 1863 912 1893 autem
951 1852 1030 1894 sub
1080 1862 1256 1907 peccato
1302 1850 1460 1892 fuerint
1509 1869 1657 1895 omnes

237 1935 361 1977 etiam
391 1933 534 1985 magni
563 1932 816 1978 sacerdotes,
847 1940 886 1970 et
917 1944 965 1969 ex
985 1929 1078 1971 ,hoc
1106 1929 1203 1985 ’ipso
1235 1929 1359 1971 facile
1389 1929 1658 1981 advertimus,

237 2012 357 2069 quod
386 2013 452 2052 lex
480 2008 696 2066 praecipit,
727 2019 772 2048 ut
801 1993 917 2063 prius
948 2024 1029 2063 pro
1062 2007 1158 2056 suis,
1188 2017 1285 2062 post
1315 2005 1440 2047 etiam
1462 2023 1542 2062 pro
1574 2023 1657 2063 po-

233 2089 328 2146 puli
364 2086 545 2145 peccatis
586 2087 737 2127 offerat
771 2085 953 2127 hostiam
992 2086 1202 2126 sacerdos.
1273 2083 1654 2138 Quomodo.erg0

233 2181 412 2218 magnus
450 2175 509 2206 e-st
543 2163 622 2205 sub
664 2173 840 2218 peccato
871 2160 1061 2216 positus?
1116 2161 1242 2202 Meus
1282 2172 1424 2201 autem
1459 2162 1656 2217 sacerdos

233 2259 412 2295 magnus
441 2242 562 2282 Jesus
582 2240 753 2281 idcirco
785 2255 961 2292 magnus
992 2250 1065 2289 cst,
1098 2237 1195 2293 quia
1226 2237 1532 2293 „peccatum²)
1562 2254 1654 2278 non

233 2320 347 2370 fecit,
374 2334 454 2359 nec
482 2310 675 2359 inventus
707 2329 764 2359 est
794 2317 916 2358 dolus
945 2315 989 2357 in
1013 2332 1087 2356 ore
1119 2314 1254 2372 ejus:“
1284 2326 1323 2355 et
1354 2314 1451 2370 quia
1479 2314 1652 2369 venit3)

234 2399 289 2439 ad
321 2412 418 2438 eum
446 2394 644 2452 prihceps
675 2393 800 2450 hujus
829 2393 995 2443 mundi,
1025 2403 1066 2433 et
1087 2408 1185 2439 ‚non
1202 2390 1362 2432 invenit
1376 2392 1421 2432 in
1453 2407 1503 2432 eo
1534 2390 1654 2447 quic-

234 2491 374 2532 quam.
432 2473 537 2514 Ideo
570 2487 668 2523 ergo
709 2482 747 2511 et
771 2468 946 2511 Gabriel
977 2469 1250 2521 archangelus
1274 2466 1530 2509 nativitatem
1563 2465 1652 2521 ejus

234 2550 469 2600 annuntiat,
500 2561 538 2590 et
569 2547 690 2590 dicit:
719 2545 813 2598 „hie
829 2546 873 2602 ⁴)
905 2546 981 2587 erit
1011 2562 1210 2598 magnus,
1247 2556 1288 2586 et
1325 2542 1435 2585 filius
1467 2541 1652 2584 altissimi

233 2626 494 2670 vocabitur.“
536 2625 765 2667 Peccatum
782 2624 1000 2667 hominem
1015 2640 1195 2680 parvum
1223 2621 1405 2675 facit,‚et
1435 2620 1651 2673 exiguum:

353 2802 397 2856 ¹)
427 2801 554 2845 Levit.
584 2800 704 2850 XXI,
734 2800 928 2844 10—15.
1047 2799 1094 2856 ²)
1124 2798 1249 2841 Jesai.
1279 2796 1388 2845 LIII,
1418 2794 1458 2837 9.

351 2873 398 2927 3)
431 2870 517 2914 Cfr.
549 2888 606 2915 ev.
639 2872 798 2914 Joann.
827 2872 943 2923 XlV,
971 2869 1037 2914 30.
1156 2867 1203 2925 ¹²)
1231 2868 1333 2913 Luc.
1363 2867 1395 2920 l,
1424 2866 1493 2911 32-
