1752 3136
273 160 357 202 402
871 154 1094 196 Omomws

395 272 434 315 3.
466 272 592 312 Nunc
622 285 721 310 vero
753 266 992 318 videamus,
1037 267 1140 323 quid
1180 266 1305 310 etiam
1337 268 1378 329 ip
1412 269 1708 324 consequenti-

281 352 362 391 bus
394 353 445 391 de
477 347 656 403 pauibins
689 346 996 402 propositionis
1027 347 1232 402 scriptum
1264 346 1333 392 sit,
1396 345 1538 400 „Et¹)
1568 361 1707 385 sume-

281 428 345 476 tis,
375 427 525 482 inquit,
556 423 848 476 similaginem,
881 435 920 463 et
951 423 1107 465 facietis
1140 424 1192 464 de
1224 440 1270 464 ea
1303 423 1532 464 duodecim
1565 439 1708 478 panes,

282 505 350 545 De
383 504 549 543 duabus
580 500 756 542 decimis
786 499 864 541 erit
893 517 1003 542 unus
1033 501 1167 556 panis,
1199 513 1239 541 et
1257 500 1484 557 imponetis
1503 517 1574 541 eos
1605 501 1710 540 duas

281 580 528 638 positiones,
557 596 626 620 sex
657 594 789 634 panes
827 594 913 618 una
944 578 1100 634 positio
1133 596 1261 635 super
1288 595 1477 620 mensam
1501 579 1707 618 mundam

282 670 430 699 contra
471 654 724 697 Dominum.
790 654 846 694 Et
884 653 1113 709 imponetis
1152 673 1279 711 super
1318 655 1575 711 positionem
1614 654 1709 694 thus

282 736 507 782 mundum,
539 744 578 771 et
607 732 766 784 salem,
792 742 832 770 et
863 743 986 770 erunt
1015 747 1145 786 panes
1176 732 1221 773 in
1251 731 1709 774 commemorationem

282 811 467 868 appositi
508 807 724 848 Domino:
773 806 842 847 die
889 807 1166 849 sabbatorum
1207 821 1511 865 proponentur
1560 819 1708 848 contra

280 888 522 930 Dominum
552 902 722 940 semper
752 901 774 925 a
805 883 900 925 filiis
920 884 1061 936 Israel,
1091 884 1134 924 in
1154 897 1451 926 testamentum
1478 895 1710 935 aeternum.

283 967 340 1007 Et
372 976 496 1005 erunt
526 966 686 1011 Aaron,
717 973 756 1002 et
785 962 975 1003 filiorum
1009 961 1109 1018 ejus,
1141 974 1180 1003 et
1206 964 1332 1004 edent
1353 963 1458 1004 eain
1482 965 1581 1004 loco
1612 978 1709 1004 san-

281 1056 373 1085 cto:
403 1053 502 1084 sunt
531 1040 642 1081 enim
673 1051 815 1080 sancta
846 1051 1103 1080 sanctorum,
1174 1038 1272 1081 Hoc
1311 1043 1390 1081 erit
1429 1040 1507 1081 illis
1555 1042 1608 1081 de
1646 1038 1708 1086 iis,

281 1138 389 1177 quae
420 1121 664 1160 offeruntur
703 1116 922 1166 Domino,
963 1115 1197 1167 legitimum
1236 1116 1561 1171 aeternumf‘2)
1630 1115 1707 1156 Se-

280 1199 471 1238 cundum
502 1212 563 1244 ea,
595 1210 702 1250 quae
732 1193 886 1249 scripta
915 1205 1026 1242 sunt,
1056 1193 1101 1235 in
1134 1194 1363 1235 duodecim
1385 1195 1568 1250 panibus
1598 1194 1707 1234 duo-

280 1274 416 1316 decim
450 1273 639 1314 tribuum
671 1271 798 1312 Israel
831 1270 996 1311 videtur
1026 1272 1380 1313 commemoratio
1424 1283 1519 1311 ante
1550 1270 1708 1310 Domi-

278 1369 382 1393 num
412 1350 516 1399 fieri,
549 1361 588 1390 et
618 1355 895 1403 praeceptum
930 1347 1035 1396 dari,
1064 1359 1112 1388 ut
1132 1348 1220 1389 sine
1239 1349 1470 1390 cessatione
1500 1348 1565 1389 isti
1596 1349 1706 1388 duo-

281 1429 418 1470 decim
445 1443 575 1484 panes
594 1426 635 1466 in
657 1437 890 1480 conspectu
910 1425 1092 1465 Domini
1116 1437 1440 1482 proponantur:
1472 1436 1519 1466 ut
1550 1437 1590 1466 et
1621 1441 1708 1465 me-

280 1508 416 1548 moria
463 1503 692 1545 duodecim
732 1503 924 1543 tribuum
964 1503 1079 1558 apud
1126 1519 1223 1544 eum
1272 1520 1440 1559 semper
1487 1504 1706 1550 habeatur,

282 1601 368 1640 quo
401 1581 529 1623 veluti
560 1579 748 1622 exoratio
783 1579 993 1635 quaedam
1026 1592 1066 1620 et
1095 1581 1349 1636 supplicatio
1382 1597 1459 1636 per
1489 1580 1592 1622 haec
1623 1595 1704 1634 pro

280 1660 452 1711 singulis
482 1659 573 1700 fieri
603 1656 805 1698 videatur.
866 1657 952 1698 Sed
983 1674 1112 1713 parva
1147 1658 1244 1700 satis
1285 1671 1324 1700 et
1362 1657 1500 1698 tenuis
1537 1669 1595 1698 est
1624 1657 1704 1696 hu-

279 1736 516 1794 juscemodi
546 1734 800 1777 intercessio.
861 1733 1082 1788 Quantum
1124 1739 1238 1777 enim
1280 1733 1514 1791 proficitss)
1553 1735 1606 1775 ad
1637 1750 1704 1773 re-

279 1813 616 1869 propitiandum,
647 1811 722 1852 ubi
751 1810 1085 1868 uniuscujusque
1126 1811 1261 1853 tribus
1298 1827 1378 1867 per
1415 1828 1573 1866 panem
1613 1812 1705 1852 sru-

280 1903 380 1941 ctus,
412 1908 488 1946 per
517 1891 678 1930 fructus
711 1905 842 1945 opera
874 1889 1184 1931 consideranda
1221 1887 1348 1930 sunt?
1405 1889 1491 1929 Sed
1533 1889 1566 1930 si
1594 1889 1703 1929 refe-

278 1980 425 2009 rantur
455 1968 559 2008 haec
591 1967 645 2007 ad
674 1966 861 2026 mysterii
890 1966 1252 2019 magnitudinem,
1295 1966 1481 2007 invenies
1515 1981 1703 2006 commc-

277 2045 566 2086 morationem
589 2044 709 2088 istam
729 2045 888 2086 habere
906 2043 1084 2096 ingentis
1102 2042 1468 2098 repropitiationis
1486 2043 1701 2084 effectum.

279 2121 325 2163 Si
355 2124 501 2163 redeas
530 2122 582 2163 ad
612 2121 735 2163 illum
766 2138 934 2178 panem,
966 2122 1039 2177 qui
1071 2123 1124 2163 de
1155 2122 1276 2163 coelo
1309 2120 1540 2170 descendit,
1570 2130 1610 2161 et
1630 2120 1702 2160 dat

277 2199 375 2240 huic
389 2201 553 2241 mundo
575 2197 722 2240 vitam:
740 2199 860 2241 illum
882 2216 1034 2255 panem
1052 2198 1373 2255 propositionis,
1386 2214 1512 2254 quem
1532 2213 1698 2253 propo·
1751 2205 1752 2214 ¹

277 2277 358 2318 suit
375 2276 493 2319 Deus
511 2276 866 2332 propitiationem
882 2277 927 2332 ⁴)
949 2293 1026 2333 per
1046 2276 1176 2317 fidem
1195 2275 1239 2317 in
1258 2275 1460 2328 sanguine
1477 2273 1565 2331 ejus
1578 2290 1594 2315 ι’
1608 2286 1647 2315 et
1665 2273 1699 2314 si
1742 2295 1743 2298 ¹

276 2353 474 2408 respicias
504 2354 557 2395 ad
586 2355 703 2396 illam
735 2354 1216 2403 commemorationem,
1255 2354 1309 2394 de
1351 2369 1431 2408 qua
1471 2351 1574 2393 dicit
1602 2351 1697 2391 Do·-

276 2429 436 2471 minus:
467 2430 639 2483 „hoc⁵)
668 2431 793 2473 facite
830 2432 874 2473 in
915 2447 1053 2472 meam
1095 2430 1547 2473 commemorationem
1562 2433 1597 2471 :“
1629 2428 1695 2469 in-

392 2625 434 2677 ¹)
461 2626 590 2667 Levit.
619 2627 780 2677 XXIV,
809 2628 836 2669 5
854 2627 957 2670 -9.

389 2695 434 2751 2>
467 2696 575 2738 Cod.
608 2698 883 2752 sangerman.
914 2695 1192 2748 „aeternale.“
1223 2694 1272 2736 R.

386 2764 432 2818 3)
462 2764 545 2807 Ed.
576 2766 710 2809 Ruaei
738 2769 852 2809 sola:
880 2769 1065 2824 proficit.

386 2833 431 2887 4)
465 2834 572 2877 Cod.
605 2836 879 2890 Sangerman.
908 2836 1301 2896 ,‚propitiatorem.“
1332 2834 1384 2875 R-

386 2904 430 2957 ⁵)
461 2905 478 2944 1
514 2904 611 2947 cor.
646 2906 723 2957 XI,
753 2908 818 2949 25.
