1752 3136
258 81 345 125 326
858 85 1086 127 OfflGems

261 193 393 251 poris,
424 194 509 236 hoc
541 206 611 244 est,
641 211 785 238 sensus
815 196 879 238 sui
911 208 1103 254 reparata
1144 197 1186 239 in
1219 214 1271 239 co
1302 199 1427 241 suerit
1458 200 1624 252 sanitas,
1656 213 1694 244 et

263 283 363 328 post
401 272 505 314 haec
545 273 707 330 aliquid
754 286 903 316 contra
947 274 1156 317 rationem
1210 276 1309 318 recti
1347 275 1528 334 justique
1567 291 1693 331 gerat,

262 349 454 405 reputari
491 350 529 392 ei
559 362 777 406 peccatum
813 351 966 393 dicitur
996 367 1042 392 ex
1082 368 1128 394 ea
1172 365 1314 409 parte,
1356 370 1438 410 qua
1468 354 1582 398 vivus
1622 372 1694 397 co·

266 426 348 475 lor,
376 425 420 468 id
452 439 523 478 cst,
552 445 695 470 sensus
724 427 766 469 in
800 445 851 470 eo
883 429 998 470 vivae
1028 429 1201 472 rationis
1233 431 1486 487 apparuerit.

376 505 414 548 7.
447 504 589 547 Tertia
620 507 683 547 lex
722 507 775 547 de
807 506 982 562 leprosis
1014 518 1101 556 est,
1144 525 1240 549 cum
1285 509 1328 550 in
1376 521 1471 550 cute
1502 508 1695 565 corporis

263 582 384 624 ulcus
416 582 620 634 efficitur,
665 595 704 624 et
744 582 787 622 in
827 584 925 624 loco
965 584 1118 627 ulceris
1143 586 1331 628 cicatrix
1362 586 1458 627 alba
1493 604 1592 628 cum
1625 604 1698 627 ru·

262 659 372 700 bore
401 658 625 701 invenitur.
681 658 848 700 Ulceris
879 670 1020 701 autem
1052 678 1173 703 causa
1207 675 1277 713 est,
1310 680 1406 705 cum
1436 662 1480 704 in
1513 680 1697 720 corpore

262 735 425 778 humor
452 737 651 778 sordidus
683 736 873 777 abundat
904 748 943 776 et
971 736 1137 778 noxius.
1183 738 1246 780 Ita
1278 755 1377 792 ergo
1410 752 1449 781 et
1480 741 1522 782 in
1558 740 1695 781 anima

260 814 404 854 ulcera
436 812 730 866 intelliguntur
760 828 828 862 ea,
872 828 979 868 quae
1019 828 1066 854 ex
1106 813 1338 857 immundis
1383 817 1700 872 cupiditatibus,

261 889 327 929 vcl
357 889 540 931 sordidis
573 889 903 942 cogitationibus
938 889 1228 932 effervescunt.
1282 891 1406 946 Quae
1420 893 1453 935 si
1481 896 1591 935 forte
1621 911 1700 949 per

262 964 364 1006 fidei
394 964 568 1017 gratiam
601 979 640 1008 et
670 967 962 1009 remissionem
995 978 1136 1008 curata
1169 980 1267 1010 sunt
1307 980 1608 1025 peccatorum,
1657 982 1697 1011 et

261 1056 359 1085 sam
392 1044 502 1084 facta
535 1054 595 1084 est
633 1043 795 1094 anima,
843 1043 1000 1086 residet
1037 1054 1180 1085 tamen
1223 1046 1414 1087 cicatrix:
1459 1058 1498 1087 et
1537 1046 1570 1089 si
1606 1046 1697 1102 ipsa

261 1119 429 1161 cicatrix
460 1137 549 1161 non
582 1120 710 1163 habet
738 1121 918 1163 similem
950 1121 1145 1177 corporis
1176 1124 1389 1172 colorem,
1435 1124 1509 1165 sed
1546 1135 1605 1166 est
1635 1124 1697 1165 al-

260 1196 418 1247 bidior,
447 1197 566 1254 lepra
599 1214 684 1241 esse
713 1198 1031 1254 pronuntiatur.
1101 1198 1163 1241 Ita
1194 1200 1308 1243 enim
1338 1200 1482 1242 lucida
1513 1201 1695 1243 videnti-

261 1274 404 1330 bus1)
443 1286 502 1316 est
543 1288 583 1316 et
613 1277 726 1317 clara
757 1268 986 1331 cupiditas,
1031 1286 1078 1316 ut
1124 1276 1248 1318 etiam
1286 1294 1420 1333 porro
1452 1277 1707 1320 videntibus'

260 1351 426 1408 peccati
455 1352 498 1392 in
529 1369 572 1394 se
608 1352 828 1393 residentis
860 1354 1056 1394 ostendat
1085 1351 1266 1395 indicia:
1306 1365 1347 1395 et
1374 1356 1564 1397 fortassis
1592 1371 1694 1410 pec-

263 1429 344 1470 cati
375 1429 482 1479 talis,
513 1430 715 1485 quodrad
756 1441 940 1470 mortem
973 1430 1049 1471 sit:
1091 1441 1133 1470 et
1170 1429 1268 1471 ideo
1302 1447 1393 1472 non
1426 1432 1567 1472 solum
1598 1433 1698 1480 alba

262 1505 431 1548 cicatrix
462 1522 571 1556 esse,
609 1506 685 1548 sed
729 1518 770 1548 et
799 1506 1041 1548 rubicunda
1083 1506 1348 1550 describitur.
1418 1507 1551 1562 Quod
1594 1525 1694 1550 vero

261 1582 536 1625 humiliorem
568 1583 704 1639 ipsam
737 1583 976 1625 cicatricem
1009 1583 1109 1625 dicit
1130 1583 1277 1635 videri,
1305 1596 1466 1626 certum
1494 1597 1567 1636 est,
1598 1584 1696 1641 quia

257 1659 508 1718 hujusmodi
535 1661 701 1702 macula
731 1661 895 1717 peccati
925 1659 1131 1702 humilem
1176 1672 1216 1702 et
1256 1659 1461 1718 dejectam
1503 1662 1692 1704 animam

261 1738 399 1780 faciat.

372 1815 411 1857 ἒ.
443 1814 609 1869 Quarta
649 1826 708 1857 est
746 1815 834 1864 lex,
881 1815 956 1856 ubi
988 1815 1163 1865 dicitur,
1215 1815 1313 1870 quia
1355 1815 1387 1857 si
1418 1815 1462 1856 in
1495 1828 1591 1858 cute
1622 1816 1696 1859 fiat

263 1894 428 1934 adustio
458 1891 577 1943 ignis,
609 1904 647 1934 et
676 1904 776 1948 post
807 1892 911 1934 haec
943 1909 1042 1934 cum
1071 1903 1215 1935 sanata
1239 1892 1366 1934 suerit
1390 1892 1575 1943 adustio,
1603 1893 1695 1950 ipsa

260 1970 483 2024 splendida
513 1971 601 2022 fiat,
634 1982 674 2011 et
705 1971 800 2012 alba
833 1987 932 2012 cum
963 1971 1147 2019 rubore,
1176 1970 1241 2010 vel
1274 1981 1386 2011 certe
1417 1970 1622 2020 ‹ex-albida,
1655 1982 1696 2012 et

259 2045 363 2087 visio
397 2043 485 2103 ejus
516 2047 725 2089 humilior
755 2048 919 2103 reliqua
951 2059 1066 2089 cute:
1107 2059 1146 2088 et
1161 2046 1206 2102 ²)
1240 2048 1348 2088 hanc
1381 2047 1482 2088 dicit
1514 2063 1600 2089 esse
1630 2050 1693 2090 le·

258 2139 397 2178 pram,
430 2140 539 2179 quae
567 2125 612 2167 in
633 2125 904 2167 adustionem
928 2124 1224 2180 effloruit.“3)
1265 2124 1374 2166 Vide
1395 2141 1508 2178 ergo,
1541 2124 1575 2167 si
1604 2142 1695 2167 non

260 2199 425 2242 adustio
460 2213 519 2242 est
549 2201 594 2243 in
626 2202 745 2244 omni
776 2202 929 2255 anima,
961 2218 1242 2258 quaecunque
1266 2201 1572 2258 recipitjacula
1602 2219 1692 2244 tna-

261 2276 366 2329 ligni
393 2276 550 2329 ignita:
585 2291 656 2320 aut
686 2280 718 2322 si
748 2297 840 2322 non
869 2280 955 2333 igni
985 2280 1181 2321 aduritur
1213 2279 1363 2329 omnis,
1395 2279 1467 2335 qui
1500 2281 1619 2322 ardet
1648 2280 1694 2321 in

262 2370 410 2395 amore
441 2354 612 2398 carnali.
672 2357 778 2400 Istae
809 2370 906 2400 sunt
937 2373 1034 2411 ergo
1076 2356 1342 2408 adustiones,
1385 2367 1425 2396 et
1453 2355 1695 2398 succensio-

261 2445 334 2471 nes
364 2430 479 2483 ignis.
531 2432 615 2473 Sed
648 2446 686 2475 et
715 2436 787 2476 ille
818 2436 1087 2477 adustionem
1119 2434 1288 2492 patitur,
1320 2431 1391 2488 qui
1423 2431 1583 2484 gloriae
1613 2433 1694 2474 hu-

269 2564 277 2611 ι
382 2569 424 2625 ¹>
456 2571 585 2614 Deest
615 2571 908 2621 ‚‚videntibus“
940 2573 1130 2617 inlibris
1155 2560 1277 2615 antea
1296 2572 1415 2614 editis
1438 2573 1498 2629 (v.
1529 2589 1563 2616 c.
1595 2573 1690 2615 edd.

262 2625 362 2681 M),
392 2629 466 2668 sed
491 2630 717 2684 *suppletur
750 2646 771 2670 e
804 2629 912 2672 Cod.
944 2628 1311 2686 sangermanensi.
1343 2629 1394 2670 R.

378 2696 425 2751 ²)
458 2696 565 2738 Cod.
597 2699 813 2751 sangerm.
846 2713 914 2751 „et
943 2701 1028 2743 hoc
1058 2701 1161 2744 dicit
1189 2716 1276 2743 esse
1305 2700 1480 2755 lepram,
1512 2715 1620 2755 quae
1647 2697 1693 2740 in

264 2751 525 2794 adustione.“
558 2754 608 2795 R.

377 2822 423 2878 ³)
456 2822 565 2866 Cod.
599 2824 813 2877 Sangerm¹
845 2828 1014 2886 (itemq.
1047 2829 1141 2871 edd.
1177 2827 1284 2883 M.):
1315 2827 1617 2879 ‚‚effl0ruerit.“
1641 2825 1689 2867 R:
