1752 3136
166 121 253 163 220
762 121 992 166 Gaium-us

168 232 357 274 fidelium
388 232 677 289 unusquIsque
705 233 900 290 suscepit.
955 233 1047 286 Ego
1079 244 1203 289 puto,
1237 234 1354 289 quod
1385 244 1425 274 et
1452 231 1586 289 ipsam

165 309 348 352 animam
378 322 592 360 nostram,
623 322 662 350 ct
693 328 848 366 corpus
879 311 1119 366 depositum
1151 310 1389 365 accepimus
1421 327 1444 351 a
1474 311 1585 352 Deo.

163 386 221 427 Et
251 385 308 428 vis
348 385 489 428 videre
526 385 661 444 majus
699 388 815 429 aliud
865 387 1131 443 dopositum,
1177 388 1296 443 quod
1337 387 1533 443 accepisti
1565 404 1589 428 a

163 462 295 505 Deo?
353 463 438 519 Ipsi
468 463 636 504 animae
664 474 760 505 tuae
789 464 906 505 Deus
937 465 1160 517 imaginem
1190 481 1332 513 suam,
1373 476 1413 504 et
1441 462 1587 505 simili-

160 538 355 580 tudinem
384 540 709 584 commendavit.
776 542 891 583 Istud
924 557 1022 593 ergo
1063 542 1327 598 depositum,
1365 552 1451 581 tam
1484 540 1590 581 intc-

163 632 283 668 grum
304 616 345 671 1)
375 616 450 657 tibi
480 617 786 659 restituendum
817 628 888 667 est,
920 634 1049 672 quam
1081 635 1103 659 a
1135 629 1173 658 te
1206 629 1369 659 constat
1388 634 1474 659 esse
1496 634 1586 658 sus-

162 705 345 749 ceptum.
423 693 468 735 Si
499 696 610 736 enim
640 694 692 735 sis
722 693 974 742 misericors,
1003 693 1109 734 sicut
1138 705 1257 749 pater
1288 707 1381 735 tuus
1413 694 1455 735 in
1488 711 1587 735 coe-

160 771 212 812 lis
240 772 478 813 misericors
510 782 580 818 cst,
609 768 749 820 imago
778 767 863 810 Dei
891 768 935 809 in
965 781 1006 809 te
1038 780 1109 816 est,
1145 781 1182 810 et
1211 770 1420 822 integrum
1452 772 1588 826 depo-

158 848 286 890 situm
315 864 464 889 servas.
522 846 568 887 Si
599 848 811 901 perfectus
840 861 903 896 es,
947 845 1053 887 sicut
1092 857 1213 900 pater
1249 857 1345 887 tuus
1383 847 1426 887 in
1452 847 1586 888 'coelis

159 927 373 980 pei-sectus
404 935 473 974 est,
502 922 694 975 imaginis
723 921 808 963 Dei
837 922 883 963 in
912 934 954 963 te
984 923 1225 978 depositum
1258 934 1412 964 manet.
1457 922 1585 963 Simi-

159 1000 256 1042 liter
287 1012 326 1042 et
361 1011 498 1042 cetera
530 1000 696 1050 omnia,
725 1000 758 1042 si
789 1000 905 1056 pius,
946 999 980 1042 si
1011 998 1141 1056 justus
1172 1017 1236 1049 es,
1265 999 1297 1040 si
1327 1011 1513 1049 sanctus,
1553 998 1587 1040 si

158 1078 345 1119 mundus
376 1078 528 1119 corde:
569 1090 610 1119 et
650 1077 795 1119 omnia
827 1094 937 1133 quae
967 1077 1011 1119 in
1042 1079 1139 1119 Deo
1171 1089 1340 1134 praesto
1380 1088 1479 1118 sunt
1507 1093 1585 1132 per

158 1168 378 1203 naturam,
417 1156 451 1197 si
489 1154 565 1196 tibi
604 1172 682 1210 per
723 1154 1009 1196 imitationem
1050 1154 1297 1203 subsistant,
1341 1153 1584 1210 depositum

158 1234 274 1288 apud
304 1244 345 1272 te
375 1231 542 1273 divinae
571 1230 760 1283 imaginis
788 1232 949 1272 salvum
982 1244 1053 1274 est.
1114 1233 1161 1274 Si
1191 1248 1289 1272 vero
1323 1246 1345 1271 e
1368 1229 1583 1271 contrario

159 1325 277 1362 agas,
323 1321 362 1350 et
391 1326 472 1366 pro
505 1308 781 1350 misericorde
812 1309 1016 1359 crudelis,
1061 1326 1142 1365 pro
1173 1308 1247 1364 pio
1277 1307 1456 1362 impius,
1501 1324 1580 1362 pro

155 1385 342 1436 benigno
383 1385 615 1434 violentus,
657 1401 737 1441 pro
780 1385 922 1440 quieto
964 1386 1255 1434 turbulentus,
1295 1401 1375 1440 pro
1416 1384 1583 1426 liberali

155 1475 303 1519 raptor
334 1461 518 1509 exsistas,
549 1460 710 1516 abjecta
741 1461 923 1512 imagine
953 1460 1060 1510 Dei,
1102 1460 1264 1502 diaboli
1293 1461 1335 1501 in
1366 1472 1406 1500 te
1436 1460 1583 1512 imagi-

153 1557 254 1581 nem
285 1539 526 1596 suscepisti,
571 1550 610 1579 et
640 1541 807 1580 bonum
839 1538 1080 1593 depositum
1117 1537 1193 1578 tibi
1224 1537 1424 1579 divinitus
1464 1554 1582 1578 corn-

152 1618 401 1657 mendatum
434 1616 659 1668 abnegasti.
723 1618 812 1657 Aut
840 1632 931 1657 non
962 1616 1045 1656 hoc
1076 1626 1186 1664 erat,
1223 1615 1341 1670 quod
1379 1615 1458 1655 sub
1488 1631 1582 1673 my-

153 1692 281 1734 sterio
313 1694 547 1748 Apostolus
576 1694 711 1733 electo
745 1692 954 1747 discipulo
986 1692 1218 1743 mandabat
1240 1690 1487 1740 Timotheo,
1516 1690 1582 1731 di-

156 1786 274 1811 cens:
305 1786 359 1819 „0
375 1769 422 1824 ²)
455 1768 707 1818 Timotheo,
745 1769 911 1809 bonum
943 1768 1185 1823 depositum
1217 1767 1383 1808 custodi
1397 1766 1443 1808 ?“
1483 1768 1577 1819 Ego

153 1845 280 1886 etiam
310 1844 418 1885 illud
447 1845 577 1895 addo,
606 1846 726 1900 quod
757 1856 797 1885 et
830 1844 1044 1886 Christum
1062 1843 1304 1885 Dominum
1335 1843 1579 1900 depositum

152 1921 432 1977 suscepimus,
486 1932 525 1962 et
570 1932 763 1962 sanctum
815 1920 1021 1978 Spiritum
1069 1921 1310 1977 depositum
1357 1921 1578 1962 habemus.

150 1999 397 2040 Videndum
428 2013 526 2051 ergo
559 1999 686 2040 nobis
725 2010 805 2048 est,
851 2015 906 2040 ne
944 2001 1027 2040 hoc
1061 2009 1210 2041 sancto
1252 1998 1446 2054 deposito
1485 2014 1577 2039 non

150 2088 291 2117 sancte
318 2087 500 2125 utamur,
532 2087 572 2116 et
602 2092 696 2116 cum
729 2093 808 2116 nos
835 2075 877 2116 in
909 2092 1164 2117 consensum
1191 2075 1256 2116 sui
1286 2086 1462 2130 peccata
1490 2076 1577 2116 sol-

149 2153 333 2202 licitant,
375 2151 563 2209 juremus
601 2169 680 2193 nos
720 2169 810 2193 non
850 2153 1080 2209 suscepisse
1120 2153 1373 2207 depositum.
1442 2152 1576 2207 Quod

148 2229 296 2287 utique
323 2229 356 2270 si
385 2230 618 2271 habeamus
645 2228 690 2270 in
720 2228 859 2279 nobis,
888 2241 1066 2284 peccato
1088 2228 1325 2270 consentire
1352 2246 1444 2271 non
1473 2245 1574 2284 pos-

148 2324 304 2350 sumus.
363 2307 450 2348 Sed
481 2317 521 2347 et
547 2305 639 2361 ipse
667 2323 810 2348 sensus
857 2306 1142 2356 rationabilis,
1187 2304 1259 2362 qui
1304 2305 1348 2346 in
1389 2321 1458 2346 me
1503 2317 1574 2354 est,

149 2370 474 2426 commendatus
503 2382 607 2423 mihi
639 2394 710 2433 est,
744 2395 793 2424 ut
822 2399 873 2425 eo
904 2396 1000 2425 utar
1029 2385 1083 2425 ad
1120 2381 1438 2434 intelligentiam
1469 2380 1573 2422 divi-

149 2477 331 2501 norum:
360 2460 601 2513 ingenium,
632 2459 862 2510 memoria,
898 2459 1127 2518 judicium,
1167 2459 1297 2508 ratio,
1341 2470 1382 2499 et
1412 2475 1573 2510 omnes,

150 2538 223 2594 qui
251 2536 362 2579 intra
390 2553 459 2579 me
496 2549 594 2579 sunt
623 2549 791 2589 motus,
842 2536 1131 2579 commendati
1172 2534 1278 2579 mihi
1316 2535 1512 2577 videntur
1548 2554 1573 2576 a

267 2723 311 2777 ι)
342 2724 411 2765 Sic
441 2725 566 2776 MSS„
596 2726 694 2768 fibri
724 2744 824 2769 vero
867 2726 967 2770 editi
1005 2696 1131 2783 (esc.
1163 2725 1258 2769 edd.
1289 2725 1400 2780 Μ.);
1438 2723 1571 2776 „ime-

150 2799 221 2836 gre
250 2780 353 2822 tibi“
383 2793 458 2823 etc.
496 2783 543 2822 R.

264 2852 311 2907 2>
345 2851 430 2895 cfr.
463 2851 501 2893 11
532 2851 643 2895 Tim.
676 2853 709 2904 1,
737 2854 801 2896 14.
