<?xml version="1.0" encoding="UTF-8"?>
<!DOCTYPE html PUBLIC "-//W3C//DTD XHTML 1.0 Transitional//EN"
    "http://www.w3.org/TR/xhtml1/DTD/xhtml1-transitional.dtd">
<html xmlns="http://www.w3.org/1999/xhtml" xml:lang="en" lang="en">
 <head>
  <title>
</title>
<meta http-equiv="Content-Type" content="text/html;charset=utf-8" />
  <meta name='ocr-system' content='tesseract 3.04.00' />
  <meta name='ocr-capabilities' content='ocr_page ocr_carea ocr_par ocr_line ocrx_word'/>
</head>
<body>
  <div class='ocr_page' id='page_1' title='image "./operaomniaquaegr09orig_0348.png"; bbox 0 0 1752 3136; ppageno 0'>
   <div class='ocr_carea' id='block_1_1' title="bbox 252 68 1080 113">
    <p class='ocr_par' dir='ltr' id='par_1_1' title="bbox 252 68 1080 113">
     <span class='ocr_line' id='line_1_1' title="bbox 252 68 1080 113; baseline 0 -1"><span class='ocrx_word' id='word_1_1' title='bbox 252 68 337 113; x_wconf 84' lang='grc'>336</span> <span class='ocrx_word' id='word_1_2' title='bbox 858 68 1080 112; x_wconf 65' lang='lat' dir='ltr'>Ostiensis</span> 
     </span>
    </p>
   </div>
   <div class='ocr_carea' id='block_1_2' title="bbox 249 179 1677 2480">
    <p class='ocr_par' dir='ltr' id='par_1_2' title="bbox 249 179 1677 2480">
     <span class='ocr_line' id='line_1_2' title="bbox 253 179 1670 241; baseline 0.001 -17"><span class='ocrx_word' id='word_1_3' title='bbox 253 199 335 239; x_wconf 88' lang='lat' dir='ltr'>pro</span> <span class='ocrx_word' id='word_1_4' title='bbox 374 180 551 223; x_wconf 83' lang='lat' dir='ltr'>delicto:</span> <span class='ocrx_word' id='word_1_5' title='bbox 585 179 718 237; x_wconf 84' lang='lat' dir='ltr'>„in¹)</span> <span class='ocrx_word' id='word_1_6' title='bbox 761 181 883 231; x_wconf 89' lang='lat' dir='ltr'>loco,</span> <span class='ocrx_word' id='word_1_7' title='bbox 922 183 1083 238; x_wconf 80' lang='lat' dir='ltr'>inquit,</span> <span class='ocrx_word' id='word_1_8' title='bbox 1124 182 1166 224; x_wconf 89' lang='lat' dir='ltr'>in</span> <span class='ocrx_word' id='word_1_9' title='bbox 1209 199 1295 239; x_wconf 92' lang='lat' dir='ltr'>quo</span> <span class='ocrx_word' id='word_1_10' title='bbox 1339 181 1551 239; x_wconf 78' lang='lat' dir='ltr'>jugulatur</span> <span class='ocrx_word' id='word_1_11' title='bbox 1591 201 1670 241; x_wconf 87' lang='lat' dir='ltr'>pro</span> 
     </span>
     <span class='ocr_line' id='line_1_3' title="bbox 252 259 1673 316; baseline 0.001 -15"><span class='ocrx_word' id='word_1_12' title='bbox 252 271 450 316; x_wconf 85' lang='lat' dir='ltr'>peccato,</span> <span class='ocrx_word' id='word_1_13' title='bbox 498 270 539 299; x_wconf 91' lang='lat' dir='ltr'>et</span> <span class='ocrx_word' id='word_1_14' title='bbox 574 259 650 300; x_wconf 84' lang='lat' dir='ltr'>ubi</span> <span class='ocrx_word' id='word_1_15' title='bbox 680 259 1052 302; x_wconf 78' lang='lat' dir='ltr'>holocaustomata</span> <span class='ocrx_word' id='word_1_16' title='bbox 1080 260 1211 310; x_wconf 80' lang='lat' dir='ltr'>fiunt,</span> <span class='ocrx_word' id='word_1_17' title='bbox 1264 261 1307 301; x_wconf 83' lang='lat' dir='ltr'>in</span> <span class='ocrx_word' id='word_1_18' title='bbox 1348 262 1447 302; x_wconf 88' lang='lat' dir='ltr'>loco</span> <span class='ocrx_word' id='word_1_19' title='bbox 1487 266 1673 303; x_wconf 89' lang='lat' dir='ltr'>sanct0.“</span> 
     </span>
     <span class='ocr_line' id='line_1_4' title="bbox 252 334 1672 395; baseline 0.001 -17"><span class='ocrx_word' id='word_1_20' title='bbox 252 338 364 379; x_wconf 88' lang='lat' dir='ltr'>Ecce</span> <span class='ocrx_word' id='word_1_21' title='bbox 395 336 478 392; x_wconf 75' lang='lat' dir='ltr'>jam</span> <span class='ocrx_word' id='word_1_22' title='bbox 509 334 659 387; x_wconf 83' lang='lat' dir='ltr'>dignus</span> <span class='ocrx_word' id='word_1_23' title='bbox 690 336 893 387; x_wconf 80' lang='lat' dir='ltr'>eflicitur,</span> <span class='ocrx_word' id='word_1_24' title='bbox 930 349 976 378; x_wconf 54' lang='lat' dir='ltr'>&#39;ut</span> <span class='ocrx_word' id='word_1_25' title='bbox 1008 338 1162 379; x_wconf 81' lang='lat' dir='ltr'>offerat</span> <span class='ocrx_word' id='word_1_26' title='bbox 1192 337 1458 388; x_wconf 77' lang='lat' dir='ltr'>sacrificium,</span> <span class='ocrx_word' id='word_1_27' title='bbox 1489 337 1561 394; x_wconf 88' lang='lat' dir='ltr'>qui</span> <span class='ocrx_word' id='word_1_28' title='bbox 1591 354 1672 395; x_wconf 91' lang='lat' dir='ltr'>po-</span> 
     </span>
     <span class='ocr_line' id='line_1_5' title="bbox 252 411 1674 472; baseline 0.001 -18"><span class='ocrx_word' id='word_1_29' title='bbox 252 413 330 454; x_wconf 85' lang='lat' dir='ltr'>tuit</span> <span class='ocrx_word' id='word_1_30' title='bbox 361 414 414 453; x_wconf 89' lang='lat' dir='ltr'>ad</span> <span class='ocrx_word' id='word_1_31' title='bbox 447 411 637 468; x_wconf 78' lang='lat' dir='ltr'>quintam</span> <span class='ocrx_word' id='word_1_32' title='bbox 667 413 1012 468; x_wconf 74' lang='lat' dir='ltr'>purificationem</span> <span class='ocrx_word' id='word_1_33' title='bbox 1058 416 1301 470; x_wconf 85' lang='lat' dir='ltr'>pervenire,</span> <span class='ocrx_word' id='word_1_34' title='bbox 1342 427 1380 456; x_wconf 91' lang='lat' dir='ltr'>et</span> <span class='ocrx_word' id='word_1_35' title='bbox 1417 415 1553 457; x_wconf 86' lang='lat' dir='ltr'>hostia</span> <span class='ocrx_word' id='word_1_36' title='bbox 1585 413 1674 472; x_wconf 82' lang='lat' dir='ltr'>ejus</span> 
     </span>
     <span class='ocr_line' id='line_1_6' title="bbox 252 490 1673 545; baseline 0 -13"><span class='ocrx_word' id='word_1_37' title='bbox 252 502 394 532; x_wconf 81' lang='lat' dir='ltr'>sancta</span> <span class='ocrx_word' id='word_1_38' title='bbox 422 501 666 532; x_wconf 88' lang='lat' dir='ltr'>sanctorum</span> <span class='ocrx_word' id='word_1_39' title='bbox 699 490 756 532; x_wconf 84' lang='lat' dir='ltr'>fit.</span> <span class='ocrx_word' id='word_1_40' title='bbox 817 490 935 533; x_wconf 89' lang='lat' dir='ltr'>Alius</span> <span class='ocrx_word' id='word_1_41' title='bbox 967 504 1107 534; x_wconf 85' lang='lat' dir='ltr'>autem</span> <span class='ocrx_word' id='word_1_42' title='bbox 1129 508 1257 545; x_wconf 85' lang='lat' dir='ltr'>agnus</span> <span class='ocrx_word' id='word_1_43' title='bbox 1282 493 1578 534; x_wconf 85' lang='lat' dir='ltr'>holocaustum</span> <span class='ocrx_word' id='word_1_44' title='bbox 1611 493 1673 532; x_wconf 86' lang='lat' dir='ltr'>ef-</span> 
     </span>
     <span class='ocr_line' id='line_1_7' title="bbox 252 567 1673 626; baseline -0.001 -16"><span class='ocrx_word' id='word_1_45' title='bbox 252 569 404 618; x_wconf 81' lang='lat' dir='ltr'>ficitur,</span> <span class='ocrx_word' id='word_1_46' title='bbox 432 568 474 610; x_wconf 90' lang='lat' dir='ltr'>in</span> <span class='ocrx_word' id='word_1_47' title='bbox 509 584 594 624; x_wconf 91' lang='lat' dir='ltr'>quo</span> <span class='ocrx_word' id='word_1_48' title='bbox 627 579 668 608; x_wconf 92' lang='lat' dir='ltr'>ct</span> <span class='ocrx_word' id='word_1_49' title='bbox 697 567 968 623; x_wconf 78' lang='lat' dir='ltr'>repropitiari</span> <span class='ocrx_word' id='word_1_50' title='bbox 1009 587 1088 625; x_wconf 94' lang='lat' dir='ltr'>pro</span> <span class='ocrx_word' id='word_1_51' title='bbox 1130 570 1221 626; x_wconf 85' lang='lat' dir='ltr'>ipso</span> <span class='ocrx_word' id='word_1_52' title='bbox 1263 571 1461 612; x_wconf 82' lang='lat' dir='ltr'>sacerdos</span> <span class='ocrx_word' id='word_1_53' title='bbox 1504 569 1673 621; x_wconf 79' lang='lat' dir='ltr'>dicitur,</span> 
     </span>
     <span class='ocr_line' id='line_1_8' title="bbox 253 644 1675 703; baseline -0.001 -16"><span class='ocrx_word' id='word_1_54' title='bbox 253 658 299 687; x_wconf 90' lang='lat' dir='ltr'>ut</span> <span class='ocrx_word' id='word_1_55' title='bbox 327 657 543 702; x_wconf 76' lang='lat' dir='ltr'><strong>purgetur.</strong></span> <span class='ocrx_word' id='word_1_56' title='bbox 611 644 742 695; x_wconf 85' lang='lat' dir='ltr'>Igitur</span> <span class='ocrx_word' id='word_1_57' title='bbox 780 644 943 699; x_wconf 90' lang='lat' dir='ltr'>primus</span> <span class='ocrx_word' id='word_1_58' title='bbox 985 662 1138 698; x_wconf 85' lang='lat' dir='ltr'>agnus,</span> <span class='ocrx_word' id='word_1_59' title='bbox 1178 647 1250 702; x_wconf 86' lang='lat' dir='ltr'>qui</span> <span class='ocrx_word' id='word_1_60' title='bbox 1292 664 1372 703; x_wconf 88' lang='lat' dir='ltr'>pro</span> <span class='ocrx_word' id='word_1_61' title='bbox 1415 645 1569 687; x_wconf 85' lang='lat' dir='ltr'>delicto</span> <span class='ocrx_word' id='word_1_62' title='bbox 1603 657 1675 694; x_wconf 87' lang='lat' dir='ltr'>est,</span> 
     </span>
     <span class='ocr_line' id='line_1_9' title="bbox 252 719 1675 779; baseline -0.001 -14"><span class='ocrx_word' id='word_1_63' title='bbox 252 723 416 764; x_wconf 79' lang='lat' dir='ltr'>videtur</span> <span class='ocrx_word' id='word_1_64' title='bbox 444 722 547 763; x_wconf 78' lang='lat' dir='ltr'>mihi</span> <span class='ocrx_word' id='word_1_65' title='bbox 577 720 737 762; x_wconf 83' lang='lat' dir='ltr'>virtutis</span> <span class='ocrx_word' id='word_1_66' title='bbox 766 719 894 775; x_wconf 87' lang='lat' dir='ltr'>ipsius</span> <span class='ocrx_word' id='word_1_67' title='bbox 926 723 1110 763; x_wconf 79' lang='lat' dir='ltr'>formam</span> <span class='ocrx_word' id='word_1_68' title='bbox 1149 734 1314 773; x_wconf 87' lang='lat' dir='ltr'>tenere,</span> <span class='ocrx_word' id='word_1_69' title='bbox 1355 741 1482 779; x_wconf 86' lang='lat' dir='ltr'>quam</span> <span class='ocrx_word' id='word_1_70' title='bbox 1516 740 1675 765; x_wconf 88' lang='lat' dir='ltr'>assum-</span> 
     </span>
     <span class='ocr_line' id='line_1_10' title="bbox 251 797 1675 857; baseline -0.002 -14"><span class='ocrx_word' id='word_1_71' title='bbox 251 802 304 844; x_wconf 88' lang='lat' dir='ltr'>sit</span> <span class='ocrx_word' id='word_1_72' title='bbox 333 802 377 852; x_wconf 89' lang='lat' dir='ltr'>is,</span> <span class='ocrx_word' id='word_1_73' title='bbox 411 800 482 855; x_wconf 86' lang='lat' dir='ltr'>qui</span> <span class='ocrx_word' id='word_1_74' title='bbox 515 809 602 839; x_wconf 88' lang='lat' dir='ltr'>erat</span> <span class='ocrx_word' id='word_1_75' title='bbox 630 797 674 838; x_wconf 91' lang='lat' dir='ltr'>in</span> <span class='ocrx_word' id='word_1_76' title='bbox 704 797 908 852; x_wconf 87' lang='lat' dir='ltr'>peccatis,</span> <span class='ocrx_word' id='word_1_77' title='bbox 936 815 1014 854; x_wconf 89' lang='lat' dir='ltr'>per</span> <span class='ocrx_word' id='word_1_78' title='bbox 1043 816 1170 855; x_wconf 79' lang='lat' dir='ltr'>quam</span> <span class='ocrx_word' id='word_1_79' title='bbox 1201 801 1343 857; x_wconf 86' lang='lat' dir='ltr'>potuit</span> <span class='ocrx_word' id='word_1_80' title='bbox 1373 817 1397 842; x_wconf 83' lang='lat' dir='ltr'>a</span> <span class='ocrx_word' id='word_1_81' title='bbox 1426 817 1469 841; x_wconf 85' lang='lat' dir='ltr'>se</span> <span class='ocrx_word' id='word_1_82' title='bbox 1499 800 1675 855; x_wconf 86' lang='lat' dir='ltr'>propel-</span> 
     </span>
     <span class='ocr_line' id='line_1_11' title="bbox 252 874 1676 933; baseline -0.003 -14"><span class='ocrx_word' id='word_1_83' title='bbox 252 880 340 919; x_wconf 84' lang='lat' dir='ltr'><strong>lere</strong></span> <span class='ocrx_word' id='word_1_84' title='bbox 371 878 570 917; x_wconf 84' lang='lat' dir='ltr'>assectum</span> <span class='ocrx_word' id='word_1_85' title='bbox 602 874 830 930; x_wconf 82' lang='lat' dir='ltr'>peccandi,</span> <span class='ocrx_word' id='word_1_86' title='bbox 877 886 918 916; x_wconf 83' lang='lat' dir='ltr'>et</span> <span class='ocrx_word' id='word_1_87' title='bbox 955 876 1170 917; x_wconf 83' lang='lat' dir='ltr'>malorum</span> <span class='ocrx_word' id='word_1_88' title='bbox 1211 889 1398 918; x_wconf 85' lang='lat' dir='ltr'>veterum</span> <span class='ocrx_word' id='word_1_89' title='bbox 1427 876 1676 933; x_wconf 88' lang='lat' dir='ltr'>poenitudi-</span> 
     </span>
     <span class='ocr_line' id='line_1_12' title="bbox 250 952 1675 1010; baseline -0.001 -15"><span class='ocrx_word' id='word_1_90' title='bbox 250 971 350 996; x_wconf 88' lang='lat' dir='ltr'>nem</span> <span class='ocrx_word' id='word_1_91' title='bbox 382 969 545 1006; x_wconf 82' lang='lat' dir='ltr'><strong>gerere:</strong></span> <span class='ocrx_word' id='word_1_92' title='bbox 572 953 784 994; x_wconf 84' lang='lat' dir='ltr'>secundus</span> <span class='ocrx_word' id='word_1_93' title='bbox 808 958 906 994; x_wconf 51' lang='lat' dir='ltr'>&lt;ero</span> <span class='ocrx_word' id='word_1_94' title='bbox 936 968 1065 1005; x_wconf 83' lang='lat' dir='ltr'>agnus</span> <span class='ocrx_word' id='word_1_95' title='bbox 1094 956 1274 1005; x_wconf 78' lang='lat' dir='ltr'>figuram</span> <span class='ocrx_word' id='word_1_96' title='bbox 1292 966 1435 996; x_wconf 87' lang='lat' dir='ltr'>tenere</span> <span class='ocrx_word' id='word_1_97' title='bbox 1456 954 1568 996; x_wconf 82' lang='lat' dir='ltr'>illius</span> <span class='ocrx_word' id='word_1_98' title='bbox 1589 952 1675 1010; x_wconf 85' lang='lat' dir='ltr'>jam</span> 
     </span>
     <span class='ocr_line' id='line_1_13' title="bbox 253 1029 1676 1088; baseline 0 -16"><span class='ocrx_word' id='word_1_99' title='bbox 253 1042 525 1086; x_wconf 79' lang='lat' dir='ltr'>recuperatae</span> <span class='ocrx_word' id='word_1_100' title='bbox 555 1029 736 1079; x_wconf 83' lang='lat' dir='ltr'>virtutis,</span> <span class='ocrx_word' id='word_1_101' title='bbox 764 1046 842 1086; x_wconf 87' lang='lat' dir='ltr'>per</span> <span class='ocrx_word' id='word_1_102' title='bbox 873 1047 1001 1086; x_wconf 89' lang='lat' dir='ltr'>quam</span> <span class='ocrx_word' id='word_1_103' title='bbox 1043 1030 1215 1088; x_wconf 83' lang='lat' dir='ltr'>abjectis</span> <span class='ocrx_word' id='word_1_104' title='bbox 1257 1044 1296 1073; x_wconf 90' lang='lat' dir='ltr'>et</span> <span class='ocrx_word' id='word_1_105' title='bbox 1335 1032 1488 1088; x_wconf 89' lang='lat' dir='ltr'>procul</span> <span class='ocrx_word' id='word_1_106' title='bbox 1526 1030 1676 1084; x_wconf 84' lang='lat' dir='ltr'>fugatis</span> 
     </span>
     <span class='ocr_line' id='line_1_14' title="bbox 254 1105 1675 1162; baseline 0 -13"><span class='ocrx_word' id='word_1_107' title='bbox 254 1108 455 1150; x_wconf 89' lang='lat' dir='ltr'>omnibus</span> <span class='ocrx_word' id='word_1_108' title='bbox 483 1105 604 1155; x_wconf 84' lang='lat' dir='ltr'>vitiis,</span> <span class='ocrx_word' id='word_1_109' title='bbox 633 1108 843 1159; x_wconf 87' lang='lat' dir='ltr'>integrum</span> <span class='ocrx_word' id='word_1_110' title='bbox 873 1124 928 1160; x_wconf 89' lang='lat' dir='ltr'>se,</span> <span class='ocrx_word' id='word_1_111' title='bbox 968 1119 1007 1149; x_wconf 89' lang='lat' dir='ltr'>et</span> <span class='ocrx_word' id='word_1_112' title='bbox 1034 1108 1078 1149; x_wconf 86' lang='lat' dir='ltr'>in</span> <span class='ocrx_word' id='word_1_113' title='bbox 1106 1108 1270 1162; x_wconf 80' lang='lat' dir='ltr'>integro</span> <span class='ocrx_word' id='word_1_114' title='bbox 1305 1109 1461 1150; x_wconf 86' lang='lat' dir='ltr'>obtulit</span> <span class='ocrx_word' id='word_1_115' title='bbox 1490 1109 1603 1161; x_wconf 89' lang='lat' dir='ltr'>Deo,</span> <span class='ocrx_word' id='word_1_116' title='bbox 1635 1119 1675 1149; x_wconf 87' lang='lat' dir='ltr'>et</span> 
     </span>
     <span class='ocr_line' id='line_1_15' title="bbox 254 1183 1677 1243; baseline -0.001 -15"><span class='ocrx_word' id='word_1_117' title='bbox 254 1188 404 1240; x_wconf 85' lang='lat' dir='ltr'>dignus</span> <span class='ocrx_word' id='word_1_118' title='bbox 434 1183 586 1225; x_wconf 86' lang='lat' dir='ltr'>exstitit</span> <span class='ocrx_word' id='word_1_119' title='bbox 614 1183 762 1226; x_wconf 81' lang='lat' dir='ltr'>divinis</span> <span class='ocrx_word' id='word_1_120' title='bbox 792 1186 1006 1226; x_wconf 86' lang='lat' dir='ltr'>altaribus.</span> <span class='ocrx_word' id='word_1_121' title='bbox 1079 1185 1182 1228; x_wconf 83' lang='lat' dir='ltr'>Ovis</span> <span class='ocrx_word' id='word_1_122' title='bbox 1225 1199 1388 1236; x_wconf 86' lang='lat' dir='ltr'>autem,</span> <span class='ocrx_word' id='word_1_123' title='bbox 1431 1204 1540 1243; x_wconf 85' lang='lat' dir='ltr'>quae</span> <span class='ocrx_word' id='word_1_124' title='bbox 1577 1198 1677 1243; x_wconf 86' lang='lat' dir='ltr'>post</span> 
     </span>
     <span class='ocr_line' id='line_1_16' title="bbox 254 1261 1676 1318; baseline 0 -13"><span class='ocrx_word' id='word_1_125' title='bbox 254 1279 383 1316; x_wconf 85' lang='lat' dir='ltr'>agnos</span> <span class='ocrx_word' id='word_1_126' title='bbox 411 1262 646 1311; x_wconf 77' lang='lat' dir='ltr'><strong>assumitur,</strong></span> <span class='ocrx_word' id='word_1_127' title='bbox 678 1274 886 1317; x_wconf 76' lang='lat' dir='ltr'>quantum</span> <span class='ocrx_word' id='word_1_128' title='bbox 916 1261 1130 1318; x_wconf 78' lang='lat' dir='ltr'>conjicere</span> <span class='ocrx_word' id='word_1_129' title='bbox 1158 1262 1202 1303; x_wconf 87' lang='lat' dir='ltr'>in</span> <span class='ocrx_word' id='word_1_130' title='bbox 1227 1275 1314 1304; x_wconf 86' lang='lat' dir='ltr'>tam</span> <span class='ocrx_word' id='word_1_131' title='bbox 1333 1265 1578 1307; x_wconf 80' lang='lat' dir='ltr'>difficilibus</span> <span class='ocrx_word' id='word_1_132' title='bbox 1610 1266 1676 1305; x_wconf 88' lang='lat' dir='ltr'>lo-</span> 
     </span>
     <span class='ocr_line' id='line_1_17' title="bbox 254 1338 1674 1398; baseline -0.002 -14"><span class='ocrx_word' id='word_1_133' title='bbox 254 1342 311 1384; x_wconf 81' lang='lat' dir='ltr'>cis</span> <span class='ocrx_word' id='word_1_134' title='bbox 341 1341 549 1387; x_wconf 81' lang='lat' dir='ltr'>valemus,</span> <span class='ocrx_word' id='word_1_135' title='bbox 588 1338 891 1380; x_wconf 80' lang='lat' dir='ltr'>fecunditatem</span> <span class='ocrx_word' id='word_1_136' title='bbox 932 1351 1037 1396; x_wconf 88' lang='lat' dir='ltr'>puto</span> <span class='ocrx_word' id='word_1_137' title='bbox 1072 1342 1189 1395; x_wconf 86' lang='lat' dir='ltr'>quod</span> <span class='ocrx_word' id='word_1_138' title='bbox 1218 1341 1423 1393; x_wconf 83' lang='lat' dir='ltr'>significet</span> <span class='ocrx_word' id='word_1_139' title='bbox 1452 1341 1563 1398; x_wconf 83' lang='lat' dir='ltr'>ejus,</span> <span class='ocrx_word' id='word_1_140' title='bbox 1602 1340 1674 1397; x_wconf 89' lang='lat' dir='ltr'>qui</span> 
     </span>
     <span class='ocr_line' id='line_1_18' title="bbox 254 1418 1676 1474; baseline 0 -14"><span class='ocrx_word' id='word_1_141' title='bbox 254 1434 481 1460; x_wconf 84' lang='lat' dir='ltr'>conversus</span> <span class='ocrx_word' id='word_1_142' title='bbox 513 1428 572 1457; x_wconf 86' lang='lat' dir='ltr'>est</span> <span class='ocrx_word' id='word_1_143' title='bbox 602 1433 624 1457; x_wconf 88' lang='lat' dir='ltr'>a</span> <span class='ocrx_word' id='word_1_144' title='bbox 654 1427 857 1471; x_wconf 88' lang='lat' dir='ltr'>peccato,</span> <span class='ocrx_word' id='word_1_145' title='bbox 899 1428 939 1458; x_wconf 90' lang='lat' dir='ltr'>et</span> <span class='ocrx_word' id='word_1_146' title='bbox 977 1428 1113 1458; x_wconf 82' lang='lat' dir='ltr'>totum</span> <span class='ocrx_word' id='word_1_147' title='bbox 1152 1434 1196 1458; x_wconf 83' lang='lat' dir='ltr'>se</span> <span class='ocrx_word' id='word_1_148' title='bbox 1238 1418 1393 1459; x_wconf 88' lang='lat' dir='ltr'>obtulit</span> <span class='ocrx_word' id='word_1_149' title='bbox 1424 1418 1546 1472; x_wconf 87' lang='lat' dir='ltr'>Deo,</span> <span class='ocrx_word' id='word_1_150' title='bbox 1592 1435 1676 1474; x_wconf 84' lang='lat' dir='ltr'>qua</span> 
     </span>
     <span class='ocr_line' id='line_1_19' title="bbox 254 1493 1674 1552; baseline -0.001 -15"><span class='ocrx_word' id='word_1_151' title='bbox 254 1508 353 1552; x_wconf 85' lang='lat' dir='ltr'>post</span> <span class='ocrx_word' id='word_1_152' title='bbox 385 1494 528 1537; x_wconf 85' lang='lat' dir='ltr'>omnia</span> <span class='ocrx_word' id='word_1_153' title='bbox 556 1493 601 1534; x_wconf 88' lang='lat' dir='ltr'>in</span> <span class='ocrx_word' id='word_1_154' title='bbox 631 1494 848 1534; x_wconf 87' lang='lat' dir='ltr'>bonorum</span> <span class='ocrx_word' id='word_1_155' title='bbox 894 1511 1074 1550; x_wconf 88' lang='lat' dir='ltr'>operum</span> <span class='ocrx_word' id='word_1_156' title='bbox 1115 1495 1299 1537; x_wconf 89' lang='lat' dir='ltr'>foetibus</span> <span class='ocrx_word' id='word_1_157' title='bbox 1333 1495 1489 1545; x_wconf 85' lang='lat' dir='ltr'>utitur,</span> <span class='ocrx_word' id='word_1_158' title='bbox 1528 1507 1568 1537; x_wconf 84' lang='lat' dir='ltr'>et</span> <span class='ocrx_word' id='word_1_159' title='bbox 1607 1496 1674 1537; x_wconf 84' lang='lat' dir='ltr'>in-</span> 
     </span>
     <span class='ocr_line' id='line_1_20' title="bbox 249 1570 1674 1630; baseline 0 -15"><span class='ocrx_word' id='word_1_160' title='bbox 249 1572 477 1616; x_wconf 81' lang='lat' dir='ltr'>nocentiae</span> <span class='ocrx_word' id='word_1_161' title='bbox 525 1570 733 1613; x_wconf 84' lang='lat' dir='ltr'>fructibus</span> <span class='ocrx_word' id='word_1_162' title='bbox 778 1571 924 1627; x_wconf 88' lang='lat' dir='ltr'>pollet.</span> <span class='ocrx_word' id='word_1_163' title='bbox 999 1572 1049 1612; x_wconf 91' lang='lat' dir='ltr'>In</span> <span class='ocrx_word' id='word_1_164' title='bbox 1098 1572 1176 1614; x_wconf 81' lang='lat' dir='ltr'>tria</span> <span class='ocrx_word' id='word_1_165' title='bbox 1225 1587 1324 1625; x_wconf 85' lang='lat' dir='ltr'>ergo</span> <span class='ocrx_word' id='word_1_166' title='bbox 1366 1572 1674 1630; x_wconf 83' lang='lat' dir='ltr'>purificationis</span> 
     </span>
     <span class='ocr_line' id='line_1_21' title="bbox 253 1648 1674 1708; baseline 0 -15"><span class='ocrx_word' id='word_1_167' title='bbox 253 1652 401 1708; x_wconf 81' lang='lat' dir='ltr'>hujus,</span> <span class='ocrx_word' id='word_1_168' title='bbox 449 1651 494 1692; x_wconf 85' lang='lat' dir='ltr'>id</span> <span class='ocrx_word' id='word_1_169' title='bbox 535 1661 614 1699; x_wconf 87' lang='lat' dir='ltr'>est,</span> <span class='ocrx_word' id='word_1_170' title='bbox 659 1648 946 1691; x_wconf 84' lang='lat' dir='ltr'>conversionis</span> <span class='ocrx_word' id='word_1_171' title='bbox 995 1666 1017 1690; x_wconf 84' lang='lat' dir='ltr'>a</span> <span class='ocrx_word' id='word_1_172' title='bbox 1068 1662 1246 1706; x_wconf 87' lang='lat' dir='ltr'>peccato</span> <span class='ocrx_word' id='word_1_173' title='bbox 1297 1651 1407 1693; x_wconf 87' lang='lat' dir='ltr'>ratio</span> <span class='ocrx_word' id='word_1_174' title='bbox 1459 1651 1674 1693; x_wconf 84' lang='lat' dir='ltr'>dividitur.</span> 
     </span>
     <span class='ocr_line' id='line_1_22' title="bbox 252 1727 1674 1782; baseline -0.001 -11"><span class='ocrx_word' id='word_1_175' title='bbox 252 1729 398 1771; x_wconf 89' lang='lat' dir='ltr'>Prima</span> <span class='ocrx_word' id='word_1_176' title='bbox 439 1739 499 1769; x_wconf 92' lang='lat' dir='ltr'>est</span> <span class='ocrx_word' id='word_1_177' title='bbox 528 1727 686 1776; x_wconf 82' lang='lat' dir='ltr'>hostia,</span> <span class='ocrx_word' id='word_1_178' title='bbox 726 1742 808 1782; x_wconf 87' lang='lat' dir='ltr'>qua</span> <span class='ocrx_word' id='word_1_179' title='bbox 845 1738 1016 1782; x_wconf 83' lang='lat' dir='ltr'>peccata</span> <span class='ocrx_word' id='word_1_180' title='bbox 1058 1729 1291 1770; x_wconf 90' lang='lat' dir='ltr'>solvuntur.</span> <span class='ocrx_word' id='word_1_181' title='bbox 1361 1728 1561 1770; x_wconf 80' lang='lat' dir='ltr'>Secunda</span> <span class='ocrx_word' id='word_1_182' title='bbox 1601 1740 1674 1780; x_wconf 87' lang='lat' dir='ltr'>est,</span> 
     </span>
     <span class='ocr_line' id='line_1_23' title="bbox 256 1803 1674 1864; baseline -0.001 -16"><span class='ocrx_word' id='word_1_183' title='bbox 256 1825 339 1864; x_wconf 83' lang='lat' dir='ltr'>qua</span> <span class='ocrx_word' id='word_1_184' title='bbox 381 1806 520 1847; x_wconf 86' lang='lat' dir='ltr'>anima</span> <span class='ocrx_word' id='word_1_185' title='bbox 560 1803 820 1845; x_wconf 88' lang='lat' dir='ltr'>convertitur</span> <span class='ocrx_word' id='word_1_186' title='bbox 867 1805 921 1844; x_wconf 87' lang='lat' dir='ltr'>ad</span> <span class='ocrx_word' id='word_1_187' title='bbox 968 1804 1124 1846; x_wconf 83' lang='lat' dir='ltr'>Deum.</span> <span class='ocrx_word' id='word_1_188' title='bbox 1203 1803 1347 1845; x_wconf 84' lang='lat' dir='ltr'>Tertia</span> <span class='ocrx_word' id='word_1_189' title='bbox 1383 1815 1443 1846; x_wconf 87' lang='lat' dir='ltr'>est</span> <span class='ocrx_word' id='word_1_190' title='bbox 1479 1805 1674 1847; x_wconf 87' lang='lat' dir='ltr'>fecundi-</span> 
     </span>
     <span class='ocr_line' id='line_1_24' title="bbox 251 1881 1673 1938; baseline -0.001 -14"><span class='ocrx_word' id='word_1_191' title='bbox 251 1884 368 1934; x_wconf 82' lang='lat' dir='ltr'>tatis,</span> <span class='ocrx_word' id='word_1_192' title='bbox 407 1893 447 1923; x_wconf 92' lang='lat' dir='ltr'>et</span> <span class='ocrx_word' id='word_1_193' title='bbox 487 1883 724 1931; x_wconf 79' lang='lat' dir='ltr'>fructuum,</span> <span class='ocrx_word' id='word_1_194' title='bbox 765 1897 871 1936; x_wconf 90' lang='lat' dir='ltr'>quos</span> <span class='ocrx_word' id='word_1_195' title='bbox 901 1881 946 1921; x_wconf 87' lang='lat' dir='ltr'>in</span> <span class='ocrx_word' id='word_1_196' title='bbox 980 1882 1181 1937; x_wconf 86' lang='lat' dir='ltr'>operibus</span> <span class='ocrx_word' id='word_1_197' title='bbox 1207 1881 1372 1937; x_wconf 81' lang='lat' dir='ltr'>pietatis</span> <span class='ocrx_word' id='word_1_198' title='bbox 1410 1882 1466 1934; x_wconf 88' lang='lat' dir='ltr'>is,</span> <span class='ocrx_word' id='word_1_199' title='bbox 1504 1882 1577 1938; x_wconf 88' lang='lat' dir='ltr'>qui</span> <span class='ocrx_word' id='word_1_200' title='bbox 1609 1882 1673 1924; x_wconf 84' lang='lat' dir='ltr'>di-</span> 
     </span>
     <span class='ocr_line' id='line_1_25' title="bbox 251 1958 1675 2015; baseline -0.002 -12"><span class='ocrx_word' id='word_1_201' title='bbox 251 1961 363 2003; x_wconf 89' lang='lat' dir='ltr'>citur</span> <span class='ocrx_word' id='word_1_202' title='bbox 391 1975 631 2008; x_wconf 85' lang='lat' dir='ltr'>conversus,</span> <span class='ocrx_word' id='word_1_203' title='bbox 662 1959 856 2000; x_wconf 84' lang='lat' dir='ltr'>ostendit.</span> <span class='ocrx_word' id='word_1_204' title='bbox 913 1959 969 2000; x_wconf 86' lang='lat' dir='ltr'>Et</span> <span class='ocrx_word' id='word_1_205' title='bbox 999 1958 1094 2015; x_wconf 85' lang='lat' dir='ltr'>quia</span> <span class='ocrx_word' id='word_1_206' title='bbox 1125 1971 1206 2000; x_wconf 89' lang='lat' dir='ltr'>tres</span> <span class='ocrx_word' id='word_1_207' title='bbox 1236 1959 1338 2000; x_wconf 83' lang='lat' dir='ltr'>istae</span> <span class='ocrx_word' id='word_1_208' title='bbox 1371 1970 1470 2000; x_wconf 87' lang='lat' dir='ltr'>sunt</span> <span class='ocrx_word' id='word_1_209' title='bbox 1500 1958 1675 2011; x_wconf 82' lang='lat' dir='ltr'>hostiae,</span> 
     </span>
     <span class='ocr_line' id='line_1_26' title="bbox 251 2034 1674 2093; baseline 0 -13"><span class='ocrx_word' id='word_1_210' title='bbox 251 2037 413 2081; x_wconf 84' lang='lat' dir='ltr'>idcirco</span> <span class='ocrx_word' id='word_1_211' title='bbox 444 2034 662 2093; x_wconf 82' lang='lat' dir='ltr'>subjungit</span> <span class='ocrx_word' id='word_1_212' title='bbox 693 2047 731 2076; x_wconf 89' lang='lat' dir='ltr'>et</span> <span class='ocrx_word' id='word_1_213' title='bbox 748 2035 794 2091; x_wconf 82' lang='lat'>²)</span> <span class='ocrx_word' id='word_1_214' title='bbox 832 2047 914 2077; x_wconf 86' lang='lat' dir='ltr'>tres</span> <span class='ocrx_word' id='word_1_215' title='bbox 952 2053 1169 2077; x_wconf 83' lang='lat' dir='ltr'>mensuras</span> <span class='ocrx_word' id='word_1_216' title='bbox 1209 2036 1398 2078; x_wconf 80' lang='lat' dir='ltr'>decimae</span> <span class='ocrx_word' id='word_1_217' title='bbox 1432 2035 1674 2090; x_wconf 78' lang='lat' dir='ltr'>similaginis</span> 
     </span>
     <span class='ocr_line' id='line_1_27' title="bbox 253 2113 1676 2171; baseline 0 -14"><span class='ocrx_word' id='word_1_218' title='bbox 253 2116 544 2162; x_wconf 82' lang='lat' dir='ltr'>assumendas,</span> <span class='ocrx_word' id='word_1_219' title='bbox 591 2124 639 2154; x_wconf 94' lang='lat' dir='ltr'>ut</span> <span class='ocrx_word' id='word_1_220' title='bbox 677 2113 837 2169; x_wconf 84' lang='lat' dir='ltr'>ubique</span> <span class='ocrx_word' id='word_1_221' title='bbox 879 2113 1160 2166; x_wconf 82' lang='lat' dir='ltr'>intelligamus</span> <span class='ocrx_word' id='word_1_222' title='bbox 1199 2113 1541 2171; x_wconf 82' lang='lat' dir='ltr'>purificationem</span> <span class='ocrx_word' id='word_1_223' title='bbox 1581 2116 1676 2158; x_wconf 84' lang='lat' dir='ltr'>fieri</span> 
     </span>
     <span class='ocr_line' id='line_1_28' title="bbox 251 2189 1675 2250; baseline 0 -17"><span class='ocrx_word' id='word_1_224' title='bbox 251 2209 343 2233; x_wconf 88' lang='lat' dir='ltr'>non</span> <span class='ocrx_word' id='word_1_225' title='bbox 372 2207 496 2247; x_wconf 87' lang='lat' dir='ltr'>posse</span> <span class='ocrx_word' id='word_1_226' title='bbox 524 2189 613 2232; x_wconf 86' lang='lat' dir='ltr'>sine</span> <span class='ocrx_word' id='word_1_227' title='bbox 651 2191 849 2250; x_wconf 84' lang='lat' dir='ltr'>mysterio</span> <span class='ocrx_word' id='word_1_228' title='bbox 890 2191 1117 2234; x_wconf 80' lang='lat' dir='ltr'>Trinitatis.</span> <span class='ocrx_word' id='word_1_229' title='bbox 1205 2192 1316 2234; x_wconf 87' lang='lat' dir='ltr'>Vide</span> <span class='ocrx_word' id='word_1_230' title='bbox 1352 2205 1515 2242; x_wconf 87' lang='lat' dir='ltr'>autem,</span> <span class='ocrx_word' id='word_1_231' title='bbox 1555 2193 1675 2247; x_wconf 86' lang='lat' dir='ltr'>quod</span> 
     </span>
     <span class='ocr_line' id='line_1_29' title="bbox 252 2267 1673 2326; baseline 0.001 -17"><span class='ocrx_word' id='word_1_232' title='bbox 252 2269 320 2310; x_wconf 88' lang='lat' dir='ltr'>hic</span> <span class='ocrx_word' id='word_1_233' title='bbox 348 2267 393 2310; x_wconf 86' lang='lat' dir='ltr'>in</span> <span class='ocrx_word' id='word_1_234' title='bbox 427 2267 572 2324; x_wconf 85' lang='lat' dir='ltr'>quinta</span> <span class='ocrx_word' id='word_1_235' title='bbox 602 2269 901 2325; x_wconf 84' lang='lat' dir='ltr'>purificatione</span> <span class='ocrx_word' id='word_1_236' title='bbox 929 2286 1019 2310; x_wconf 88' lang='lat' dir='ltr'>non</span> <span class='ocrx_word' id='word_1_237' title='bbox 1050 2267 1275 2310; x_wconf 84' lang='lat' dir='ltr'>assumitur</span> <span class='ocrx_word' id='word_1_238' title='bbox 1305 2269 1454 2322; x_wconf 83' lang='lat' dir='ltr'>farina,</span> <span class='ocrx_word' id='word_1_239' title='bbox 1483 2270 1555 2311; x_wconf 86' lang='lat' dir='ltr'>sed</span> <span class='ocrx_word' id='word_1_240' title='bbox 1585 2268 1673 2326; x_wconf 87' lang='lat' dir='ltr'>jam</span> 
     </span>
     <span class='ocr_line' id='line_1_30' title="bbox 253 2345 1673 2403; baseline -0.001 -15"><span class='ocrx_word' id='word_1_241' title='bbox 253 2346 435 2388; x_wconf 82' lang='lat' dir='ltr'>similam</span> <span class='ocrx_word' id='word_1_242' title='bbox 467 2346 597 2388; x_wconf 88' lang='lat' dir='ltr'>habet</span> <span class='ocrx_word' id='word_1_243' title='bbox 625 2347 720 2398; x_wconf 88' lang='lat' dir='ltr'>iste,</span> <span class='ocrx_word' id='word_1_244' title='bbox 761 2347 833 2403; x_wconf 90' lang='lat' dir='ltr'>qui</span> <span class='ocrx_word' id='word_1_245' title='bbox 874 2347 1125 2403; x_wconf 83' lang='lat' dir='ltr'>purificatur</span> <span class='ocrx_word' id='word_1_246' title='bbox 1164 2362 1187 2387; x_wconf 88' lang='lat' dir='ltr'>a</span> <span class='ocrx_word' id='word_1_247' title='bbox 1224 2347 1424 2402; x_wconf 83' lang='lat' dir='ltr'>peccatis,</span> <span class='ocrx_word' id='word_1_248' title='bbox 1460 2347 1597 2388; x_wconf 81' lang='lat' dir='ltr'>simila</span> <span class='ocrx_word' id='word_1_249' title='bbox 1635 2345 1673 2388; x_wconf 86' lang='lat' dir='ltr'>ei</span> 
     </span>
     <span class='ocr_line' id='line_1_31' title="bbox 255 2422 1671 2480; baseline 0 -16"><span class='ocrx_word' id='word_1_250' title='bbox 255 2423 529 2474; x_wconf 82' lang='lat' dir='ltr'>adscribitur,</span> <span class='ocrx_word' id='word_1_251' title='bbox 574 2426 691 2466; x_wconf 86' lang='lat' dir='ltr'>unde</span> <span class='ocrx_word' id='word_1_252' title='bbox 731 2424 885 2467; x_wconf 85' lang='lat' dir='ltr'>habeat</span> <span class='ocrx_word' id='word_1_253' title='bbox 916 2422 1002 2480; x_wconf 82' lang='lat' dir='ltr'>jam</span> <span class='ocrx_word' id='word_1_254' title='bbox 1031 2440 1187 2480; x_wconf 88' lang='lat' dir='ltr'>panem</span> <span class='ocrx_word' id='word_1_255' title='bbox 1217 2425 1452 2474; x_wconf 90' lang='lat' dir='ltr'>mundum,</span> <span class='ocrx_word' id='word_1_256' title='bbox 1499 2435 1540 2465; x_wconf 90' lang='lat' dir='ltr'>et</span> <span class='ocrx_word' id='word_1_257' title='bbox 1567 2424 1671 2465; x_wconf 87' lang='lat' dir='ltr'>haec</span> 
     </span>
    </p>
   </div>
   <div class='ocr_carea' id='block_1_3' title="bbox 255 2499 1673 2558">
    <p class='ocr_par' dir='ltr' id='par_1_3' title="bbox 255 2499 1673 2558">
     <span class='ocr_line' id='line_1_32' title="bbox 255 2499 1673 2558; baseline 0 -16"><span class='ocrx_word' id='word_1_258' title='bbox 255 2501 352 2542; x_wconf 89' lang='lat' dir='ltr'>oleo</span> <span class='ocrx_word' id='word_1_259' title='bbox 388 2502 692 2557; x_wconf 82' lang='lat' dir='ltr'>conspergitur.</span> <span class='ocrx_word' id='word_1_260' title='bbox 759 2501 845 2543; x_wconf 87' lang='lat' dir='ltr'>Sed</span> <span class='ocrx_word' id='word_1_261' title='bbox 887 2513 924 2543; x_wconf 90' lang='lat' dir='ltr'>et</span> <span class='ocrx_word' id='word_1_262' title='bbox 955 2501 1098 2543; x_wconf 89' lang='lat' dir='ltr'>oleum</span> <span class='ocrx_word' id='word_1_263' title='bbox 1131 2499 1218 2558; x_wconf 85' lang='lat' dir='ltr'>ejus</span> <span class='ocrx_word' id='word_1_264' title='bbox 1257 2502 1311 2542; x_wconf 84' lang='lat' dir='ltr'>ad</span> <span class='ocrx_word' id='word_1_265' title='bbox 1342 2503 1449 2544; x_wconf 90' lang='lat' dir='ltr'>duos</span> <span class='ocrx_word' id='word_1_266' title='bbox 1478 2518 1576 2543; x_wconf 89' lang='lat' dir='ltr'>usus</span> <span class='ocrx_word' id='word_1_267' title='bbox 1608 2500 1673 2542; x_wconf 83' lang='lat' dir='ltr'>di-</span> 
     </span>
    </p>
   </div>
   <div class='ocr_carea' id='block_1_4' title="bbox 368 2634 816 2689">
    <p class='ocr_par' dir='ltr' id='par_1_4' title="bbox 368 2634 816 2689">
     <span class='ocr_line' id='line_1_33' title="bbox 368 2634 816 2689; baseline 0.007 -14"><span class='ocrx_word' id='word_1_268' title='bbox 368 2634 412 2689; x_wconf 70' lang='grc' dir='ltr'>ι)</span> <span class='ocrx_word' id='word_1_269' title='bbox 443 2635 572 2676; x_wconf 69' lang='lat' dir='ltr'>revit.</span> <span class='ocrx_word' id='word_1_270' title='bbox 601 2635 719 2688; x_wconf 81' lang='lat' dir='ltr'>xlv,</span> <span class='ocrx_word' id='word_1_271' title='bbox 751 2637 816 2681; x_wconf 86' lang='lat'>13.</span> 
     </span>
    </p>
   </div>
   <div class='ocr_carea' id='block_1_5' title="bbox 252 2703 1671 2877">
    <p class='ocr_par' dir='ltr' id='par_1_5' title="bbox 252 2703 1671 2877">
     <span class='ocr_line' id='line_1_34' title="bbox 367 2703 1670 2763; baseline 0.004 -19"><span class='ocrx_word' id='word_1_272' title='bbox 367 2703 416 2757; x_wconf 79' lang='grc'>2&gt;</span> <span class='ocrx_word' id='word_1_273' title='bbox 453 2704 524 2745; x_wconf 87' lang='lat' dir='ltr'>Sic</span> <span class='ocrx_word' id='word_1_274' title='bbox 553 2706 710 2748; x_wconf 82' lang='lat' dir='ltr'>habent</span> <span class='ocrx_word' id='word_1_275' title='bbox 739 2707 838 2750; x_wconf 88' lang='lat' dir='ltr'>Mss.</span> <span class='ocrx_word' id='word_1_276' title='bbox 885 2707 1003 2749; x_wconf 87' lang='lat' dir='ltr'>Libri</span> <span class='ocrx_word' id='word_1_277' title='bbox 1031 2723 1131 2748; x_wconf 86' lang='lat' dir='ltr'>vero</span> <span class='ocrx_word' id='word_1_278' title='bbox 1165 2706 1266 2748; x_wconf 85' lang='lat' dir='ltr'>editi</span> <span class='ocrx_word' id='word_1_279' title='bbox 1295 2707 1356 2763; x_wconf 78' lang='lat' dir='ltr'>(v.</span> <span class='ocrx_word' id='word_1_280' title='bbox 1378 2723 1411 2750; x_wconf 90' lang='lat' dir='ltr'>c.</span> <span class='ocrx_word' id='word_1_281' title='bbox 1439 2708 1534 2748; x_wconf 85' lang='lat' dir='ltr'>edd.</span> <span class='ocrx_word' id='word_1_282' title='bbox 1560 2706 1670 2762; x_wconf 36' lang='lat' dir='ltr'>Ma)</span> 
     </span>
     <span class='ocr_line' id='line_1_35' title="bbox 252 2763 1671 2820; baseline 0.004 -19"><span class='ocrx_word' id='word_1_283' title='bbox 252 2772 319 2811; x_wconf 90' lang='lat' dir='ltr'>„et</span> <span class='ocrx_word' id='word_1_284' title='bbox 347 2772 428 2802; x_wconf 82' lang='lat' dir='ltr'>tres</span> <span class='ocrx_word' id='word_1_285' title='bbox 460 2777 682 2803; x_wconf 86' lang='lat' dir='ltr'>mensurae</span> <span class='ocrx_word' id='word_1_286' title='bbox 721 2764 843 2812; x_wconf 83' lang='lat' dir='ltr'>(edd.</span> <span class='ocrx_word' id='word_1_287' title='bbox 872 2763 932 2806; x_wconf 88' lang='lat' dir='ltr'>M.</span> <span class='ocrx_word' id='word_1_288' title='bbox 965 2780 1211 2820; x_wconf 86' lang='lat' dir='ltr'>perperam:</span> <span class='ocrx_word' id='word_1_289' title='bbox 1251 2764 1516 2819; x_wconf 75' lang='lat' dir='ltr'>mensuras)</span> <span class='ocrx_word' id='word_1_290' title='bbox 1556 2764 1671 2807; x_wconf 82' lang='lat' dir='ltr'>deci-</span> 
     </span>
     <span class='ocr_line' id='line_1_36' title="bbox 252 2817 1501 2877; baseline 0.002 -17"><span class='ocrx_word' id='word_1_291' title='bbox 252 2834 347 2860; x_wconf 82' lang='lat' dir='ltr'>mae</span> <span class='ocrx_word' id='word_1_292' title='bbox 375 2817 615 2871; x_wconf 82' lang='lat' dir='ltr'>similaginis</span> <span class='ocrx_word' id='word_1_293' title='bbox 646 2822 921 2863; x_wconf 85' lang='lat' dir='ltr'>assumendae</span> <span class='ocrx_word' id='word_1_294' title='bbox 949 2832 1058 2865; x_wconf 87' lang='lat' dir='ltr'>sunt.</span> <span class='ocrx_word' id='word_1_295' title='bbox 1115 2820 1313 2877; x_wconf 84' lang='lat' dir='ltr'>Ubique“</span> <span class='ocrx_word' id='word_1_296' title='bbox 1343 2833 1420 2864; x_wconf 85' lang='lat' dir='ltr'>etc.</span> <span class='ocrx_word' id='word_1_297' title='bbox 1451 2821 1501 2863; x_wconf 84' lang='lat' dir='ltr'>R.</span> 
     </span>
    </p>
   </div>
  </div>
 </body>
</html>
