1752 3136
192 151 275 193 414
791 149 1014 191 Ommzms

193 262 470 304 clesiasticum
502 275 543 303 et
573 263 829 304 catholicum
862 263 1004 315 litigat,
1034 262 1077 303 id
1117 274 1186 311 est,
1219 273 1367 302 contra
1400 278 1510 311 eum,
1541 262 1613 317 qui

193 358 239 381 ex
270 352 451 396 utraque
480 352 599 396 parte
638 340 822 383 Israelita
862 352 940 391 est,
987 339 1058 395 qui
1097 352 1136 379 ct
1175 340 1411 380 secundum
1448 341 1612 380 literam

192 419 379 460 Israelita
411 430 483 469 est,
517 431 557 460 et
585 420 819 460 secundum
850 418 1070 475 spiritum,
1113 418 1208 473 quia
1249 418 1337 472 ipse
1375 418 1610 457 secuudum

192 497 358 538 literam
389 497 562 549 quidem
592 496 778 538 Israelita
810 509 881 545 est,
910 497 1144 539 secundum
1177 495 1371 551 spiritum
1395 510 1495 534 vero
1530 496 1611 533 Ae-

193 575 367 632 gyptius.
429 573 548 629 Quid
580 590 678 628 ergo
713 586 772 616 est
802 575 992 630 utrisque
1017 574 1306 628 litigantibus?
1366 571 1610 613 Necessario

191 652 274 701 ille,
303 651 377 708 qui
409 653 621 693 carnalem
651 651 841 707 sequitur
868 668 1051 702 sensum,
1088 665 1292 707 tanquam
1323 651 1376 691 de
1407 647 1613 706 Aegyptio

192 745 320 780 genus
363 731 522 770 ducens
559 746 721 771 nomen
755 728 974 778 nominat,
1022 740 1062 769 et
1097 728 1327 770 maledicit.
1405 726 1613 768 Nominat

191 807 303 847 enim
336 823 497 847 nomen
529 806 626 855 Dei,
658 818 698 847 et
728 822 824 846 cum
845 807 1074 848 maledicto
1100 805 1317 847 nominat:
1347 817 1469 856 negat
1498 804 1611 845 enim

190 902 288 925 eum
328 896 561 925 creatorem
605 899 691 924 esse
730 883 906 932 mundi,
951 895 1074 936 negat
1113 900 1200 925 esse
1240 895 1403 939 patrem
1445 881 1612 922 Christi.

188 964 278 1004 Nos
312 979 426 1011 vero,
457 962 529 1018 qui
562 978 608 1002 ex
638 972 825 1017 utroque
855 978 1008 1013 genere
1034 960 1247 1002 Israelitae
1266 977 1422 1008 sumus,
1453 971 1491 1000 et
1518 960 1613 1000 lite-

188 1057 280 1081 ram
313 1053 352 1080 et
379 1040 574 1096 spiritum
603 1039 649 1081 in
677 1039 896 1096 scripturis
927 1039 1078 1081 sanctis
1101 1038 1382 1088 defendimus,
1414 1050 1454 1079 et
1478 1037 1613 1090 litiga-

187 1135 283 1160 mus
314 1120 537 1160 adversum
568 1134 654 1167 eos,
685 1117 759 1173 qui
789 1133 836 1158 ex
866 1117 1007 1158 media
1038 1128 1158 1171 parte
1171 1116 1384 1158 Israelitac
1404 1115 1613 1164 videntur,

189 1208 230 1238 et
259 1195 449 1245 dicimus,
482 1196 580 1252 quia
609 1212 750 1252 neque
777 1195 1013 1237 secundum
1043 1194 1207 1235 literam
1240 1193 1440 1234 maledici
1481 1209 1613 1248 opor-

186 1287 256 1325 tet,
284 1291 425 1330 neque
454 1274 690 1316 secundum
712 1273 754 1327 Ι)
782 1273 1043 1328 spiritualem
1066 1270 1384 1325 intelligentiam
1415 1270 1613 1325 blasphe-

185 1352 308 1394 mari.
368 1338 605 1393 Maledicus
644 1350 756 1390 enim
796 1366 887 1390 non
927 1351 1067 1391 solum
1097 1349 1140 1390 in
1172 1350 1339 1397 Deum,
1381 1349 1455 1389 sed
1486 1349 1611 1389 etiam

185 1429 227 1470 in
259 1429 529 1484 proximum,
569 1427 767 1483 Apostoli
806 1427 928 1467 Pauli
968 1427 1172 1468 sententia
1213 1443 1235 1466 a
1266 1442 1397 1478 regno
1427 1425 1512 1465 Dei
1543 1442 1611 1466 ex-

186 1505 387 1548 cluditur.
457 1506 566 1547 Vide
611 1504 745 1554 enim,
797 1505 1020 1560 quomodo
1062 1501 1161 1544 dicit
1199 1503 1456 1559 Apostolus:
1503 1520 1612 1552 „no-

185 1584 260 1625 lite
278 1584 324 1638 2)
367 1599 532 1624 errare:
573 1599 715 1639 neque
755 1581 995 1632 fornicarii,
1040 1597 1181 1637 neque
1219 1581 1422 1629 adulteri,
1471 1596 1611 1635 neque

184 1661 352 1711 molles,
381 1677 523 1717 neque
546 1662 837 1703 masculorum
877 1659 1201 1708 concubitores,
1248 1674 1388 1713 neque
1404 1656 1449 1712 3)
1485 1659 1611 1707 fures,

184 1755 328 1795 neque
358 1738 493 1789 avari,
536 1754 678 1794 neque
716 1737 911 1780 maledici
949 1752 1127 1789 regnum
1166 1735 1252 1778 Dei
1289 1735 1611 1791 possidebunt.“

186 1816 353 1867 Videte,
383 1816 494 1857 inter
524 1831 634 1872 quae
664 1814 863 1865 crimina,
892 1815 1004 1856 inter
1033 1815 1273 1862 adulteros,
1301 1815 1412 1853 inter
1440 1829 1610 1853 mascu-

184 1895 330 1935 lorum
360 1894 683 1941 concubitores,
721 1892 833 1933 inter
863 1908 1030 1940 avaros,
1071 1907 1178 1946 quos
1220 1889 1322 1930 alibi
1353 1889 1455 1930 dicit
1483 1889 1610 1930 idolis

184 1970 428 2021 servientes,
470 1972 594 2012 etiam
625 1970 857 2012 maledicos
886 1969 1053 2025 posuit,
1098 1980 1138 2009 et
1168 1986 1190 2009 a
1219 1983 1350 2019 regno
1382 1967 1467 2008 Dei
1497 1966 1611 2022 pari-

185 2061 250 2090 ter
281 2064 378 2089 cum
408 2047 489 2090 illis
524 2047 710 2093 exclusit,
767 2047 951 2088 Videant
981 2062 1096 2099 ergo,
1124 2046 1157 2087 si
1187 2046 1260 2101 qui
1284 2061 1471 2086 ossuum
1500 2055 1610 2099 quo*-

186 2125 347 2167 tidiana
377 2141 488 2180 pene
520 2123 828 2166 consuetudine
858 2125 942 2165 hoc
983 2123 1084 2165 vitio
1124 2123 1391 2172 insuescunt,
1429 2121 1532 2178 quid
1560 2121 1610 2163 iis

186 2202 368 2260 periculi
397 2201 627 2244 immineat.
687 2202 888 2243 Putantes
920 2203 1033 2243 enim
1064 2201 1155 2242 leve
1187 2213 1225 2241 et
1254 2200 1377 2243 facile
1408 2201 1490 2240 hoc
1523 2215 1611 2240 esse

186 2292 423 2337 peccatum,
452 2297 545 2322 non
573 2281 698 2322 facile
728 2292 901 2330 cavent,
930 2283 1005 2322 sed
1035 2279 1307 2321 considerent
1337 2278 1610 2334 Apostolum,

189 2359 412 2413 quomodo
443 2358 703 2400 maledicum
732 2375 756 2399 a
786 2374 917 2410 regno
949 2357 1033 2399 Dei
1076 2355 1274 2405 excludit,
1315 2367 1353 2396 et
1382 2355 1500 2395 Deus
1529 2370 1608 2410 per

186 2434 343 2477 Mosen
373 2436 597 2491 quomodo
628 2437 884 2478 maledicum
924 2434 1068 2492 puniri
1096 2433 1228 2492 jubet,
1299 2432 1429 2474 Unde
1460 2443 1499 2472 et
1528 2447 1606 2483 ego

188 2512 311 2553 valde
343 2512 572 2554 admiratus
603 2530 719 2565 sum,
751 2515 869 2570 quod
897 2515 942 2555 in
973 2514 1056 2554 hoc
1087 2512 1210 2561 loco,
1241 2527 1369 2567 quem
1398 2510 1607 2550 habemus

305 2707 349 2761 ¹)
380 2707 491 2749 Edd.
521 2708 717 2751 Merlini:
748 2711 983 2752 secundum
1011 2707 1207 2766 spiritum
1230 2704 1565 2758 intelligentiam.

304 2776 350 2830 ²)
383 2776 402 2816 Ι
435 2776 536 2819 Cor.
566 2780 639 2830 VI,
669 2781 708 2822 9.
739 2782 808 2826 10.

303 2846 350 2900 ³)
380 2845 430 2887 In
463 2845 570 2889 Cod.
604 2849 955 2903 sangermanensi
986 2853 1135 2894 desunt
1160 2849 1310 2891 verba:
1338 2861 1504 2903 „neque
1534 2845 1606 2886 fu·

189 2918 265 2951 res,
293 2918 433 2959 neque
461 2905 615 2946 avari.“
645 2906 695 2948 R.
