1752 3136
191 101 278 146 282
790 95 1019 139 Omoems

193 214 291 271 quia
323 211 409 269 ipsc
442 220 568 266 caput
598 220 656 250 est
687 207 902 258 omnium,
945 207 1045 248 ideo
1089 218 1129 247 et
1168 218 1341 248 ornatus
1380 207 1455 250 iste
1493 225 1619 266 super

194 291 339 334 omnia
371 289 497 345 capiti
528 285 843 342 superponitur.
910 285 1026 327 Nihil
1068 284 1177 326 enim
1210 297 1306 340 post
1336 285 1440 326 haec
1472 285 1617 342 adjici—

191 382 262 411 tur
291 366 506 424 pontificis
539 364 676 425 capiti.
750 364 807 404 Et
837 363 935 405 idco
975 362 1116 404 miseri
1147 374 1245 403 sunt
1274 362 1349 413 illi,
1380 363 1433 403 de
1464 363 1618 418 quibus

191 445 295 488 dicit
322 443 568 500 Apostolus,
598 441 695 498 quia
725 457 814 482 non
847 453 991 482 tenent
1020 452 1187 496 „caput,
1207 440 1248 495 ¹)
1281 457 1327 480 ex
1359 456 1444 497 qno
1479 440 1619 482 omnis

193 522 390 581 junctura
424 536 613 561 connexa
647 531 685 560 et
715 517 1011 574 compaginata
1043 518 1190 559 crescit
1226 517 1332 573 in2)
1375 517 1616 558 incremen-

189 613 283 642 tum
315 598 398 639 Dei
427 597 470 638 in
500 596 689 653 spiritu.“
761 595 846 636 Sed
887 612 965 638 nos
993 596 1026 637 si
1056 597 1166 636 bene
1197 595 1491 645 intelleximus,
1525 594 1617 650 quis

187 678 240 720 sit
271 673 500 719 sacerdotis
542 685 736 721 ornatus,
777 673 901 727 quive
938 689 1067 727 super
1106 673 1249 713 omnia
1290 674 1432 715 honor
1471 671 1619 728 capitis

189 753 303 812 ejus,
347 750 644 810 mysteriorum
695 748 939 789 divinorum
991 750 1208 803 profunda
1257 751 1482 800 rimantes,
1525 766 1616 791 non

185 832 294 874 scire
325 842 487 870 tantum
521 828 624 867 haec
656 838 694 867 et
725 825 892 875 audire,
933 826 1006 866 sed
1038 837 1079 866 et
1107 825 1287 881 implere
1318 828 1617 875 desideremus,

187 921 229 950 et
258 910 420 955 facere,
461 903 559 960 quia
599 920 689 944 non
728 903 942 945 auditores
983 903 1080 954 legis
1119 902 1461 960 justificabuntur
1501 906 1617 960 apud

187 987 347 1035 Deum,
377 985 450 1025 sed
480 984 674 1023 factores.
730 981 856 1023 Potes
889 981 1000 1022 enim
1033 993 1073 1021 et
1102 992 1172 1028 tu,
1204 992 1252 1021 ut
1280 997 1404 1038 saepe
1435 979 1518 1038 jam
1551 980 1615 1021 di-

186 1063 336 1112 ximus,
366 1061 399 1103 si
428 1059 574 1102 studiis
606 1070 647 1099 et
677 1057 822 1111 vigiliis
844 1058 922 1101 tuis
946 1056 1246 1115 hujuscemodi
1276 1058 1353 1100 tibi
1384 1075 1615 1115 praepara-

184 1140 292 1182 veris
321 1139 586 1187 indumenta,
616 1135 649 1177 si
678 1147 716 1177 te
749 1135 956 1184 abluerit,
988 1146 1027 1176 et
1057 1137 1267 1177 mundum
1300 1135 1446 1177 fecerit
1474 1152 1615 1177 sermo

186 1217 306 1271 legis,
339 1229 379 1258 ct
406 1214 554 1256 unctio
589 1213 903 1267 clirismatis,³)
948 1225 987 1255 et
1017 1213 1145 1266 gratia
1176 1213 1219 1254 in
1250 1225 1290 1254 te
1321 1213 1518 1269 baptismi
1547 1212 1614 1253 in-

185 1295 473 1338 contaminata
505 1291 731 1339 duraverit,
759 1291 792 1332 si
822 1290 995 1331 indutus
1023 1286 1152 1331 fueris
1180 1289 1440 1349 indumentis
1473 1289 1615 1345 dupli-

185 1375 319 1422 cibus,
348 1373 492 1413 literae
522 1385 570 1409 ac
600 1368 783 1424 spiritns,
812 1367 844 1409 si
875 1367 999 1408 etiam
1033 1367 1258 1423 dupliciter
1287 1367 1537 1420 accingaris,
1567 1379 1614 1408 ut

184 1467 313 1492 carne
345 1462 384 1490 et
412 1448 556 1489 animo
590 1457 724 1487 castus
755 1444 821 1494 sis,
851 1444 883 1485 si
915 1445 1123 1486 humerali
1153 1461 1349 1501 operum,
1379 1456 1419 1485 et
1448 1444 1615 1500 sapien-

183 1530 268 1571 tiae
297 1525 493 1568 rationali
526 1524 699 1571 orneris,
729 1521 763 1563 si
795 1522 916 1563 etiam
950 1521 1074 1563 mitra
1105 1522 1183 1564 tibi
1215 1534 1254 1563 et
1284 1521 1441 1563 lamina
1474 1537 1613 1570 aurea,

183 1606 408 1661 plenitudo
440 1599 637 1645 scientiae
677 1599 762 1642 Dei
802 1611 929 1655 caput
969 1610 1167 1648 coronet,
1213 1600 1318 1640 scito
1351 1610 1413 1647 te,
1454 1598 1615 1639 etiamsi

186 1684 302 1739 apud
333 1681 527 1723 homines
557 1680 687 1719 lateas
720 1689 759 1718 et
786 1676 1005 1728 ignoreris,
1034 1679 1149 1732 apud
1169 1677 1309 1717 Deum
1330 1688 1472 1718 tamen
1493 1692 1614 1730 agere

184 1759 481 1817 pontificatum
515 1758 625 1798 intra
656 1755 822 1795 animae
861 1765 958 1794 tuae
987 1755 1219 1810 templum.¹
1279 1755 1394 1804 „Vos
1410 1753 1455 1809 ⁴)
1497 1754 1610 1794 enim

185 1837 279 1878 estis
310 1835 520 1891 templum
551 1832 635 1874 Dei
667 1831 786 1882 vivi,“
817 1831 851 1872 si
880 1831 1076 1887 „spiritus
1094 1831 1138 1886 ⁵)
1169 1831 1252 1872 Dei
1274 1831 1435 1872 habitat
1456 1831 1500 1872 in
1533 1849 1610 1872 vo-

183 1914 289 1956 bis.“
347 1913 451 1954 Post
480 1913 582 1952 haec
617 1927 726 1966 quae
765 1910 817 1950 de
857 1908 1176 1950 consecratione
1207 1908 1294 1966 ejus
1327 1909 1542 1959 dicuntur,
1573 1919 1613 1950 et

183 1994 238 2034 de
268 1992 485 2039 unctione,
513 1988 689 2045 sparsim
725 2004 746 2027 a
776 1986 902 2028 nobis
935 1998 974 2027 et
1003 2003 1128 2042 saepe
1160 1987 1331 2027 disserta
1361 1997 1469 2027 sunt.

296 2069 336 2111 6.
365 2069 496 2129 Quod
536 2079 678 2107 autem
724 2065 847 2106 dicit:
893 2062 1022 2119 „et⁶)
1065 2064 1270 2119 applicuit
1318 2063 1460 2105 Moses
1500 2064 1612 2106 filios

183 2149 343 2195 Aaron,
376 2157 417 2186 et
445 2145 585 2186 induit
616 2160 687 2184 eos
717 2142 901 2190 tunicas,
945 2152 984 2181 et
1030 2140 1262 2197 praecinxit
1293 2157 1363 2182 eos
1394 2157 1538 2190 zonas,
1571 2153 1611 2182 et

181 2224 386 2280 imposuit
414 2223 462 2264 iis
495 2223 675 2271 cidares,
713 2219 821 2262 sicut
848 2218 1063 2274 praecepit
1096 2218 1311 2260 Dominus
1353 2218 1514 2260 Mosi:“
1551 2230 1612 2260 at-

181 2303 445 2343 tendendum
481 2313 551 2349 cst,
582 2315 690 2354 quae
718 2297 770 2339 sit
800 2296 1038 2337 differentia
1078 2295 1299 2352 horum7)
1339 2297 1609 2338 sacerdotum

300 2448 344 2504 ¹)
378 2448 542 2489 Coloss.
577 2447 628 2497 ΙΙ,
658 2448 725 2489 19.
845 2443 891 2499 ²)
921 2445 1052 2486 Deest
1081 2443 1179 2496 „in“
1208 2444 1252 2486 in
1286 2443 1381 2485 edd.
1411 2443 1476 2483 M.

297 2519 344 2573 3)
374 2519 484 2559 Edd.
517 2517 714 2559 Mei-lini:
748 2515 1019 2557 charismatis.

298 2588 344 2644 ⁴)
377 2587 463 2630 Cfr.
495 2588 533 2628 II
566 2588 666 2629 Cor.
696 2587 770 2636 VI,
799 2587 865 2629 16.
897 2586 995 2627 coll.
1026 2585 1044 2625 I
1076 2585 1177 2626 Cor.
1209 2584 1281 2635 ΙΙΙ,
1313 2584 1379 2628 16.

299 2658 345 2712 ⁵)
377 2659 392 2697 l
425 2658 527 2704 Cor.
556 2658 629 2708 Ill,
661 2659 728 2702 16.

297 2728 344 2782 ⁶)
366 2728 504 2770 -Levit.
535 2728 648 2777 VIII,
679 2730 742 2771 13.
777 2753 827 2760 —
857 2728 970 2769 Edd.
1002 2725 1200 2770 Merlini:
1233 2724 1404 2767 cidaras.

299 2798 344 2854 ⁷)
376 2800 538 2841 Omnes
578 2799 702 2840 Mss.:
750 2800 977 2851 „horum.“
1035 2797 1152 2841 Libri
1193 2795 1294 2840 editi
1331 2795 1392 2852 (v.
1435 2809 1468 2834 e.
1508 2791 1605 2835 edd.

180 2856 290 2913 M.):
319 2857 605 2908 „minorum.“
636 2855 686 2897 R.
