1752 3136
222 101 308 149 228
819 102 1046 146 OmGEms

223 214 350 272 hujus
380 213 544 266 mundi,
571 229 711 271 neque
740 213 982 271 principum
1004 213 1127 272 liujus
1142 213 1306 265 mundi,
1337 214 1651 270 quidem-uun-

225 304 307 345 tur‚
336 293 410 334 sed
439 291 659 348 loquimur
696 292 780 333 Dei
817 291 1066 347 sapientiam
1102 291 1146 332 in
1184 291 1384 350 mysterio
1423 291 1649 333 abscondi-

227 381 335 420 tam,
375 386 503 426 quam
540 385 669 411 nemo
701 369 943 425 principum
975 368 1098 426 hujus
1135 369 1290 410 sacculi
1331 367 1538 422 cognovit.
1604 367 1651 408 Si

226 447 339 487 enim
372 445 676 500 cognovissent,
703 463 925 502 nunquam
954 445 1193 486 Dominum
1232 444 1456 502 majestatis
1486 443 1653 485 crucifi-

228 523 420 567 xissentf‘
477 524 563 566 Sed
592 535 688 579 post
717 524 820 563 haee
849 535 1048 578 tanquam
1083 525 1135 564 ad
1164 524 1377 579 populum
1404 522 1541 563 exiens
1560 538 1655 561 mu-

228 612 289 642 tat
318 601 484 651 stolam,
517 612 556 641 et
586 599 665 640 alia
696 598 889 639 induitur
919 599 1046 651 longe
1074 598 1290 650 inferiore,
1320 615 1444 654 quam
1469 598 1553 638 illa.
1600 596 1656 636 Et

230 676 334 732 quid
365 676 495 718 dicit?
523 675 726 729 „Nihil¹)
758 674 885 723 alind,
915 674 1064 732 iuquit,
1093 675 1274 730 judicavi
1303 692 1371 716 me
1409 674 1515 715 scire
1545 667 1684 715 inter=

228 771 317 801 vos,
347 753 425 794 nisi
452 753 597 792 Jesum
621 749 851 799 Christum,
881 761 920 789 ct
938 751 1051 790 hunc
1071 752 1358 792 crucifixum.“
1403 752 1532 792 Vides
1557 766 1654 800 ergo

226 830 353 870 istum
404 827 692 869 doctissimum
746 826 1033 875 sacerdotem,
1085 829 1308 881 quomodo
1365 828 1538 868 indutus
1589 826 1653 867 sit.

231 906 341 946 Cum
373 917 432 946 est
460 904 594 945 iturus
623 903 731 943 inter
759 903 984 958 perfectos,
1015 903 1129 944 vclut
1157 904 1198 943 in
1221 914 1365 944 sancta
1395 915 1654 949 sanctorum,

230 983 310 1025 alia
340 982 473 1024 utitur
501 982 611 1024 stola
641 980 871 1021 doctrinae.
931 979 1041 1021 Cum
1061 996 1159 1021 vcro
1179 979 1259 1021 exit
1289 981 1342 1020 ad
1374 995 1457 1028 eos,
1488 978 1560 1034 qui
1590 979 1656 1018 in-

231 1076 406 1116 capaces
434 1070 544 1108 sunt,
573 1068 708 1098 mutat
736 1057 889 1097 stolam
929 1056 1066 1106 verbi,
1110 1069 1150 1098 et
1186 1056 1390 1098 inferiora
1430 1058 1577 1096 docet:
1618 1066 1658 1096 et

232 1137 337 1180 alios
367 1138 475 1177 lacte
503 1146 637 1191 potat,
667 1145 714 1175 ut
743 1135 966 1190 parvulos:
997 1133 1100 1174 alios
1131 1134 1318 1175 oleribus
1340 1133 1485 1184 nutrit,
1514 1144 1560 1173 nt
1589 1132 1654 1174 in-

231 1216 401 1256 firmos:
431 1211 521 1253 aliis
550 1227 651 1252 vero
682 1212 812 1252 sortes
828 1221 1056 1266 praeparat
1079 1210 1210 1261 cibos,
1240 1210 1303 1251 his
1321 1209 1491 1259 scilicet,
1521 1209 1657 1266 qui²)

231 1307 339 1347 „pro
379 1287 658 1345 possibilitate
694 1287 890 1329 sumendi
929 1288 1173 1329 exercitatos
1221 1288 1379 1328 habent
1417 1303 1562 1328 sensus
1603 1287 1657 1327 ad

233 1367 534 1411 discretionem
563 1363 682 1413 boni,
711 1364 777 1404 vel
807 1359 948 1405 mali.“
1012 1363 1083 1405 Sic
1122 1364 1282 1407 sciebat
1308 1364 1466 1405 Paulus
1496 1375 1660 1404 mutare

230 1446 370 1493 stolas,
402 1454 442 1483 et
473 1441 553 1483 alia
581 1440 642 1482 uti
675 1442 728 1481 ad
756 1443 993 1496 populum,
1032 1440 1111 1481 alia
1148 1440 1192 1481 in
1223 1440 1457 1482 ministerio
1491 1452 1657 1481 sancto-

229 1538 338 1563 rum.
396 1520 495 1576 Ipse
523 1529 662 1559 autem
691 1518 946 1573 pontificum
975 1518 1188 1574 pontifex,
1226 1529 1266 1558 et
1293 1518 1565 1559 sacerdotum
1593 1533 1661 1558 sa-

231 1599 382 1640 cerdos
412 1595 640 1644 Dominus,
685 1605 725 1635 et
755 1594 950 1635 Salvator
977 1607 1147 1645 noster,
1191 1595 1245 1636 de
1283 1611 1367 1651 quo
1408 1594 1507 1635 dicit
1537 1596 1658 1651 Apo-

230 1676 382 1723 stolus,
427 1673 525 1728 quia
561 1671 838 1728 „pontifex3)
877 1671 929 1712 sit
964 1672 1208 1713 futurorum
1247 1673 1507 1720 bonorum,“
1543 1672 1659 1722 audi,

229 1751 454 1808 quomodo
485 1747 647 1803 primus
676 1749 779 1789 haec
807 1748 974 1796 fecerit,
1016 1759 1056 1788 et
1091 1746 1148 1788 ita
1185 1746 1400 1803 discipulis
1439 1749 1522 1790 suis
1552 1750 1659 1789 haee

228 1827 433 1869 imitanda
463 1824 693 1880 reliquerit.
775 1823 1052 1875 Evangelium
1084 1825 1212 1865 refert
1247 1826 1300 1865 de
1339 1841 1415 1875 eo,
1463 1838 1502 1866 et
1543 1825 1658 1875 dicit,

231 1904 329 1961 quia
360 1903 432 1953 „in
447 1901 492 1957 4)
519 1900 735 1956 parabolis
766 1902 1023 1956 loquebatur
1051 1902 1104 1941 ad
1134 1902 1304 1951 turbas,
1344 1914 1383 1943 et
1413 1902 1502 1943 sine
1532 1919 1657 1958 para-

230 1980 341 2020 bolis
371 1996 463 2020 non
503 1979 765 2034 loquebatur
802 1978 890 2019 iis.“
956 1977 1156 2018 Seorsum
1198 1990 1337 2020 autem
1381 1980 1570 2020 solvebat
1608 1996 1656 2020 ca

230 2055 446 2112 discipulis
474 2056 570 2097 suis„
644 2055 786 2104 Vides,
827 2054 1050 2110 quomodo
1093 2053 1181 2109 ipse
1221 2055 1369 2096 docuit
1408 2056 1498 2097 aliis
1529 2056 1657 2098 indu-

227 2135 379 2175 mentis
418 2134 480 2174 uti
521 2134 676 2174 debere
713 2131 984 2187 pontificem,
1029 2147 1125 2170 cum
1166 2133 1362 2186 procedit
1407 2135 1461 2174 ad
1499 2135 1657 2185 turbas,

229 2212 332 2261 aliis,
362 2228 459 2251 cum
491 2209 664 2251 eruditis
695 2221 735 2250 et
761 2207 956 2264 perfectis
987 2206 1192 2248 ministrat
1220 2207 1264 2249 in
1293 2211 1454 2252 sanctis.
1525 2210 1656 2252 Unde

230 2289 470 2344 optandum
499 2287 624 2328 nobis
654 2297 734 2337 est,
777 2297 819 2327 et
857 2285 1088 2338 agendum,
1133 2302 1188 2325 ne
1231 2286 1333 2327 tales
1363 2304 1441 2328 nos
1470 2287 1654 2329 inveniat

228 2366 362 2415 Jesus,
391 2364 446 2406 ita
475 2365 729 2418 imparatos,
769 2374 808 2403 et
836 2362 891 2402 ita
931 2361 1087 2402 saeculi
1124 2360 1479 2405 sollicitudinibus
1509 2365 1653 2416 alliga-

228 2453 307 2492 tos,
334 2454 381 2483 ut
410 2459 505 2484 cum
535 2439 668 2482 turbis
698 2441 899 2495 loquatur
928 2437 1053 2479 nobis
1082 2437 1124 2478 in
1157 2438 1389 2493 parabolis,
1430 2452 1477 2481 ut
1507 2441 1651 2482 viden—

227 2529 291 2558 tes
320 2534 412 2559 non
440 2517 669 2566 videamus,
701 2528 739 2558 et
770 2517 984 2558 audientes
1015 2531 1104 2556 non
1133 2515 1373 2558 audiamus:
1405 2518 1477 2559 scd
1508 2519 1655 2573 potius

346 2691 389 2745 ¹)
421 2692 439 2731 I
472 2692 572 2733 Cor.
603 2692 655 2741 II,
686 2695 724 2734 2.
899 2689 945 2746 ²)
976 2689 1106 2732 Hebr.
1141 2690 1191 2742 V,
1220 2690 1285 2733 14.

342 2760 388 2811 ³)
421 2761 551 2802 Hebr.
583 2762 659 2809 IX,
691 2762 759 2801 11.

345 2828 390 2885 ⁴)
420 2829 558 2871 Matth
602 2830 719 2880 XIII,
751 2830 822 2873 34.

1748 431 1752 538 -Α-ῌ.
1747 362 1752 422 ...1-
1747 294 1752 345 v...-
1745 166 1752 286 anun—..-
