1752 3136
289 134 374 181 116
879 133 1100 176 OmGENts

280 253 535 303 bonitatem,
562 246 830 296 modestiam,
859 247 1013 296 fidem,
1041 245 1360 296 continentiam,
1390 245 1564 304 adjecta,
1594 265 1702 304 quae

282 342 344 371 cst
370 341 504 371 mater
537 327 756 376 omnium,
785 324 954 366 caritate
985 323 1220 379 protulerit.
1285 325 1449 366 Habeat
1486 327 1626 366 adhuc
1654 326 1700 367 in

280 422 325 447 se
357 405 495 447 anima
523 404 621 454 ista,
662 418 770 459 quae
806 418 893 441 non
935 401 1159 455 dederit¹>
1201 418 1400 443 somnum
1441 402 1574 443 oculis
1604 403 1701 454 suis,

280 499 359 524 nee
390 482 604 539 palpebris
632 480 714 522 suis
746 477 1115 541 dormitationem,
1159 493 1236 518 nec
1276 480 1463 534 requiem
1494 480 1701 536 tempori-

280 561 360 601 bus
390 559 496 608 suis‚
535 561 672 600 donec
712 555 896 597 inveniat
936 555 1081 594 locum
1121 554 1341 605 Domino,
1377 557 1702 597 tabernaculum

281 637 380 677 Deo
413 636 575 677 Jacob:
607 635 772 680 habeat,
800 631 1000 686 inquam,
1040 632 1083 671 in
1127 647 1169 672 se
1201 632 1382 673 defixum
1416 645 1454 674 ct
1483 634 1626 682 altare,
1654 633 1701 674 in

282 730 369 769 quo
402 702 645 754 orationum
676 707 851 757 hostias,
897 719 937 748 et
971 706 1287 751 misericordiae
1324 708 1507 752 victimas
1547 711 1701 751 offerat

279 790 400 830 Deo:
430 789 474 829 in
507 804 592 843 quo
623 784 909 827 continentiae
946 785 1081 824 cultro
1111 785 1356 838 superbiam
1387 787 1502 842 quasi
1532 799 1701 828 taurum

279 865 486 914 immolet,
525 861 789 904 iracundiam
825 859 943 916 quasi
983 860 1155 901 arietem
1184 859 1368 916 jugulet,
1406 864 1614 904 luxuriam
1649 881 1697 906 o-

281 958 513 998 mnemque
542 939 764 983 libidinem
796 952 998 992 tanquam
1029 938 1167 979 hircos
1199 950 1239 978 et
1255 939 1417 981 hoedos
1438 941 1540 982 litet.
1585 941 1701 982 Sciat

278 1032 422 1061 tamen
459 1035 508 1060 ex
546 1017 608 1059 his
646 1016 771 1057 etiam
809 1013 1098 1057 sacerdotibus
1137 1030 1331 1071 separare
1377 1017 1569 1058 dextrum
1598 1019 1698 1060 bra..

283 1097 449 1147 chium,
485 1108 521 1137 et
551 1094 864 1151 pectusculum,
906 1103 946 1131 et
974 1091 1184 1142 maxillas,
1216 1092 1258 1133 id
1291 1105 1370 1143 est,
1408 1110 1537 1149 opera
1571 1096 1700 1145 bona,

279 1186 319 1214 et
351 1189 480 1229 opera
528 1174 681 1213 dextra.
749 1170 859 1210 Nam
891 1168 1103 1211 sinistrum
1140 1168 1248 1209 nihil
1280 1182 1471 1211 reservet.
1528 1171 1700 1214 Pectus-

278 1251 422 1290 culum
454 1265 627 1305 quoque
654 1249 886 1300 integrum,
930 1247 1138 1302 quodsest
1159 1263 1235 1286 cor
1261 1247 1495 1303 rectum‚²)
1520 1260 1559 1289 ct
1579 1265 1697 1290 mens

278 1327 377 1367 Deo
417 1338 599 1377 sacrata3
653 1336 692 1365 et
734 1325 921 1365 maxillas
975 1324 1027 1364 ad
1072 1325 1249 1364 verbum
1286 1323 1369 1364 Dei
1417 1325 1697 1380 loquendum.

278 1403 393 1445 Sciat
420 1401 500 1445 sibi
528 1402 573 1443 in
603 1401 757 1443 sanctis
789 1400 911 1442 etiam
943 1399 1247 1441 candelabrum
1279 1399 1447 1442 luminis
1481 1403 1698 1443 collocan-

278 1483 397 1530 dum,
425 1491 472 1521 ut
500 1478 640 1533 sint³)
672 1478 709 1518 ei
739 1479 939 1518 lucernae
963 1492 1130 1531 semper
1147 1478 1353 1526 ardentes,
1385 1478 1574 1518 etlumbi
1598 1495 1694 1520 suc-

276 1556 424 1606 cincti,
464 1555 621 1610 etipse
659 1566 863 1609 tanquam
906 1571 1067 1603 servus,
1109 1553 1181 1609 qui
1219 1564 1427 1610 exspectat
1457 1554 1696 1597 Dominum
1751 1558 1752 1563 ’

274 1650 399 1676 suum
429 1632 569 1673 redire
600 1633 652 1673 de
681 1631 852 1687 nuptiis.
909 1631 978 1671 De
1017 1630 1080 1672 his
1113 1631 1224 1672 enim
1254 1631 1437 1672 lucernis
1470 1643 1510 1673 et
1538 1632 1694 1674 Domi-

256 1727 357 1757 ,nus
396 1709 584 1752 dicebat:
627 1710 827 1759 „lucerna
844 1706 889 1758 ⁴¹)
939 1706 1130 1762 corporis
1170 1707 1231 1748 tui
1272 1718 1329 1749 est
1370 1710 1518 1749 oculus
1557 1714 1692 1751 tuus.“

276 1788 362 1829 Sed
390 1787 501 1828 istud
536 1786 841 1826 candelabrum
869 1784 1140 1824 lucernarum
1182 1783 1226 1825 in
1257 1796 1396 1825 austro
1424 1784 1618 1833 collocet,
1647 1795 1695 1825 ut

275 1866 329 1906 ad
361 1863 607 1919 aquilonem
636 1860 842 1916 respiciat.
901 1862 1092 1902 Accenso
1131 1860 1285 1902 etenim
1315 1860 1499 1911 lumine,
1536 1861 1579 1902 id
1620 1872 1694 1912 est,

274 1939 461 1993 vigilanti
491 1939 621 1980 corde
651 1937 859 1992 respicere-
887 1953 1053 1993 semper
1085 1939 1210 1979 debet
1252 1940 1306 1980 ad
1345 1939 1616 1994 aquilonem,
1651 1950 1691 1979 et

277 2018 501 2058 observare
533 2032 654 2064 eum,
692 2013 764 2070 qui
793 2015 846 2055 ab
877 2016 1077 2069 aquilone
1107 2027 1176 2057 est.
1248 2015 1366 2057 Sicut
1405 2028 1443 2057 et
1480 2016 1693 2072 propheta
1746 2034 1750 2055 2

273 2093 416 2134 videre
445 2109 489 2133 se
518 2091 677 2148 dicit⁵)
704 2107 949 2133 succensum
980 2092 1176 2142 lebetem,
1209 2094 1270 2134 vel
1296 2093 1436 2143 ollam,
1469 2104 1509 2134 et
1537 2093 1690 2134 faciem
1744 2089 1746 2096 '

274 2169 363 2227 ejus
394 2187 417 2212 a
447 2170 555 2211 facie
595 2169 818 2225 aquilonis.
902 2170 969 2208 Ab
1011 2168 1211 2224 aquilone
1251 2170 1360 2211 enim
1400 2172 1691 2211 accenduntur
1741 2188 1752 2222 ,ε

271 2249 383 2291 mala
412 2246 629 2288 universae
660 2258 806 2288 terrae.
886 2245 1071 2298 Vigilans
1113 2262 1211 2299 ergo
1244 2258 1282 2288 et
1318 2247 1520 2289 sollicitus
1557 2258 1596 2288 et
1623 2263 1691 2288 ar-
1740 2261 1752 2274 ··

274 2327 377 2367 dens
407 2325 621 2366 intueatur
648 2340 816 2380 semper
846 2321 1010 2364 astutias
1043 2321 1224 2373 diaboli,
1265 2335 1304 2364 et
1339 2340 1506 2380 semper
1545 2323 1685 2379 adspi-

1538 2385 1550 2401 U

273 2401 366 2451 ciat,
396 2403 512 2443 unde
540 2400 592 2443 sit
619 2413 793 2442 ventura
824 2399 1023 2449 tentatio,
1066 2400 1184 2441 unde
1220 2400 1347 2443 hostiS
1375 2400 1529 2450 irruat,
1566 2402 1685 2442 unde
1742 2423 1752 2458 [Δ

269 2475 464 2519 inimicus
492 2479 683 2533 obrepat.
727 2476 844 2518 Dicit
861 2475 973 2517 enim
994 2487 1032 2517 et
1050 2475 1199 2518 Petrus
1218 2477 1469 2533 Apostolus:
1497 2475 1621 2533 „quia
1637 2476 1684 2532 6>

382 2664 424 2717 ¹)
459 2663 543 2705 Cfr.
573 2663 728 2705 Psalm.
760 2664 983 2717 CXXXII,
1006 2668 1045 2710 4.
1075 2664 1326 2722 (CXXXI.)

380 2734 428 2788 ²)
456 2734 535 2774 Ed.
568 2732 702 2775 Ruaei
731 2735 842 2776 sola:
873 2749 1124 2778 correctum.

377 2803 424 2859 ³)
456 2803 543 2844 Cfr.
574 2803 675 2844 Luc.
703 2804 800 2854 XII,
828 2805 897 2848 35.
1015 2805 1061 2862 ⁴²)
1090 2806 1237 2847 Matth.
1269 2803 1341 2853 VI,
1370 2804 1454 2848 22⁴

374 2872 421 2930 ⁵)
453 2871 540 2915 Cfr.
571 2872 728 2916 Jerem.
758 2875 792 2926 I,
820 2875 886 2919 11.
919 2891 1033 2932 seqq.
1152 2876 1199 2931 θ)
1230 2875 1250 2917 Ι
1279 2874 1392 2917 Petr.
1422 2873 1476 2927 V,
1501 2872 1541 2917 8.
