1752 3136
453 149 499 180 m
528 140 728 181 Exonum
757 137 960 179 HommA
989 137 1064 178 XI.
1406 139 1489 184 133

70 261 162 292 sens
194 260 371 292 retexat:
400 248 656 300 „adscendit,
675 248 719 303 ¹)
748 247 897 305 inquit,
927 249 1069 292 Moses
1098 249 1144 292 in
1167 248 1364 291 verticem
1394 253 1485 293 col-

68 327 157 369 lis.“
213 328 418 369 Nondum
447 324 665 366 adscendit
693 324 738 365 in
768 325 967 367 verticem
996 327 1181 377 montis,
1211 328 1286 368 sed
1314 326 1360 367 in
1389 343 1483 368 ver-

67 404 195 446 tieem
226 404 356 446 collis.
415 402 672 445 servabatur
702 401 815 443 enim
846 404 883 444 ei
912 415 1013 445 tune
1044 404 1300 446 adscendere
1317 402 1361 444 in
1390 420 1484 445 ver-

69 482 195 523 ticem
227 479 403 529 montis,
443 495 538 519 cum
569 479 850 520 adscensurus
882 492 971 521 erat
1002 481 1146 531 Jesus,
1187 493 1226 522 et
1257 498 1353 522 cum
1385 479 1479 536 ipso

67 558 222 606 Moses,
253 567 292 597 et
321 556 477 606 Helias,
509 566 547 595 et
576 553 637 595 ibi
666 556 1033 598 transformandus
1072 556 1116 598 in
1151 557 1297 610 gloria.
1354 557 1481 598 Nunc

66 650 164 686 crgo
195 634 308 673 velut
335 632 532 672 nondum
576 631 832 684 glorificatus
874 649 920 673 ex
960 634 1335 676 transformatione
1364 633 1481 682 Jesu,
1522 679 1524 681 ,

61 710 256 769 nondum
289 707 508 749 adscendit
550 707 594 748 in
637 707 833 749 verticem
863 711 1041 760 montis,
1085 712 1160 752 sed
1189 710 1409 752 adscendit
1436 709 1483 750 in

62 785 259 827 verticem
293 785 434 826 collis:
479 783 608 839 „et²)
645 786 805 826 factum
846 798 923 836 est,
966 788 1127 843 inquit,
1172 804 1269 829 cum
1301 786 1483 828 elevaret

60 863 203 905 Moses
232 879 397 912 manus,
424 862 622 918 superior
650 861 778 902 fiebat
809 863 977 904 Israe}.“
1017 863 1161 906 Moses
1192 863 1365 921 quidem
1396 861 1481 906 ele-

61 950 129 980 vat
156 955 327 989 manus,
374 956 464 980 non
508 939 714 979 extendit:
753 939 874 982 Jesus
915 952 1084 991 autem,
1124 941 1198 997 qui
1235 941 1493 982 universum‘

61 1017 213 1057 orbem
242 1027 380 1056 terrae
411 1016 608 1056 exaltatus
638 1015 682 1055 in
713 1031 837 1059 cruce
869 1017 1167 1072 complexurus
1193 1028 1280 1058 erat
1295 1017 1478 1058 brachiis

59 1091 154 1141 suis,
186 1091 306 1133 dicit:
338 1091 590 1146 ‚,extendi³)
621 1108 770 1132 manus
801 1109 916 1135 meas
947 1096 1001 1135 ad
1022 1094 1231 1150 populum
1263 1110 1354 1135 non
1386 1109 1478 1135 cre-

60 1168 244 1218 dentem,
276 1179 314 1209 et
343 1166 705 1210 contradicentem
735 1168 882 1210 mihist
938 1170 1080 1212 Moses
1111 1187 1209 1223 ergo
1231 1171 1363 1212 elevat
1385 1186 1477 1211 ma-

58 1260 138 1286 nus
167 1261 281 1295 suas,
330 1257 369 1286 et
401 1262 498 1286 cum
530 1245 711 1287 elevaret
748 1262 922 1297 manus,
968 1248 1218 1288 vincebatur
1258 1247 1476 1288 Amalech.

57 1320 235 1363 Elevare
264 1339 427 1371 manus,
457 1323 540 1364 hoc
572 1333 643 1372 est,
675 1339 804 1379 opera
837 1336 876 1365 et
906 1336 1022 1366 actus
1054 1325 1215 1366 elevare
1246 1327 1300 1367 ad
1318 1325 1478 1375 Deum,

58 1409 98 1440 et
126 1416 217 1440 non
248 1399 407 1440 habere
438 1411 551 1442 aetus
584 1402 784 1441 deorsum
817 1399 1024 1455 dejectos,
1066 1413 1105 1442 et
1134 1402 1254 1442 humi
1281 1400 1478 1458 jacentes,

57 1477 133 1517 sed
164 1476 258 1517 Deo
293 1476 485 1531 placitos,
518 1487 557 1517 et
587 1478 638 1517 ad
672 1477 841 1517 coelum
873 1488 1044 1519 erectos.
1085 1477 1234 1519 Elevat
1257 1494 1354 1530 ergo
1384 1493 1477 1519 ma-

56 1569 148 1602 nus,
182 1553 253 1609 qui
282 1552 535 1594 thesaurizat
562 1552 607 1612 in
646 1554 836 1594 coelum:
873 1553 949 1594 ubi
980 1554 1093 1595 enim
1124 1555 1344 1597 thesaurus
1375 1553 1477 1612 ejus,

56 1628 118 1670 ibi
149 1641 188 1670 et
218 1631 364 1671 oculus
395 1628 504 1685 ejus,
542 1629 603 1669 ibi
645 1641 684 1670 et
721 1646 873 1671 manus
915 1628 1015 1686 ejus.
1079 1631 1230 1673 Elevat
1257 1648 1408 1673 manus
1438 1644 1479 1673 et

56 1706 139 1758 ille,
173 1706 246 1761 qui
277 1705 396 1746 dicit:
441 1705 644 1756 „elevatio
662 1705 707 1760 4)
746 1723 951 1747 manuum
997 1724 1190 1749 mearum
1219 1708 1476 1750 sacrificium

57 1782 384 1838 vespertinum.“
432 1782 479 1824 Si
510 1798 607 1835 ergo
641 1784 856 1825 eleventur
885 1796 999 1826 actus
1028 1784 1175 1835 nostri,
1207 1797 1245 1826 et
1273 1802 1364 1826 non
1391 1785 1476 1826 sint

57 1857 102 1900 in
131 1871 253 1910 terra,
281 1858 461 1900 vincitur
491 1861 706 1902 Amalech.
765 1860 851 1901 Sed
882 1872 922 1902 et
942 1863 1175 1917 Apostolus
1204 1861 1475 1919 praecipit⁵)

56 1937 194 1977 levare
223 1925 384 1977 sanctas
414 1953 563 1978 manus
592 1937 682 1979 sine
710 1936 770 1978 ira
803 1949 842 1978 et
861 1938 1180 1994 disceptatione,
1212 1952 1252 1981 et
1269 1941 1323 1981 ad
1344 1956 1474 1995 quos·-

58 2014 154 2054 dnm
186 2012 373 2054 dicebat:
403 2014 692 2069 „demissas⁶)
719 2031 894 2064 manus,
927 2026 966 2056 et
996 2005 1197 2057 dissoluta
1228 2032 1360 2068 genua
1393 2015 1476 2056 eri-

57 2089 148 2141 gite,
180 2102 219 2131 et
247 2101 384 2131 rectos
414 2106 572 2144 gressus
601 2092 724 2132 facite
753 2091 932 2147 pedibus
963 2093 1144 2134 vestris-‘⁴
1190 2092 1236 2134 Si
1267 2108 1365 2145 ergo
1384 2108 1472 2133 ser-

55 2179 123 2207 vat
150 2169 335 2223 populus
373 2169 531 2219 legem,
577 2169 707 2209 elevat
741 2168 883 2212 Moses
921 2186 1095 2220 manus,
1135 2181 1174 2211 et
1212 2168 1473 2211 adversarius

55 2243 247 2286 vincitur.
309 2243 354 2285 Si
384 2261 476 2286 non
503 2256 637 2286 servat
665 2247 813 2298 legem,
840 2245 1054 2288 invalescit
1079 2247 1295 2288 Amalech.
1357 2245 1474 2301 Quia

57 2319 183 2373 igitur
208 2332 247 2361 et
276 2321 400 2362 nobis
429 2337 569 2377 pugna
601 2333 660 2363 est
689 2323 883 2365 adversus
909 2322 1136 2380 principes,
1167 2335 1205 2366 et
1234 2334 1472 2379 potestates,

58 2409 98 2439 et
126 2397 278 2439 mundi
308 2396 433 2454 hujus
462 2410 647 2440 rectores
675 2400 961 2451 tenebrarum,
991 2401 1025 2443 si
1054 2401 1112 2445 vis
1140 2399 1322 2452 vincere,
1348 2399 1383 2443 si
1411 2398 1472 2442 vis

175 2530 220 2586 ¹>
250 2530 388 2572 Exod.
418 2531 556 2582 XVII,
585 2531 650 2575 10.

171 2599 219 2654 ²)
250 2600 384 2642 Exod.
424 2601 569 2653 XVII,
608 2602 674 2644 11.
712 2629 768 2639 —
805 2603 886 2646 Ed.
932 2601 1067 2645 Ruaei
1112 2604 1226 2646 sola:
1268 2614 1310 2646 et
1336 2604 1471 2648 factus

59 2668 131 2708 est,
158 2657 298 2713 inquit
327 2670 402 2700 etc.

172 2727 219 2783 ³)
248 2727 376 2770 Jesai.
403 2727 533 2777 LXV,
561 2728 602 2770 2.
634 2728 731 2770 coll.
759 2728 889 2775 Rom.
918 2728 975 2781 X,
1001 2731 1068 2774 21.

174 2794 220 2851 ¹²)
249 2796 402 2838 Psalm.
438 2797 585 2848 CXLI,
612 2799 651 2841 2.
682 2797 863 2856 (CXL.)

174 2865 219 2923 ⁵)
253 2865 339 2910 Cfr.
369 2867 389 2909 I
419 2865 528 2910 Tim.
558 2868 610 2920 II,
640 2868 679 2913 8.
799 2869 846 2925 ⁶)
878 2868 1010 2914 Hebr.
1040 2868 1136 2922 ΧΠ,
1165 2869 1232 2915 12.
1263 2869 1328 2914 13.
