1752 3136
492 133 539 163 m
569 119 770 162 Exonum
800 120 1002 162 HommA
1035 120 1083 160 V.
1455 123 1510 167 51

62 233 188 284 >fures
220 232 453 282 effodiunt,
496 244 536 273 et
575 234 787 274 furantur.
875 232 974 274 Hoc
1017 244 1097 285 est,
1138 233 1255 287 quod
1294 246 1439 288 aperte
1471 247 1511 277 et

55 293 290 352 *Dominus
321 311 363 351 in
396 308 614 361 evangeliis
646 308 766 350 dicit:
800 311 860 361 „si
880 308 997 364 ¹)vis
1025 310 1237 365 perfectus
1259 325 1358 359 esse,
1387 313 1506 361 vade,

73 387 209 426 vende
242 386 397 434 omnia,
430 401 538 440 quae
568 386 721 435 habes,
768 398 807 427 et
846 388 900 428 da
941 387 1223 442 pauperibus:
1259 398 1298 427 et
1327 386 1504 430 habebis

72 463 315 503 thesaurum
345 463 388 503 in
423 464 569 503 coelo:
603 474 643 504 et
672 463 780 512 veni,
810 480 988 519 sequere
1018 468 1127 504 me.“
1187 460 1284 505 Hoc
1317 477 1376 506 est
1406 481 1504 516 ergo

73 538 284 594 proficisci
316 540 368 579 de
398 538 607 589 Ramesse,
639 551 676 580 et
707 541 825 595 sequi
857 539 1087 581 Christum.
1166 539 1398 582 Videamus
1434 558 1509 583 au-

71 628 168 664 tem,
201 616 292 671 quis
321 618 371 658 sit
403 627 441 656 et
470 628 706 657 castrorum
736 617 867 666 locus,
900 617 954 657 ad
986 633 1114 672 quem
1144 616 1310 658 venitur
1341 634 1387 658 ex
1419 618 1506 659 Ra-

69 709 214 734 messe.
283 693 599 748 ‚,Venerunt‚2)
631 695 802 748 inquit,
838 693 884 733 in
915 693 1152 735 Sochoth.“
1218 694 1414 735 Sochoth
1443 705 1506 735 ta·
1570 711 1573 713 ·

70 771 300 810 bernacula
331 769 507 821 intelligi
539 771 655 825 apud
685 771 907 812 Hebraeos
938 772 1112 812 tradunt
1141 769 1391 827 interpretes
1420 788 1502 813 no-

68 848 248 888 minum.
330 845 441 888 Cum
483 863 580 900 ergo
624 847 922 901 derelinquens
962 847 1224 904 Aegyptum,
1265 848 1504 890 discusseris

71 925 145 965 abs
177 937 216 965 te
245 923 374 965 tineas
407 924 535 965 totius
577 924 868 978 corruptelae,
911 935 950 964 et
986 923 1186 966 vitiorum
1229 924 1503 967 incitamenta

68 1000 286 1057 rejeceris,
318 999 527 1041 habitabis
565 999 608 1040 in
639 999 936 1040 tabernaculis.
1013 1000 1267 1042 Habitamus
1311 1001 1423 1043 enim
1454 1002 1501 1044 in

67 1076 371 1126 tabernaculis,
412 1092 460 1116 ex
501 1075 653 1131 quibus
684 1075 886 1117 nolumus
919 1076 1167 1132 exspoliari,
1198 1080 1273 1119 sed
1301 1095 1500 1134 superve-

66 1154 165 1195 stiri.
225 1153 442 1195 Habitatio
466 1161 615 1193 ‘autem
646 1154 1026 1194 tabernaculorum
1053 1155 1311 1210 expeditum,
1343 1167 1383 1196 et
1405 1159 1500 1198 abs-

66 1247 149 1286 que
180 1231 274 1271 ullis
304 1228 618 1285 impedimentis
660 1230 820 1271 indicat
853 1246 938 1271 esse
979 1246 1101 1280 eum,
1145 1231 1219 1287 qui
1249 1232 1416 1274 festinat
1445 1234 1500 1274 ad

65 1307 221 1348 Deum.
282 1307 367 1349 Sed
398 1324 475 1348 nec
505 1308 549 1349 in
581 1307 662 1347 hoc
698 1307 868 1363 quidem
895 1309 1096 1349 standum
1121 1320 1190 1359 est,
1222 1311 1410 1359 urgenda
1443 1323 1501 1352 est

64 1385 293 1440 profectio.
369 1383 588 1424 Movenda
626 1395 724 1425 sunt
766 1397 899 1426 castra
942 1385 1069 1425 etiam
1113 1388 1166 1427 de
1199 1387 1417 1437 Sochoth,
1460 1399 1501 1429 et

63 1461 349 1502 festinandum
384 1473 451 1509 est,
481 1472 527 1501 ut
558 1460 808 1516 veniatur-³)
840 1462 884 1502 in
918 1462 1081 1503 Othon.
1136 1463 1287 1504 Othon
1320 1481 1421 1505 vero
1452 1465 1498 1506 in

64 1549 251 1578 nostram
292 1537 478 1590 linguam
521 1535 684 1591 verti⁴¹)
727 1536 875 1578 dicunt
914 1539 1055 1593 „signa
1084 1539 1173 1581 iis.“
1245 1539 1301 1580 Et
1329 1540 1497 1583 merito.

65 1613 148 1653 Hic
180 1614 293 1654 enim
327 1613 501 1655 audiens
534 1613 694 1666 diei,⁵)
728 1613 826 1668 quia
864 1614 1012 1664 „Deus
1028 1614 1073 1668 6)
1114 1618 1392 1658 antecedebat
1424 1634 1496 1660 eos

61 1706 139 1746 per
169 1691 280 1731 diem
311 1689 357 1730 in
389 1690 589 1730 columna
623 1689 770 1739 nubis,
815 1702 855 1732 et
892 1708 970 1748 per
1011 1702 1185 1733 noctem
1217 1693 1260 1734 in
1295 1695 1497 1735 columna

59 1767 212 1818 ignis:“
242 1783 334 1807 non
363 1767 446 1807 hoc
476 1766 640 1808 invenis
671 1769 829 1808 factum
863 1769 979 1824 apud
1009 1768 1232 1818 Ramesse‚
1262 1786 1341 1810 nec
1376 1773 1493 1826 apud

60 1843 280 1892 Sochoth,
325 1859 434 1899 quae
475 1845 662 1885 secunda
707 1844 1074 1899 proficiscentibus
1106 1856 1239 1887 castra
1272 1847 1495 1889 dicuntur:

59 1921 133 1962 sed
165 1920 288 1961 tertia
321 1932 452 1962 castra
483 1933 592 1971 sunt,
622 1921 667 1962 in
700 1922 851 1977 quibus
882 1923 991 1962 fiunt
1031 1921 1146 1974 signa
1189 1922 1344 1965 divina.
1403 1925 1489 1965 Re-

61 1998 251 2046 cordare,
284 2013 392 2052 quae
422 1998 614 2054 superius
644 1999 750 2040 lecta
783 2010 903 2048 sunt,
935 2015 1033 2039 cum
1063 1998 1232 2040 dicebat
1261 2000 1406 2043 Moses
1437 2004 1492 2044 ad

57 2074 351 2114 Pharaonem:
395 2074 558 2129 ‚,iter⁷)
600 2075 727 2116 trium
759 2076 925 2117 dierum
955 2075 1111 2117 ibimus
1140 2076 1185 2117 in
1218 2078 1406 2131 deserto,
1452 2091 1492 2120 et

57 2150 377 2192 immolabimus
410 2151 603 2192 Domino
636 2153 732 2194 Deo
764 2158 954 2194 nostro.“
1022 2151 1121 2193 Hoc
1164 2170 1262 2205 ergo
1298 2165 1385 2195 erat
1414 2155 1490 2196 tri-

60 2229 218 2279 duum,
251 2229 303 2267 ad
335 2228 452 2282 quod
484 2228 705 2270 sestInabat
734 2229 898 2279 Moses,
944 2241 983 2270 et
1025 2231 1346 2272 contradicebat
1376 2231 1488 2273 Pha-

57 2320 154 2356 rao;
184 2303 254 2345 ille
286 2303 397 2344 enim
432 2303 620 2346 dicebat:
652 2306 828 2362 ,‚non⁸)
862 2307 960 2347 eatis
992 2305 1200 2358 longius.“
1257 2308 1357 2349 Non
1388 2325 1486 2365 per-

56 2380 249 2422 mittebat
277 2380 445 2422 Pharao
477 2383 531 2423 ad
561 2383 704 2424 locum
722 2383 939 2437 signorum
959 2383 1182 2440 pervenire
1206 2383 1314 2426 filios
1340 2385 1484 2435 Israel,

175 2576 217 2630 1)
248 2576 400 2618 Matth.
432 2576 551 2626 XIX,
579 2577 648 2621 21.
767 2577 813 2633 2)
848 2577 935 2619 Cfr.
966 2577 1105 2620 Exod.
1133 2575 1232 2632 XII,
1261 2577 1347 2621 37(

173 2646 219 2699 ³)
252 2645 360 2688 Edd.
392 2646 585 2687 Merlini:
619 2647 848 2689 veniamus.

170 2715 216 2771 ⁴)
246 2715 358 2756 Edd.
388 2715 584 2758 Merlini:
615 2732 793 2759 versum.

174 2784 218 2838 ⁵)
248 2785 326 2825 Ed.
359 2784 491 2826 Ruaei
521 2787 632 2827 sola:
663 2787 760 2828 dici.
882 2786 929 2839 6)
960 2786 1096 2829 Exod.
1129 2787 1247 2839 XIII,
1275 2788 1341 2831 21.

174 2852 219 2908 7)
249 2854 385 2896 Exod.
417 2855 468 2903 V,
498 2856 535 2899 3.
654 2856 702 2911 8)
732 2856 866 2898 Exod.
898 2857 1012 2911 VIII,
1041 2856 1110 2900 28.

1018 2934 1127 2978 x4*
