1752 3136
184 123 270 168 288
791 121 1014 163 Omcmus

187 239 267 278 bus
311 235 485 283 saeculi,
533 245 572 274 ct
618 233 755 274 veniat
793 250 921 291 super
966 251 1038 276 vos
1087 233 1329 274 subitaneus
1379 233 1608 276 interitus.“

186 315 373 359 Audistis
421 313 605 354 edictum
657 310 761 363 regis
808 313 990 361 aeterni,
1039 323 1078 352 ct
1117 311 1431 352 lamentabilem
1481 310 1610 353 finem

187 390 396 435 ebrietatis
437 391 501 431 vel
543 390 742 445 crapulae
782 389 994 431 didicistis.
1069 388 1115 430 Si
1160 388 1251 444 quis
1290 388 1410 429 vobis
1452 388 1612 443 peritus

187 481 229 512 et
257 469 422 525 sapiens
451 465 639 509 medicus
671 467 734 508 his
765 466 862 522 ipsis
892 466 1029 507 verbis
1057 465 1332 522 praeciperet,
1362 477 1402 506 et
1433 465 1613 506 diceret:

188 547 391 589 attendite
421 545 562 594 vobis,
593 561 648 586 ne
677 544 784 600 quis,
812 542 928 584 verbi
961 542 1111 595 gratia,
1143 545 1196 584 de
1225 542 1362 593 illius,
1408 544 1470 584 vel
1499 541 1613 583 illius

185 626 346 666 herbae
373 639 500 665 succo
533 620 691 662 avidius
734 631 895 670 sumat3
938 620 1056 674 quod
1096 620 1129 662 si
1158 619 1327 670 fecerit,
1369 620 1533 662 subitus
1576 619 1613 659 ei

185 702 326 743 veniet
353 700 568 741 interitus:
615 713 707 737 non
738 695 914 745 dubito,
960 696 1062 750 quin
1093 696 1380 752 unusquisque
1412 696 1615 753 propriae

187 779 329 822 salutis
373 764 529 818 intuitu
575 771 895 829 praemonentis
936 772 1092 813 medici
1144 786 1367 828 praecepta
1418 784 1613 815 servaret.

187 859 314 899 ,Nunc
344 870 444 895 vero
476 852 715 893 animarum
769 861 810 891 et
859 865 1096 905 corporum
1133 848 1346 898 medicus,
1402 850 1614 906 simulque

188 943 229 973 et
258 930 496 979 Dominus,
535 925 656 983 jubet
695 925 907 968 ebrietatis
946 925 1124 968 herbam
1164 938 1204 968 et
1242 927 1442 982 crapulae
1478 926 1613 967 vitan-

188 1010 305 1057 dam,
333 1003 524 1047 similiter
553 1015 594 1044 et
629 1003 966 1063 sollicitudinum
1009 1003 1288 1046 saecularium
1320 1004 1432 1045 velut
1462 1002 1618 1045 morti-

187 1088 303 1129 feros
332 1097 480 1125 succos
512 1082 733 1123 cavendos.
805 1081 863 1122 Et
891 1081 1061 1132 nescio,
1098 1082 1131 1124 si
1175 1081 1267 1137 quis
1298 1093 1493 1122 nostrum
1522 1098 1615 1122 non

188 1164 234 1206 in
265 1161 328 1203 his
359 1157 646 1207 consumitur,
685 1158 747 1199 uti
788 1174 843 1198 ne
882 1157 1059 1198 dixerim
1101 1159 1325 1200 sauciatur.
1396 1158 1472 1200 Est
1512 1173 1611 1210 ergo

193 1239 372 1284 ebrietas
413 1235 498 1278 vini
538 1234 778 1291 perniciosa
821 1234 867 1275 in
918 1233 1139 1275 omnibus:
1177 1235 1270 1276 sola
1316 1251 1503 1291 namque
1544 1247 1616 1284 est,

191 1334 301 1374 quae
330 1313 457 1357 simul
486 1329 583 1353 cum
617 1327 803 1367 corpore
839 1323 878 1352 et
906 1310 1093 1352 animam
1124 1310 1309 1353 debilem
1338 1314 1503 1356 reddat.
1565 1312 1615 1353 In

193 1393 338 1437 ceteris
379 1390 535 1434 etenim
574 1399 715 1445 potest
755 1387 869 1440 fieri,
922 1400 969 1428 ut
1004 1389 1247 1430 secundum
1285 1390 1618 1445 Apostolum,¹)

193 1489 292 1515 cum
322 1469 565 1512 infirmatur
595 1482 777 1522 corPUS,
805 1476 908 1505 tunc
939 1464 1069 1516 magis
1098 1477 1249 1521 potens
1278 1465 1329 1508 sit
1357 1467 1550 1522 spiritus,
1580 1479 1619 1508 et

192 1549 268 1590 ubi
298 1547 346 1599 is,
379 1545 451 1602 qui
483 1543 642 1587 deforis
674 1555 744 1593 est,
775 1543 908 1584 homo
942 1542 1253 1598 corrumpitur,
1280 1542 1373 1593 ille,
1406 1543 1477 1598 qui
1506 1543 1618 1584 intus

195 1637 267 1676 est,
302 1634 545 1666 renovetur.
603 1621 654 1661 In
686 1619 895 1661 ebrietatis
927 1635 1026 1661 vero
1059 1619 1344 1671 aegritudine,
1378 1637 1534 1677 corpus
1564 1621 1618 1663 si-

193 1705 282 1744 mul
315 1714 354 1743 et
382 1701 522 1741 anima
553 1697 856 1752 corrumpitur,
886 1695 1054 1751 spiritus
1084 1699 1242 1752 pariter
1274 1714 1369 1738 curn
1404 1715 1530 1740 carne
1563 1700 1622 1740 vi-

193 1782 333 1822 tiatur.
396 1777 556 1819 Omnia
585 1777 777 1817 membra
810 1771 1075 1826 debilitat‚2)
1110 1774 1288 1828 pedem,
1318 1791 1508 1824 manum,
1537 1776 1621 1817 lin-

195 1874 320 1910 guam
351 1855 533 1903 resolvit,
564 1852 714 1894 oculos
744 1852 950 1899 tenebrat,
980 1840 1167 1891 mentem
1199 1852 1307 1892 velat
1338 1852 1524 1902 oblivio,
1558 1853 1617 1894 ita

194 1945 242 1975 ut
284 1932 505 1974 hominem
546 1945 589 1971 se
629 1929 787 1969 nesciat
828 1943 935 1977 esse,
978 1944 1057 1969 nec
1095 1927 1254 1968 sentiat.
1339 1930 1480 1970 Habet
1519 1946 1618 1982 ergo

194 2011 307 2053 istud
337 2009 477 2065 primo
519 2005 740 2048 dedecoris
782 2005 1015 2060 corporalis
1056 2005 1245 2047 ebrietas.
1322 2005 1419 2046 Jam
1458 2022 1557 2047 vero
1587 2007 1621 2049 si

197 2087 485 2137 discutiamus,
516 2095 622 2141 quot
653 2081 793 2124 modis
831 2098 950 2124 mens
989 2082 1227 2124 inebriatur
1255 2082 1465 2133 humana,
1502 2082 1620 2125 inve-

196 2167 363 2207 niemus
394 2163 534 2205 ebrios
566 2161 690 2203 etiam
721 2177 813 2210 eos,
854 2159 927 2216 qui
965 2160 1044 2201 sibi
1084 2158 1217 2200 sobrii
1256 2159 1463 2202 videntur.
1529 2163 1619 2202 Ira-

199 2241 356 2285 cundia
387 2240 567 2282 inebriat
586 2238 784 2288 animam,
813 2240 937 2279 furor
963 2253 1062 2277 vero
1084 2253 1173 2278 eam
1190 2237 1285 2292 plus
1306 2254 1434 2293 quam
1457 2239 1620 2280 ebriam

197 2320 310 2371 facit,
340 2318 374 2360 si
404 2318 507 2374 quid
535 2330 677 2359 tamen
708 2333 794 2358 esse
824 2314 1024 2357 ebrietate
1055 2313 1237 2371 amplius
1267 2326 1417 2370 potest.
1487 2314 1623 2370 Cupi-

199 2396 307 2439 ditas
339 2408 378 2438 et
406 2395 591 2446 avaritia,
620 2411 711 2436 non
740 2394 881 2436 solum
913 2392 1103 2442 ebrium,
1139 2393 1211 2434 sed
1243 2404 1282 2433 et
1312 2391 1509 2433 rabidum
1540 2393 1624 2434 ho-

197 2473 358 2515 minem
390 2474 589 2514 reddunt.
656 2472 713 2512 Et
744 2472 982 2513 obscoenae
1013 2469 1381 2525 concupiscentiae
1408 2469 1624 2511 inebriant

200 2550 400 2600 animam,
429 2549 538 2592 sicut
568 2566 590 2591 e
622 2548 837 2592 contrario
873 2560 911 2590 et
939 2558 1109 2590 sanctae
1134 2545 1502 2601 concupiscentiae
1532 2547 1626 2589 ine-

319 2675 362 2731 1)
395 2676 481 2717 cfr.
515 2676 555 2716 11
589 2676 688 2718 cor.
717 2677 790 2725 lv,
821 2676 891 2719 16.

317 2745 364 2801 ²)
397 2745 505 2786 Cod.
535 2744 834 2787 Cadomensis:
866 2744 1050 2795 „debilia
1073 2745 1201 2786 fiunt:
1233 2759 1318 2799 pes,
1350 2757 1513 2791 manus,
1543 2741 1624 2782 lin-

200 2820 279 2857 gua
310 2803 518 2843 resoluta:
553 2802 701 2843 oculos
731 2803 944 2852 tenebrae,
974 2813 1159 2842 mentem
1180 2803 1287 2840 velat
1318 2799 1518 2849 oblivi0,“
1546 2797 1626 2840 sic-

202 2877 286 2917 que
317 2860 384 2902 alii
415 2859 530 2908 Mss.,
560 2858 640 2900 nisi
671 2859 791 2914 quod
824 2858 1046 2899 omittunt:
1079 2857 1254 2909 „fiunt.“
1285 2855 1337 2899 R.
