1752 3136
446 158 492 188 m
522 146 722 188 Exonum
753 143 951 187 HOMmA
982 144 1033 184 V.
1402 145 1457 189 49

35 263 305 303 observemus
334 257 379 298 in
410 251 575 306 ceteris,
614 273 668 298 ne
707 258 817 297 sorte
848 273 928 312 pro
959 254 1233 297 similitudine
1264 254 1455 297 lectionis

37 349 76 379 et
116 335 406 384 instrumenti,
454 335 720 375 Judaeorum
765 349 843 374 nos
884 334 1056 374 effectos
1102 349 1187 374 esse
1228 331 1459 387 discipulos

37 415 314 454 crederemus,
374 410 471 451 Hoc
514 427 612 463 ergo
653 411 827 452 differre
857 410 946 450 vult
985 408 1217 465 discipulos
1249 407 1404 449 Christi
1435 424 1458 449 a

37 489 254 544 discipulis
284 503 530 545 synagogae,
562 488 680 541 quod
709 487 866 540 legem,
899 503 1024 542 quarn
1067 486 1130 527 illi
1163 485 1274 525 male
1304 483 1459 525 intelli·

35 567 185 618 gendo,
219 564 431 605 Christum
462 579 551 603 non
583 575 854 619 receperunt,
901 580 979 604 nos
1009 562 1279 618 spiritualiter
1308 549 1461 602 intelli-

17 644 187 694 gendo,
221 642 492 682 ostendamus
532 655 623 679 eam
667 640 719 679 ad
762 640 964 681 ecclesiae
1004 639 1326 681 instructionem
1368 653 1459 678 me-

36 719 117 760 rito
150 721 303 760 datam.
370 716 525 757 Judaei
565 732 662 767 ergo
707 716 789 757 hoc
821 718 959 757 solum
1000 715 1317 766 intelligebant,
1363 713 1459 769 qnia

34 797 214 852 profecti
257 806 355 836 sunt
393 792 469 833 filii
500 792 627 834 Israel
659 793 712 832 de
744 796 957 851 Aegypto,
1000 805 1039 834 et
1074 792 1210 849 prima
1249 791 1459 847 profectio

37 889 183 914 eorum
215 871 352 927 ΜΞΝ)
395 887 440 910 ex
474 869 694 920 Ramesse‚
747 881 786 909 et
825 869 924 911 inde
964 869 1143 926 profecti
1182 880 1388 909 venerunt
1416 867 1461 908 in

37 949 244 997 Sochoth‚
278 960 316 989 et
347 949 399 988 de
431 946 624 987 Sochoth
656 947 852 1001 profecti,
886 958 1092 987 venerunt
1121 947 1165 987 in
1198 946 1370 995 Othon‚
1408 946 1462 986 ad

34 1025 272 1082 Epauleum
303 1023 414 1081 juxta
445 1039 573 1063 mare.
635 1022 746 1062 Tum
783 1022 950 1072 deinde,
981 1024 1100 1077 quod
1130 1023 1188 1063 ibi
1221 1023 1356 1062 nubes
1388 1037 1460 1061 eos

38 1101 326 1158 praecesserit,
360 1112 399 1141 et
428 1109 568 1141 secuta
600 1099 650 1140 sit
679 1110 819 1155 petra,
869 1099 921 1140 de
952 1116 1033 1155 qua
1064 1100 1266 1140 biberunt
1294 1114 1462 1153 aquam.

41 1178 319 1220 Transierunt
349 1175 470 1217 etiam
503 1193 580 1231 per
609 1192 727 1216 mare
757 1177 961 1228 rubrum,
1010 1189 1048 1217 et
1078 1188 1281 1217 venerunt
1311 1176 1354 1217 in
1387 1177 1461 1216 de-

37 1267 192 1297 sertum
240 1253 421 1308 Sina.²)
488 1253 623 1294 Nobis
663 1264 800 1294 autem
845 1255 1015 1309 qualem
1054 1250 1274 1295 tradiderit
1315 1255 1368 1294 de
1400 1253 1463 1294 his

0 1338 1 1341 ’
36 1331 190 1373 Paulus
219 1331 451 1386 Apostolus
482 1331 781 1382 intelligentiae
824 1332 1034 1384 regulam,
1075 1331 1303 1372 videamus.
1375 1330 1462 1371 Co-

37 1407 199 1450 rinthiis
229 1407 413 1448 scribens
433 1407 474 1447 ifi
501 1409 687 1463 quodam
709 1409 806 1448 loco
830 1407 882 1448 ita
910 1409 1029 1450 dicit:
1062 1407 1305 1462 ‚‚scimus³)
1337 1407 1462 1456 enim,

36 1485 133 1541 quia
177 1495 317 1540 patres
356 1483 491 1523 nostri
535 1499 681 1524 omnes
719 1485 796 1524 sub
838 1485 953 1524 nube
990 1486 1182 1532 fuerunt,
1240 1495 1280 1524 et
1319 1499 1464 1525 omnes

0 1464 3 1515 ἑ

0 1521 3 1558 t

0 1562 5 1604 ἑ

35 1577 153 1601 mare
184 1559 451 1607 transierunt,
483 1570 523 1600 et
555 1576 702 1600 omnes
732 1559 775 1599 in
798 1560 922 1602 Mose
950 1558 1148 1616 baptizati
1171 1558 1330 1599 suntin
1349 1560 1466 1600 nube

39 1649 79 1678 et
110 1637 154 1677 in
185 1636 308 1688 mari,
340 1648 378 1677 et
411 1652 557 1677 omnes
590 1638 769 1677 eandem
802 1653 936 1678 escam
982 1636 1243 1692 spiritualem
1284 1637 1465 1677 mandu—

6 1718 8 1722 ’
38 1725 256 1762 caverunt,
300 1725 337 1754 et
383 1729 526 1755 omnes
561 1714 743 1753 eundem
776 1724 928 1767 potum
958 1712 1220 1768 spiritualem
1249 1713 1464 1753 biberunt.

8 1783 251 1831 *Bibebant
283 1801 420 1830 autem
454 1791 506 1830 de
535 1789 739 1844 spirituali
782 1801 1067 1845 consequente
1108 1806 1178 1831 eos
1213 1802 1353 1845 petra:
1392 1805 1467 1845 pe—

12 1877 100 1921 ¹tra
140 1883 239 1907 vero
285 1878 370 1906 erat
412 1865 638 1907 Christus.“
715 1865 900 1914 Videtis,
943 1878 1148 1921 quantum
1200 1865 1370 1906 differat
1415 1867 1466 1906 ab

42 1943 239 1984 historica
270 1941 452 1983 lectione
483 1941 607 1984 Pauli
637 1942 820 1983 traditio.
891 1942 1023 1997 Quod
1057 1942 1213 1984 Judaei
1242 1942 1468 1984 transitum

6 2007 18 2054 ³7¹¹
41 2019 164 2061 maris
193 2032 355 2076 putant,
385 2019 545 2061 Paulus
576 2020 833 2075 baptismum
877 2032 1022 2060 vocat:
1068 2037 1194 2076 quam
1234 2020 1295 2060 illi
1335 2018 1470 2060 existi-

18 2105 154 2137 ³mant
183 2097 355 2145 nubem,
385 2096 541 2165 Paulus
573 2096 778 2152 Spiritum
813 2107 1003 2136 sanctum
1035 2097 1183 2151 ponit:
1216 2110 1254 2137 et
1286 2096 1386 2137 huic
1417 2097 1470 2138 si-

20 2170 145 2237 [mile
175 2171 350 2222 intelligi
380 2172 469 2212 vult
498 2173 618 2222 illud,
650 2173 768 2228 quod
787 2172 1004 2213 Dominus
1023 2172 1065 2213 in
1100 2173 1318 2225 evangeliis
1349 2190 1472 2229 prae-

22 2249 167 2305 .cepit,
199 2249 362 2289 dicens:
404 2247 569 2303 ‚,nisi4)
611 2249 683 2303 qui
723 2260 889 2290 renatus
926 2250 1054 2291 fuerit
1083 2267 1130 2290 ex
1164 2267 1271 2305 aqua
1306 2261 1344 2290 et
1375 2251 1473 2306 Spi-

24 2332 27 2352 '2
53 2323 136 2365 ritu
168 2336 327 2374 sancto,
357 2342 448 2366 non
478 2336 617 2381 potest
646 2325 803 2366 intrare
831 2325 874 2366 in
907 2343 1081 2378 regnum
1114 2327 1236 2368 Dei.“
1293 2326 1349 2366 Et
1378 2343 1473 2368 rur-

26 2394 137 2441 isum
170 2417 340 2451 manna,
373 2403 490 2456 quod
521 2402 675 2443 Judaei
706 2403 849 2444 cibum
880 2404 1031 2445 ventris
1063 2415 1101 2444 et
1130 2404 1363 2445 satietatem
1390 2405 1474 2446 exi-

18 2475 213 2538 'fstimant
247 2478 382 2530 gulae,
414 2495 549 2519 escam
578 2478 840 2534 spiritualem
871 2480 1065 2521 nominat
1094 2479 1261 2522 Paulus.
1307 2480 1362 2520 Et
1383 2496 1471 2521 non

31 2552 191 2605 <molum
221 2553 402 2605 Paulus,
449 2555 522 2596 sed
564 2565 604 2596 et
644 2555 859 2599 Dominus
895 2557 948 2598 de
989 2557 1142 2598 eodem
1181 2556 1225 2597 in
1257 2557 1472 2609 evangelio

167 2739 213 2785 ¹)
243 2739 360 2782 Edd.
388 2740 586 2782 Merlini:
616 2742 754 2783 fuerit.
875 2743 920 2798 ²)
951 2741 1062 2786 Edd.
1092 2742 1289 2786 Mei-lini:
1322 2743 1450 2802 Syna.

162 2807 211 2864 3)
240 2810 259 2849 I
294 2808 394 2851 Cor.
425 2808 481 2860 X,
512 2811 656 2854 1—4.
790 2804 794 2808 f

169 2875 320 2931 ⁴)'Exn
350 2879 508 2920 Joann.
539 2879 612 2930 III,
643 2881 681 2923 5.

34 2998 36 3005 y
60 2947 282 2997 Omsnms
311 2953 485 2999 OPERA.
518 2954 640 2999 ΤοΜ.
671 2957 745 2999 ΙΧ.
1119 2960 1147 3000 4
