1752 3136
475 154 522 184 IN
551 141 751 183 Exonum
781 137 980 179 nomm
1007 138 1081 181 IV.
1430 139 1485 183 37

66 253 315 295 cretioribus
344 268 386 294 se
419 253 732 309 quaestionibus
762 249 968 292 curiosius
989 249 1029 305 ¹)
1069 248 1293 301 immergit,
1321 251 1482 303 magni-

63 331 133 372 fici
164 328 351 372 doctoris
388 329 603 370 severitate
642 329 845 376 deterret,
886 344 981 367 cum
1022 326 1141 368 dicit:
1179 343 1232 376 „o
1248 325 1296 381 ²)
1333 327 1481 376 homo,

19 449 23 452 ,
62 419 109 448 tu
141 407 231 459 quis
263 424 317 458 es,
349 405 421 461 qui
453 416 599 446 contra
632 404 890 458 respondeas
929 403 1058 444 Deo?
1117 404 1337 458 Numquid
1378 402 1480 444 dicit

60 484 309 535 figmentum
338 482 390 531 ei,
420 480 493 536 qui
521 497 564 523 se
592 480 729 520 finxit:
765 481 866 535 quid
896 497 965 521 me
996 480 1128 522 fecisti
1154 479 1212 521 sic
1226 479 1273 521 ?“
1317 490 1356 521 et
1386 496 1478 521 cae-

61 571 163 601 tera.
220 559 347 599 Unde
389 569 428 599 et
471 558 596 599 nobis
629 557 733 596 haec
765 557 1004 598 observasse
1035 568 1224 606 tantum,
1266 568 1305 597 et
1333 557 1477 612 inspe-

59 636 162 678 xisse
191 636 391 686 sufficiat,
436 646 560 689 atque
601 632 830 675 ostendisse
869 634 1155 683 auditoribus,
1203 645 1358 689 quanta
1395 633 1479 675 sint

59 714 103 753 in
125 714 214 765 lege
246 711 384 752 divina
415 709 643 766 profundis
665 710 855 751 demersa
876 711 1092 768 mysteriis,
1123 727 1203 766 pro
1227 710 1380 765 quibus
1412 709 1475 759 di÷

60 806 152 830 cere
182 789 225 829 in
259 787 452 829 oratione
484 788 733 828 debeamus:
774 788 852 837 „de
871 787 917 837 3)
955 785 1180 844 profundis
1213 787 1389 828 clamavi
1421 788 1475 829 ad

57 877 111 918 te,
142 864 376 906 Domine.“

168 943 208 985 3.
240 942 326 983 Sed
353 953 392 983 et
419 942 491 983 illa
523 958 615 982 non
645 940 785 982 minus
814 939 920 981 mihi
955 940 1163 983 intuenda
1199 941 1364 983 videtur
1396 943 1473 983 ob-

56 1019 257 1068 servatio,
311 1035 408 1060 cum
452 1019 663 1073 quaedam
701 1018 877 1058 verbera
919 1018 1060 1058 Aaron
1112 1018 1269 1060 inferre
1321 1018 1474 1059 dicitur

58 1095 296 1145 Pharaoni,
325 1097 389 1136 vel
428 1096 644 1151 Aegypn),
682 1096 889 1148 quaedam
922 1093 1084 1145 RIoses,
1126 1097 1335 1151 quaedam
1372 1112 1473 1137 vero

55 1173 144 1228 ipse
172 1171 400 1213 Dominus.
485 1170 594 1212 Nam
635 1170 680 1210 in
715 1170 852 1225 prima
883 1171 1004 1226 plaga
1018 1179 1034 1222 ‚⁸
1068 1187 1163 1213 cum
1197 1189 1326 1228 aquas
1355 1171 1477 1212 vertit

55 1249 98 1290 in
130 1249 386 1302 sanguinem,
408 1251 552 1290 Aaron
573 1247 728 1289 dicitur
757 1247 1000 1303 elevasse4)
1030 1247 1199 1300 virgam,
1231 1260 1272 1289 et
1301 1265 1475 1304 percus·-

58 1327 153 1368 sisse
185 1342 352 1382 aquam.
412 1326 498 1366 Sed
530 1336 569 1365 et
597 1325 641 1365 in
671 1326 868 1374 secunda,
901 1343 996 1366 cum
1027 1325 1231 1380 percussit
1261 1342 1402 1381 aquas,
1433 1335 1473 1365 et

56 1403 196 1443 eduxit
225 1419 359 1452 ranas,
386 1415 429 1455 et
455 1402 499 1443 in
533 1403 665 1452 tertia,
697 1418 793 1442 cum
827 1403 1011 1443 extendit
1040 1419 1171 1444 manu
1201 1419 1274 1444 sua
1305 1401 1475 1454 virgam,

56 1491 94 1520 et
123 1479 326 1535 percussit
353 1480 569 1534 pulverem
616 1490 774 1528 terrae,
818 1491 857 1519 et
892 1480 991 1520 facti
1024 1491 1121 1520 sunt
1163 1480 1366 1534 ciniphes.
1424 1479 1473 1519 Iu

54 1557 118 1598 his
147 1557 281 1598 tribus
309 1556 553 1596 verberibus
583 1556 730 1595 Aaron
758 1554 1037 1596 ministerium
1073 1555 1165 1596 fuit.
1232 1556 1281 1596 In
1321 1566 1473 1611 quarto

55 1650 156 1674 vero
190 1632 400 1673 Dominus
431 1632 575 1673 secisse
608 1632 789 1683 dicitur,
834 1643 880 1673 ut
910 1631 1125 1673 adveniret
1156 1632 1394 1690 cynomyia,
1433 1645 1473 1673 et

54 1710 237 1765 repleret
267 1711 418 1750 domos
447 1708 691 1767 Pharaonis.
753 1710 838 1750 Sed
871 1720 913 1749 et
939 1709 983 1749 in
1005 1709 1168 1764 quinto,
1199 1725 1296 1748 cum
1317 1709 1469 1749 exstin—

54 1798 239 1840 guuntur
267 1802 423 1842 pecora
442 1785 760 1843 Aegyptiorum,
787 1785 1002 1827 Dominus
1024 1785 1303 1826 nihilominus
1327 1785 1471 1826 fecisse

56 1863 209 1904 dicitur
236 1864 412 1903 verbum
444 1863 538 1903 hoe.
603 1864 652 1902 In
690 1875 804 1904 sexto
845 1879 945 1902 vero
986 1863 1135 1903 RIoses
1167 1858 1379 1917 adspergit
1408 1863 1469 1903 fa-

54 1940 196 1980 villam
227 1940 279 1980 de
307 1940 495 1989 fornace,
528 1951 567 1980 et
596 1941 704 1981 fiunt
732 1940 888 1989 ulcera,
919 1951 959 1979 et
987 1938 1148 1980 vesicae
1177 1955 1274 1979 cum
1306 1941 1472 1981 fervore

54 2017 99 2058 in
131 2016 374 2057 hominibus
406 2028 445 2057 et
473 2016 712 2071 pecoribus.
767 2011 859 2057 'Sed
891 2028 929 2057 et
957 2016 1000 2056 in
1021 2014 1201 2071 septimo
1222 2016 1366 2056 Moses
1388 2017 1471 2056 ele-

52 2104 122 2133 vat
149 2108 325 2132 manum
355 2109 474 2132 suam
504 2092 547 2132 in
579 2094 771 2142 coelum,
816 2104 856 2133 et
885 2093 993 2132 fiunt
1021 2108 1153 2132 voces
1173 2090 1218 2131 in
1251 2077 1394 2141 codo,
1433 2104 1473 2133 et

56 2171 231 2221 grando,
262 2181 301 2209 et
331 2169 523 2210 discurrit
551 2170 654 2222 ignis
683 2185 811 2225 super
838 2181 1008 2210 terram.
1079 2169 1129 2208 In
1173 2180 1322 2209 octavo
1364 2185 1471 2224 quo-

57 2263 138 2302 que
167 2247 280 2287 idem
311 2245 452 2287 Moses
484 2246 667 2287 extendit
698 2243 874 2287 marium
894 2263 1012 2289 suam
1034 2245 1079 2286 in
1100 2246 1281 2294 coelum,
1314 2256 1354 2286 et
1374 2245 1468 2286 Do-

56 2322 194 2365 minus
223 2322 448 2376 inducitf‘)
477 2334 649 2363 ventum
679 2334 767 2364 tota
800 2323 867 2364 die
898 2334 938 2364 et
967 2334 1056 2363 tota
1085 2334 1234 2371 nocte,
1265 2334 1304 2362 et
1334 2323 1469 2363 addu-

56 2399 113 2440 cit
148 2401 341 2443 locustas.
416 2401 502 2441 Sed
542 2411 581 2440 et
614 2399 659 2440 in
698 2417 816 2441 nono
857 2400 970 2440 idem
1007 2399 1287 2440 nihilominus
1329 2398 1471 2441 Moses

59 2478 242 2517 extefldit
271 2493 445 2517 manum
476 2494 595 2518 suam
626 2476 670 2517 in
710 2477 900 2526 coelum,
948 2488 988 2517 et
1022 2476 1130 2517 fiunt
1170 2478 1387 2525 tenebrae,
1430 2487 1470 2516 et

178 2657 221 2712 1)
250 2658 361 2701 Edd.
390 2658 585 2700 NIerlini:
614 2658 815 2699 curiosus.

176 2729 222 2782 2)
253 2728 378 2769 Rom.
409 2728 485 2778 IX,
513 2730 580 2770 20.
699 2728 743 2782 ³)
774 2728 927 2770 Psalm.
962 2726 1142 2778 CXXX,
1174 2732 1208 2773 1.

176 2796 220 2850 4)
249 2797 330 2838 Ed.
361 2796 495 2838 Ruaei
527 2799 637 2839 sola:
668 2797 833 2839 levasse,

180 2867 224 2921 5)
252 2866 362 2911 Edd.
393 2866 585 2910 Merlini:
616 2867 792 2909 induxit.
