1752 3136
484 105 531 135 m
560 92 813 135 LEvmcum
843 91 1042 134 HommA
1077 91 1151 132 IX.
1447 93 1528 139 361

121 218 233 248 terea
262 205 504 260 indulgetur
541 222 742 247 accessus.
815 204 1010 245 Secunda
1048 219 1147 244 vero
1192 204 1315 245 aedes
1352 204 1530 248 interior

120 295 190 333 cst,
220 285 312 324 solo
344 285 396 324 ab
427 283 506 322 hac
537 281 714 324 discreta
744 280 965 322 velamine.
1034 280 1146 321 Intra
1189 282 1307 336 quod
1340 283 1530 323 velamen

119 376 215 401 arca
242 358 486 408 testamenti,
519 369 558 399 et
586 357 958 413 propitiatorium,
988 374 1115 412 super
1146 360 1262 412 quod
1294 358 1530 400 Cherubim

118 438 205 478 duo
245 447 392 477 statuta
431 446 548 483 sunt,
598 445 637 474 et
681 434 811 474 altare
848 433 1008 474 incensi
1049 434 1303 477 collocatum
1352 448 1421 478 est.
1479 437 1529 477 In

114 513 224 553 hanc
253 512 399 552 aedem
429 512 557 552 semel
587 509 631 551 in
662 527 775 551 anno
805 510 967 564 primus
999 510 1242 567 quicunque
1268 525 1354 553 erat
1383 514 1529 568 ponti-

113 590 192 637 fex,
224 587 372 628 oblatis
401 587 517 644 prius
555 585 699 628 hostiis
743 585 1084 642 propitiationis,
1125 589 1178 628 de
1219 588 1371 643 quibus
1401 606 1529 645 supra

114 663 402 720 exposuimus,
438 665 776 716 ingrediebatur,
818 664 977 706 habens
1007 676 1228 720 utramque
1258 682 1434 707 manum
1463 684 1532 708 re-

108 742 289 796 pletam,
325 759 456 784 unam
499 741 647 782 batillo
680 741 937 791 carbonum,
981 752 1021 781 et
1051 741 1174 783 aliam
1208 743 1530 799 compositionis

109 816 300 868 incenso,
329 830 388 869 ut,
418 835 516 860 cum
546 817 688 859 fuisset
716 817 936 870 ingressus,
953 817 1088 859 statim
1109 819 1331 875 supposito
1352 820 1526 863 incenso

112 896 371 938 carbonibus
399 897 542 937 fumus
573 895 869 944 adscenderet,
907 905 1128 951 totamque
1160 897 1307 938 aedem
1337 898 1529 953 repleret,

111 983 158 1012 ut
189 974 434 1027 adspectum
463 982 731 1022 sanctorum,
779 987 902 1026 quem
935 971 1140 1023 ingressus
1170 974 1383 1029 pontificis
1414 992 1531 1016 reve-

109 1049 279 1100 laverat,
307 1050 442 1090 nubes
473 1048 627 1089 velaret
654 1047 826 1089 incensi.
901 1047 948 1088 Si
986 1048 1062 1090 tibi
1098 1049 1403 1092 sacrificiorum
1435 1069 1529 1095 mos

108 1126 247 1182 patuit
276 1125 484 1180 antiquus,
513 1123 615 1179 quid
646 1125 750 1163 haec
782 1122 905 1164 etiam
937 1126 1170 1167 secundum
1194 1127 1404 1169 rationem
1435 1147 1528 1187 my-

109 1201 256 1242 sticam
285 1201 543 1248 contineant,
572 1199 801 1241 videamus.
872 1200 992 1242 Duas
1024 1202 1176 1244 audisti
1209 1206 1355 1246 aedes:
1396 1223 1527 1247 unam

109 1278 228 1333 quasi
255 1277 486 1329 visibilem,
517 1289 556 1319 et
583 1289 797 1333 patentem
828 1277 1142 1329 sacerdotibus,
1173 1281 1297 1321 aliam
1327 1300 1428 1324 vero
1461 1283 1527 1323 in-

107 1354 326 1406 visibilem,
358 1367 397 1396 et
426 1356 695 1404 inaccessam,
727 1365 903 1410 excepto
926 1355 1019 1396 solo
1040 1356 1267 1411 pontifice:
1302 1360 1427 1400 ceteri
1458 1359 1528 1401 fo-

107 1431 164 1473 ris
192 1444 300 1473 sunt.
370 1432 516 1474 Prima
557 1431 679 1472 aedes
717 1430 816 1480 ista,
858 1441 988 1486 puto,
1030 1433 1148 1486 quod
1188 1433 1365 1487 intelligi
1395 1437 1528 1491 possit

107 1508 226 1560 haec,
256 1508 302 1549 in
332 1524 414 1563 qua
443 1525 558 1550 nunc
587 1524 731 1550 sumus
761 1507 806 1547 in
838 1524 963 1548 carne
993 1508 1120 1567 positi
1151 1511 1336 1562 ecclesia,
1368 1513 1411 1553 in
1443 1530 1527 1568 qua

109 1586 346 1628 sacerdotes
376 1586 617 1628 ministrant
647 1586 699 1626 ad
738 1584 868 1625 altare
905 1585 1282 1639 holocaustorum,
1320 1606 1523 1632 succenso

107 1661 184 1702 illo
215 1662 324 1715 igne,
354 1664 407 1704 de
436 1679 521 1718 quo
554 1661 656 1703 dixit
694 1664 835 1703 Jesus:
876 1660 1104 1718 „ignem¹)
1144 1665 1239 1705 veni
1275 1667 1439 1707 mittere
1478 1668 1525 1708 in

105 1748 276 1788 terram,
307 1750 348 1779 et
377 1756 504 1795 quam
534 1740 633 1779 volo
665 1750 712 1778 ut
741 1740 1037 1780 accendatur.“
1106 1739 1161 1781 Et
1199 1742 1305 1782 nolo
1349 1743 1526 1795 mireris,

109 1816 228 1871 quod
257 1816 362 1856 haec
391 1817 514 1857 aedes
542 1815 642 1858 solis
671 1815 960 1858 sacerdotibus
990 1828 1142 1872 pateat.
1204 1819 1366 1860 Omnes
1398 1822 1525 1873 enim,

106 1893 352 1948 quicunque
379 1904 596 1946 unguento
626 1891 732 1933 sacri
765 1891 996 1934 chrismatis
1028 1893 1205 1935 delibuti
1248 1908 1356 1945 sunt,
1388 1913 1525 1938 sacer-

108 1970 228 2011 dotes
259 1969 397 2010 effecti
425 1981 534 2020 sunt,
563 1969 670 2011 sicut
702 1981 740 2010 et
767 1970 917 2012 Petrus
958 1972 1011 2012 ad
1054 1988 1227 2013 omnem
1259 1973 1360 2014 dicit
1391 1977 1525 2015 cccle-

109 2046 236 2088 siam:
267 2045 429 2100 ‚,vos²)
458 2057 597 2087 autem
628 2063 757 2100 genus
788 2047 981 2097 electum,
1013 2059 1052 2088 et
1068 2050 1205 2099 regale
1226 2050 1523 2100 sacerdotium,

108 2139 207 2176 gens
237 2127 418 2164 sancta.“
474 2122 582 2165 Estis
615 2139 711 2176 ergo
744 2139 871 2175 genus
901 2125 1175 2174 sacerdotale,
1207 2138 1245 2166 et
1275 2125 1372 2167 idco
1404 2143 1523 2168 acce-

109 2199 203 2241 ditis
235 2201 288 2241 ad
316 2211 470 2241 sancta.
544 2200 630 2242 Sed
671 2212 711 2241 ct
748 2202 1041 2257 unusquisque
1080 2213 1276 2244 nostrum
1317 2204 1446 2243 habet
1477 2204 1522 2244 in

107 2292 151 2317 se
182 2276 479 2317 holocaustum
510 2293 647 2327 suum,
680 2288 720 2318 et
748 2277 985 2319 holocausti
1014 2278 1078 2319 sui
1096 2279 1185 2334 ipse
1213 2279 1431 2320 succendit
1462 2281 1523 2321 al-

105 2364 206 2403 tare,
234 2364 282 2394 ut
309 2369 479 2409 semper
510 2355 666 2395 ardeat.
725 2354 816 2408 Ego
848 2355 883 2396 si
912 2355 1150 2396 renuntiem
1171 2356 1380 2405 omnibus,
1414 2373 1522 2412 quae

105 2428 329 2485 possideo,
381 2442 420 2471 et
449 2429 597 2471 tollam
630 2447 799 2472 crucem
827 2448 986 2482 meam,
1040 2443 1080 2473 ct
1109 2450 1260 2489 sequar
1291 2433 1522 2484 Christum,

105 2506 405 2548 holocaustum
436 2507 573 2549 obtuli
603 2509 656 2549 ad
687 2508 816 2549 altare
846 2510 950 2550 Dei:
990 2521 1062 2551 aut
1101 2511 1135 2552 si
1171 2510 1388 2551 tradidero
1424 2527 1520 2551 cor-

105 2597 186 2637 pus
215 2598 373 2632 meum,
401 2594 450 2624 ut
478 2584 662 2634 ardeam,
694 2585 854 2627 habens
886 2585 1116 2638 caritatem,
1145 2598 1183 2628 et
1208 2587 1382 2638 gloriam
1406 2605 1520 2630 mar-

107 2657 205 2717 tyrii
234 2674 481 2715 consequar,
512 2661 810 2704 holocaustum
848 2679 918 2705 me
957 2662 1097 2719 ipsum
1139 2664 1276 2708 obtuli
1305 2665 1357 2705 ad
1389 2665 1519 2707 altare

224 2824 269 2881 ¹)
301 2826 403 2869 Luc.
431 2827 529 2879 XII,
559 2829 625 2873 49.
745 2830 791 2886 ²)
820 2829 839 2873 Ι
871 2831 979 2875 Petr.
1008 2832 1061 2884 ΙΙ,
1090 2833 1129 2878 9.
