1752 3136
216 121 274 166 80
822 119 1043 163 Omonms

219 245 515 291 consequatur.
583 231 633 274 In
677 232 968 276 Numerorum
999 232 1112 274 libro
1144 231 1399 289 refertur,¹)
1441 234 1559 290 quod
1599 244 1640 277 et

220 312 265 354 in
293 311 376 354 suis
417 309 634 366 scripturis
674 310 850 352 retexuit
891 312 1147 367 Apostolus,
1201 309 1364 353 dicens:
1413 313 1642 368 „neque²)

216 388 601 437 murmuraveritis,
641 386 750 428 sicut
787 387 961 443 quidam
993 404 1144 429 eorum
1175 375 1570 439 murmuraveiunt,
1603 400 1643 430 et

217 482 240 506 a
269 464 536 521 serpentibus
566 464 824 520 perierunt.“
893 465 1238 506 Murmurantem
1269 465 1483 522 populum
1515 482 1641 507 vene-

215 555 337 584 natus
365 542 411 584 in
443 558 586 583 eremo
621 542 861 597 depascitur
889 541 1150 597 serpentium
1179 558 1359 584 morsus.
1407 543 1642 585 Videamus

214 637 309 670 nos,
341 619 412 675 qui
442 621 545 660 haec
577 620 790 668 audimus,
829 636 931 669 nos,
962 618 1157 674 inquam,
1186 635 1268 674 pro
1302 618 1455 675 quibus
1485 619 1642 675 scripta

213 709 334 740 sunt:
374 696 453 738 illis
483 697 595 738 enim
636 698 690 737 ad
722 695 1032 736 correctionem
1062 698 1170 736 sacta
1199 707 1317 746 sunt,
1352 696 1505 752 scripta
1544 707 1642 738 sunt

214 786 352 816 autem
384 783 566 829 propter
592 789 692 821 nos,
723 771 767 812 in
784 771 829 828 ³)
860 787 996 827 „quos
1026 772 1131 813 fines
1161 773 1428 814 saeculorum
1461 774 1641 814 devene-

211 856 351 893 runt.“
408 849 455 891 Si
482 865 574 890 non
605 849 834 891 desinimus
863 847 1207 903 murmurare,‘²)
1248 848 1280 889 si
1310 866 1401 890 non
1432 854 1641 893 cesflamus

214 945 237 970 a
260 926 439 983 querelis
459 926 625 976 nostris,
653 941 754 982 quas
772 926 1016 981 frequenter
1035 925 1238 966 habemus
1265 926 1459 966 adversus
1482 926 1642 976 Deum,

213 1007 498 1054 observemus,
527 1021 582 1046 ne
611 1003 747 1046 simile
787 1001 1036 1044 offensionis
1073 1002 1341 1043 incurramus
1382 1003 1640 1058 exemplum.

210 1083 384 1125 Etenim
424 1097 523 1122 cum
564 1082 617 1122 de
655 1080 765 1121 coeli
793 1079 1068 1136 intemperie,
1109 1081 1162 1121 de
1201 1078 1509 1121 infecunditate
1547 1080 1639 1120 fru-

212 1172 373 1210 ctuum,
401 1159 454 1200 de
483 1157 653 1200 raritate
683 1156 908 1207 imbrium,
957 1157 1009 1198 de
1048 1157 1399 1213 prosperitatibus
1440 1156 1640 1206 aliorum,

212 1249 252 1279 et
282 1238 334 1279 de
363 1236 547 1278 aliorum
575 1234 919 1291 improsperitate
950 1250 1194 1284 causamur,
1236 1233 1320 1275 hoc
1353 1245 1411 1275 est
1441 1234 1639 1275 adversus

207 1315 355 1356 Deum
403 1329 603 1354 murmur
650 1312 853 1353 attollere.
943 1311 1029 1353 Sed
1074 1312 1177 1352 haec
1226 1310 1343 1352 initia
1382 1310 1640 1353 habentibus

207 1391 462 1444 ignoscitur3
489 1391 535 1432 in
567 1405 638 1430 eos
669 1406 783 1440 verto,
817 1387 889 1444 qui
918 1405 1009 1429 non
1041 1386 1260 1437 desinunt,
1291 1388 1468 1440 graviter
1498 1389 1638 1429 vindi-

211 1480 343 1510 catur.
408 1468 640 1509 Mittuntur
676 1482 864 1521 namque
903 1465 947 1505 in
979 1481 1050 1506 eos
1080 1475 1316 1520 serpentes,
1353 1464 1398 1506 id
1439 1477 1515 1515 est,
1557 1466 1639 1506 im-

208 1545 382 1587 mundis
411 1542 627 1599 spiritibus
656 1543 886 1584 traduntur
905 1540 1206 1597 venenatisque
1237 1542 1534 1592 daemonibus,
1565 1542 1639 1598 qui

210 1639 282 1664 eos
311 1621 525 1663 morsibus
557 1619 732 1661 occultis
761 1636 808 1659 ac
838 1618 1065 1661 latentibus
1095 1619 1321 1675 perimant,
1352 1632 1478 1675 atque
1506 1620 1639 1661 inter-

208 1698 274 1740 nis
306 1709 346 1739 et
376 1699 484 1739 intra
517 1696 656 1738 cordis
687 1695 920 1751 penetralia
951 1696 1162 1737 conclusis
1204 1696 1531 1749 cogitationibus
1561 1698 1638 1738 ab·

211 1773 453 1830 sumant.⁵)
522 1774 608 1814 Sed
649 1775 827 1814 obsecro
870 1789 966 1822 vos,
1011 1773 1180 1828 prosint
1217 1773 1343 1816 nobis
1383 1774 1638 1830 praemissae

210 1851 494 1907 correptionis
534 1851 746 1906 exempla:
783 1849 959 1891 illorum
996 1865 1163 1905 poena,
1215 1851 1455 1892 emendatio
1485 1845 1639 1894 'nostra

207 1930 270 1973 sit.
328 1927 449 1969 Dicit
488 1926 601 1969 enim
641 1928 788 1977 Deus,
837 1925 935 1982 quia
983 1925 1212 1982 „audivi⁶)
1253 1928 1637 1971 murmurationem

206 2006 398 2048 filiorum
427 2005 599 2046 Israel.“
655 2001 840 2054 Vide-tis,
878 2001 976 2058 quia
1014 2019 1104 2044 non
1134 2004 1234 2044 latet
1264 2004 1409 2046 Deum
1439 2022 1636 2048 murmu-

209 2084 318 2126 ratio
341 2093 504 2124 nostra:
537 2081 655 2123 audit
676 2079 834 2129 omnia,
866 2091 905 2120 et
934 2083 1052 2135 quod
1082 2097 1172 2122 non
1202 2082 1341 2123 statim
1373 2082 1506 2138 punit,
1528 2099 1635 2140 poe-

206 2161 425 2203 nitentiam
457 2170 625 2200 nostrae
664 2155 952 2198 conversionis
973 2157 1016 2213 ⁷)
1048 2169 1269 2213 exspectat.

319 2238 358 2280 5.
391 2236 479 2278 Sed
509 2236 613 2292 quid
641 2246 740 2291 post
779 2234 882 2275 haec
921 2235 1142 2276 recitatum
1182 2235 1271 2277 est?
1312 2235 1530 2293 ‚,Dixit,⁸)
1568 2237 1635 2278 in·

326 2440 370 2496 ¹)
405 2439 493 2481 Cfr.
524 2440 652 2480 Num.
686 2439 808 2489 XXI,
838 2440 875 2481 5.
906 2439 945 2481 6.

319 2511 366 2564 ²)
397 2510 415 2550 I
448 2509 547 2550 Cor.
578 2510 632 2559 X,
666 2511 732 2552 10.
850 2508 896 2563 3)
928 2508 947 2547 Ι
981 2507 1084 2550 Cor.
1118 2507 1173 2558 X,
1206 2509 1272 2550 11.

327 2579 373 2634 4)
403 2580 515 2621 Edd.
547 2579 745 2621 Merlini:
775 2566 1103 2622 murmurantes.

320 2650 365 2705 ⁵)
394 2649 505 2690 Edd.
535 2648 726 2690 Merlini:
760 2661 983 2692 assumant.

315 2719 365 2774 ⁶)
394 2717 531 2760 Exod.
560 2719 683 2770 XVI,
714 2720 780 2760 12.

324 2790 369 2843 ⁷)
400 2788 509 2830 Edd.
540 2788 738 2830 Merlini:
769 2787 1113 2833 conversationis.
1484 2797 1500 2817 ⁸

320 2859 367 2915 ⁸>
395 2858 535 2904 Exod.
564 2857 682 2909 XVI,
711 2858 749 2900 4.
779 2860 819 2903 5.
