1752 3136
220 105 304 149 254
819 96 1044 138 Onffissms

222 215 327 270 gulis
359 210 627 269 aequaliter.“
696 208 830 264 Quod
869 206 1120 250 sacrificium
1162 206 1324 247 sactum
1366 215 1424 247 est
1454 203 1496 245 in
1529 205 1640 252 oleo,

220 295 287 336 vel
319 293 438 349 quod
470 301 528 331 est
558 304 648 330 non
679 288 837 329 factum
867 286 912 327 in
944 283 1071 327 oleo?
1109 282 1372 326 Sacrificimn
1401 281 1582 324 salutare
1601 281 1642 337 ¹)

222 373 268 416 in
302 371 399 412 oleo
430 368 523 409 sieri
551 364 746 424 jubetur,
791 363 897 406 sicut
926 379 1051 418 supra
1084 361 1169 419 jam
1212 360 1405 404 diximus.
1475 357 1644 401 Sacrifi-

223 449 336 491 cium
380 462 480 487 vero
521 460 602 501 pro
640 454 817 498 peccato
857 457 947 481 non
994 443 1042 482 fit
1081 440 1125 481 in
1165 439 1276 481 olco.
1363 437 1481 480 Dicit
1512 436 1645 478 enim:

221 523 399 580 „non²)
428 532 691 578 superponet
722 519 758 561 ei
791 520 957 567 oleum,
997 517 1201 574 quoniam
1232 533 1312 574 pro
1343 526 1519 572 peccato
1552 518 1648 555 est.“

225 603 357 658 Quod
391 616 489 651 ergo
519 614 599 654 pro
631 608 807 654 peccato
842 608 924 645 est,
971 613 1049 637 nec
1081 598 1222 637 oleum
1254 593 1436 636 laetitiae
1467 591 1527 643 cI,
1567 607 1647 632 nec

222 682 319 722 thus
349 677 559 720 suavitatis
590 672 839 729 imponitur.
879 673 949 713 De
973 673 1247 728 peccantibus
1278 671 1387 713 enim
1407 670 1507 712 dicit
1526 670 1647 725 Apo-

224 758 376 801 stolus:
415 752 542 807 „et³)
573 752 739 801 lugeam
774 766 867 799 eos,
900 749 972 804 qui
1009 760 1105 789 ante
1134 760 1438 803 peccaverunt,
1485 760 1523 789 et
1553 763 1646 788 non

223 843 398 888 egerunt
438 827 787 886 poenitentiam.“
874 826 963 867 Nec
1004 827 1115 866 odor
1153 824 1198 865 in
1239 841 1288 866 eo
1326 823 1533 866 suavitatis
1575 835 1646 873 est,

223 910 321 968 quia
353 925 401 949 ex
429 920 614 963 persona
644 903 878 960 peccatoris
911 901 1086 944 dicitur:
1125 913 1511 957 „computruerunt
1525 900 1571 956 ⁴²)
1609 912 1649 942 et

223 997 452 1042 corruptae
480 994 579 1025 sunt
613 981 822 1023 cicatrices
861 985 1022 1022 meae.“
1096 979 1214 1020 Haec
1251 977 1420 1020 interim
1461 994 1483 1018 a
1521 976 1647 1019 nobis

224 1068 444 1108 observata
473 1071 571 1102 sunt
602 1061 654 1100 de
684 1057 894 1114 superiori
920 1056 1122 1114 capitulo,
1152 1056 1227 1098 ubi
1246 1057 1311 1097 lex
1328 1055 1523 1097 sacrificii
1545 1054 1649 1096 scri-

222 1143 339 1186 bitur
369 1157 449 1197 pro
482 1138 651 1180 delicto.
723 1137 825 1178 Non
862 1147 1002 1177 autem
1035 1134 1185 1176 dubito
1215 1134 1351 1174 multa
1382 1148 1493 1183 esse,
1540 1148 1650 1189 quae

222 1237 304 1263 nos
333 1214 571 1269 lateant,⁵)
615 1225 655 1255 et
692 1229 862 1255 sensum
891 1224 1087 1254 nostrum
1117 1222 1328 1267 superent.
1401 1211 1501 1251 Non
1534 1209 1648 1251 enim

223 1314 368 1340 sumus
399 1294 510 1335 illius
539 1289 700 1339 merifi,
738 1300 786 1330 ut
830 1300 868 1330 et
907 1306 987 1331 nos
1029 1289 1170 1331 dicere
1211 1288 1440 1344 possimus:
1483 1287 1648 1342 ‚,nos⁶)

224 1386 365 1418 autem
397 1385 566 1413 sensum
599 1365 757 1408 Christi
784 1366 1030 1408 habemus‚“
1100 1365 1248 1421 Ipse7)
1290 1363 1402 1405 enim
1443 1365 1558 1405 solus
1589 1375 1649 1404 est

223 1467 382 1499 sensus,
413 1447 480 1489 cui
508 1456 683 1502 pateant
711 1443 918 1493 universa,
951 1459 1056 1499 quae
1085 1442 1130 1484 in
1160 1443 1322 1494 legibus
1339 1440 1646 1482 sacrificiorum

223 1529 334 1571 intra
365 1525 511 1567 literae
543 1521 818 1564 continentur
848 1536 1064 1561 arcanum.
1138 1519 1185 1562 Si
1229 1519 1341 1560 enim
1371 1534 1573 1568 mererer,
1600 1529 1648 1558 ut

226 1607 401 1647 daretur
429 1601 534 1643 mihi
572 1616 716 1642 sensus
758 1597 934 1649 Christi,
976 1598 1102 1639 etiam
1141 1612 1217 1648 ego
1255 1596 1299 1637 in
1338 1596 1401 1638 his
1442 1597 1650 1637 dicerem:

225 1681 360 1737 „ut⁸)
389 1682 591 1728 sciamus,
632 1692 740 1733 quae
771 1692 793 1717 a
823 1676 922 1717 Deo
955 1676 1113 1716 donata
1142 1685 1239 1716 sunt
1267 1672 1421 1715 nobis:
1466 1689 1574 1729 quae
1605 1683 1647 1713 et

225 1758 487 1816 loquimur.“
562 1755 649 1796 Sed
687 1770 804 1794 nunc
846 1752 1035 1794 contenti
1074 1751 1277 1807 parvitate
1316 1766 1458 1792 sensus
1497 1749 1646 1800 nostri,

224 1835 402 1881 secundi
429 1832 605 1889 capituli
634 1830 848 1872 videamus
879 1829 1114 1871 exordium.

350 2017 394 2071 ¹)
427 2015 536 2057 Cod.
568 2014 843 2067 Sangerman.
884 2012 1136 2067 ‚‚salutare.“
1219 2009 1338 2052 Libri
1378 1992 1478 2052 editi
1520 2009 1582 2067 (v.
1611 2025 1646 2053 c,

229 2076 323 2119 edd.
351 2073 464 2127 M.):
493 2071 751 2122 ‚,salutaris.“
778 2071 833 2111 R.

345 2145 391 2199 2)
420 2141 553 2186 Levit.
582 2140 633 2190 V,
662 2140 728 2182 11.

345 2214 393 2269 3)
426 2212 514 2254 Cfr.
545 2210 584 2250 ΙΙ
618 2209 718 2252 Cor.
748 2210 844 2261 XII,
873 2212 941 2253 21.

345 2284 392 2339 ⁴)
424 2283 578 2325 Psalm.
610 2281 856 2332 XXXVIII,
885 2282 925 2323 5.

345 2355 390 2410 ⁵)
421 2352 539 2396 Libri
569 2362 691 2392 antea
723 2350 844 2392 editi:
881 2352 1049 2401 „latent,
1081 2360 1121 2391 et
1158 2365 1326 2392 sensum
1356 2359 1548 2390 nostrum
1579 2364 1649 2389 su-

230 2415 430 2467 perant‚“
470 2410 546 2450 sed
588 2408 697 2449 Cod.
737 2408 952 2459 Sangerm.
994 2419 1041 2449 ut
1081 2407 1125 2447 in
1165 2418 1313 2448 nostro
1357 2417 1479 2446 textu.
1512 2405 1561 2446 R.
1592 2431 1647 2440 —

228 2470 341 2511 Edd.
374 2465 570 2508 Merlini:
601 2465 771 2515 „latent,
801 2476 840 2505 et
870 2481 1039 2506 sensum
1070 2474 1263 2504 nostrum
1292 2466 1534 2518 superent.“

346 2538 392 2591 6)
424 2537 440 2576 Ι
474 2536 575 2577 Cor.
607 2535 660 2585 II,
690 2534 755 2577 16.

348 2607 393 2662 ⁷)
423 2605 542 2647 Libri
575 2617 694 2647 antea
728 2604 847 2646 editi:
879 2604 993 2660 „Ipsi
1020 2602 1131 2644 enim
1162 2603 1258 2658 plus
1276 2613 1335 2643 est
1357 2618 1500 2644 sensus
1523 2599 1648 2642 Chri-

231 2664 293 2714 sti,
326 2665 392 2704 cui
423 2667 614 2717 patent,“
652 2663 725 2703 sed
767 2660 878 2707 Cod.
918 2663 1134 2713 Sangerm.
1174 2670 1221 2700 ut
1259 2657 1304 2698 in
1344 2670 1491 2700 nostro
1521 2668 1648 2699 textu.

229 2722 282 2762 R.
306 2745 356 2752 -
382 2718 709 2760 Edd.Me1-1ini:
739 2719 860 2776 „lpse
890 2717 1002 2761 enim
1025 2718 1120 2775 plus
1141 2727 1201 2760 est
1218 2731 1365 2761 sensus
1381 2714 1550 2766 Christi,
1580 2714 1647 2756 cui

229 2780 416 2835 patent.“

349 2846 396 2904 ⁸)
425 2845 444 2887 I
475 2843 576 2889 Cor.
605 2843 662 2898 H,
691 2844 760 2893 12.
