<?xml version="1.0" encoding="UTF-8"?>
<!DOCTYPE html PUBLIC "-//W3C//DTD XHTML 1.0 Transitional//EN"
    "http://www.w3.org/TR/xhtml1/DTD/xhtml1-transitional.dtd">
<html xmlns="http://www.w3.org/1999/xhtml" xml:lang="en" lang="en">
 <head>
  <title>
</title>
<meta http-equiv="Content-Type" content="text/html;charset=utf-8" />
  <meta name='ocr-system' content='tesseract 3.04.00' />
  <meta name='ocr-capabilities' content='ocr_page ocr_carea ocr_par ocr_line ocrx_word'/>
</head>
<body>
  <div class='ocr_page' id='page_1' title='image "./operaomniaquaegr09orig_0074.png"; bbox 0 0 1752 3136; ppageno 0'>
   <div class='ocr_carea' id='block_1_1' title="bbox 273 128 1095 172">
    <p class='ocr_par' dir='ltr' id='par_1_1' title="bbox 273 128 1095 172">
     <span class='ocr_line' id='line_1_1' title="bbox 273 128 1095 172; baseline -0.002 0"><span class='ocrx_word' id='word_1_1' title='bbox 273 129 329 172; x_wconf 82' lang='lat'>62</span> <span class='ocrx_word' id='word_1_2' title='bbox 871 128 1095 171; x_wconf 73' lang='lat' dir='ltr'>Omonms</span> 
     </span>
    </p>
   </div>
   <div class='ocr_carea' id='block_1_2' title="bbox 260 239 1709 2382">
    <p class='ocr_par' dir='ltr' id='par_1_2' title="bbox 260 239 1709 1686">
     <span class='ocr_line' id='line_1_2' title="bbox 274 239 1708 298; baseline 0 -16"><span class='ocrx_word' id='word_1_3' title='bbox 274 251 413 298; x_wconf 84' lang='lat' dir='ltr'><strong>queat,</strong></span> <span class='ocrx_word' id='word_1_4' title='bbox 445 253 517 283; x_wconf 90' lang='lat' dir='ltr'>aut</span> <span class='ocrx_word' id='word_1_5' title='bbox 546 240 617 282; x_wconf 88' lang='lat' dir='ltr'>ille</span> <span class='ocrx_word' id='word_1_6' title='bbox 649 240 948 293; x_wconf 74' lang='lat' dir='ltr'>cogitationem</span> <span class='ocrx_word' id='word_1_7' title='bbox 980 241 1206 298; x_wconf 82' lang='lat' dir='ltr'>pessimam</span> <span class='ocrx_word' id='word_1_8' title='bbox 1232 239 1379 295; x_wconf 84' lang='lat' dir='ltr'>rapiat.</span> <span class='ocrx_word' id='word_1_9' title='bbox 1437 239 1637 296; x_wconf 80' lang='lat' dir='ltr'>Denique</span> <span class='ocrx_word' id='word_1_10' title='bbox 1669 253 1708 282; x_wconf 90' lang='lat' dir='ltr'>et</span> 
     </span>
     <span class='ocr_line' id='line_1_3' title="bbox 272 317 1708 374; baseline -0.002 -13"><span class='ocrx_word' id='word_1_11' title='bbox 272 335 416 362; x_wconf 82' lang='lat' dir='ltr'>semen</span> <span class='ocrx_word' id='word_1_12' title='bbox 447 318 562 359; x_wconf 85' lang='lat' dir='ltr'>verbi</span> <span class='ocrx_word' id='word_1_13' title='bbox 594 318 700 368; x_wconf 77' lang='lat' dir='ltr'>Dei,</span> <span class='ocrx_word' id='word_1_14' title='bbox 731 319 804 359; x_wconf 88' lang='lat' dir='ltr'>ubi</span> <span class='ocrx_word' id='word_1_15' title='bbox 839 320 972 368; x_wconf 88' lang='lat' dir='ltr'>cadit,</span> <span class='ocrx_word' id='word_1_16' title='bbox 1016 331 1055 360; x_wconf 91' lang='lat' dir='ltr'>et</span> <span class='ocrx_word' id='word_1_17' title='bbox 1087 318 1274 374; x_wconf 85' lang='lat' dir='ltr'>deperit,</span> <span class='ocrx_word' id='word_1_18' title='bbox 1322 317 1472 373; x_wconf 81' lang='lat' dir='ltr'>triplex</span> <span class='ocrx_word' id='word_1_19' title='bbox 1506 319 1708 359; x_wconf 83' lang='lat' dir='ltr'>describi-</span> 
     </span>
     <span class='ocr_line' id='line_1_4' title="bbox 276 393 1709 450; baseline -0.003 -12"><span class='ocrx_word' id='word_1_20' title='bbox 276 409 345 438; x_wconf 92' lang='lat' dir='ltr'>tur</span> <span class='ocrx_word' id='word_1_21' title='bbox 365 396 406 450; x_wconf 82' lang='lat'>¹)</span> <span class='ocrx_word' id='word_1_22' title='bbox 437 397 568 437; x_wconf 86' lang='lat' dir='ltr'>locus.</span> <span class='ocrx_word' id='word_1_23' title='bbox 630 396 751 438; x_wconf 88' lang='lat' dir='ltr'>Unus</span> <span class='ocrx_word' id='word_1_24' title='bbox 782 413 898 437; x_wconf 92' lang='lat' dir='ltr'>secus</span> <span class='ocrx_word' id='word_1_25' title='bbox 931 397 1040 438; x_wconf 75' lang='lat' dir='ltr'>viam</span> <span class='ocrx_word' id='word_1_26' title='bbox 1072 398 1273 444; x_wconf 86' lang='lat' dir='ltr'>refertur,</span> <span class='ocrx_word' id='word_1_27' title='bbox 1316 393 1387 450; x_wconf 86' lang='lat' dir='ltr'>qui</span> <span class='ocrx_word' id='word_1_28' title='bbox 1429 395 1709 435; x_wconf 84' lang='lat' dir='ltr'>conculcatur</span> 
     </span>
     <span class='ocr_line' id='line_1_5' title="bbox 276 471 1708 529; baseline -0.002 -14"><span class='ocrx_word' id='word_1_29' title='bbox 276 475 328 516; x_wconf 85' lang='lat' dir='ltr'>ab</span> <span class='ocrx_word' id='word_1_30' title='bbox 374 473 641 524; x_wconf 82' lang='lat' dir='ltr'>hominibus3</span> <span class='ocrx_word' id='word_1_31' title='bbox 679 473 782 514; x_wconf 84' lang='lat' dir='ltr'>alius</span> <span class='ocrx_word' id='word_1_32' title='bbox 822 474 864 514; x_wconf 85' lang='lat' dir='ltr'>in</span> <span class='ocrx_word' id='word_1_33' title='bbox 906 473 1058 529; x_wconf 87' lang='lat' dir='ltr'>spinis;</span> <span class='ocrx_word' id='word_1_34' title='bbox 1110 472 1213 513; x_wconf 86' lang='lat' dir='ltr'>alius</span> <span class='ocrx_word' id='word_1_35' title='bbox 1256 471 1298 512; x_wconf 90' lang='lat' dir='ltr'>in</span> <span class='ocrx_word' id='word_1_36' title='bbox 1340 472 1531 526; x_wconf 73' lang='lat' dir='ltr'><strong>petrosis.</strong></span> <span class='ocrx_word' id='word_1_37' title='bbox 1590 472 1646 512; x_wconf 82' lang='lat' dir='ltr'>Et</span> <span class='ocrx_word' id='word_1_38' title='bbox 1687 489 1708 512; x_wconf 91' lang='lat' dir='ltr'>e</span> 
     </span>
     <span class='ocr_line' id='line_1_6' title="bbox 275 549 1702 604; baseline -0.003 -12"><span class='ocrx_word' id='word_1_39' title='bbox 275 550 491 592; x_wconf 90' lang='lat' dir='ltr'>contrario</span> <span class='ocrx_word' id='word_1_40' title='bbox 532 562 640 591; x_wconf 81' lang='lat' dir='ltr'>terra</span> <span class='ocrx_word' id='word_1_41' title='bbox 683 551 800 591; x_wconf 87' lang='lat' dir='ltr'>bona</span> <span class='ocrx_word' id='word_1_42' title='bbox 851 552 1003 591; x_wconf 78' lang='lat' dir='ltr'>afferre</span> <span class='ocrx_word' id='word_1_43' title='bbox 1050 549 1204 590; x_wconf 82' lang='lat' dir='ltr'>dicitur</span> <span class='ocrx_word' id='word_1_44' title='bbox 1242 549 1453 604; x_wconf 76' lang='lat' dir='ltr'>triplicem</span> <span class='ocrx_word' id='word_1_45' title='bbox 1503 550 1702 598; x_wconf 86' lang='lat' dir='ltr'>fructum,</span> 
     </span>
     <span class='ocr_line' id='line_1_7' title="bbox 260 624 1705 680; baseline -0.003 -10"><span class='ocrx_word' id='word_1_46' title='bbox 260 630 338 670; x_wconf 58' lang='lat' dir='ltr'>&#39;&#39;vcl</span> <span class='ocrx_word' id='word_1_47' title='bbox 369 627 666 677; x_wconf 81' lang='lat' dir='ltr'>centesimum,</span> <span class='ocrx_word' id='word_1_48' title='bbox 698 628 762 668; x_wconf 84' lang='lat' dir='ltr'>vel</span> <span class='ocrx_word' id='word_1_49' title='bbox 794 628 1116 680; x_wconf 83' lang='lat' dir='ltr'>sexagesimum,</span> <span class='ocrx_word' id='word_1_50' title='bbox 1155 627 1218 666; x_wconf 85' lang='lat' dir='ltr'>vel</span> <span class='ocrx_word' id='word_1_51' title='bbox 1258 626 1530 666; x_wconf 87' lang='lat' dir='ltr'>tricesimum.</span> <span class='ocrx_word' id='word_1_52' title='bbox 1607 624 1705 665; x_wconf 82' lang='lat' dir='ltr'>Tri-</span> 
     </span>
     <span class='ocr_line' id='line_1_8' title="bbox 273 701 1705 762; baseline -0.003 -16"><span class='ocrx_word' id='word_1_53' title='bbox 273 706 370 762; x_wconf 86' lang='lat' dir='ltr'>plex</span> <span class='ocrx_word' id='word_1_54' title='bbox 399 721 585 760; x_wconf 87' lang='lat' dir='ltr'>namque</span> <span class='ocrx_word' id='word_1_55' title='bbox 617 715 676 745; x_wconf 90' lang='lat' dir='ltr'>est</span> <span class='ocrx_word' id='word_1_56' title='bbox 706 703 830 744; x_wconf 81' lang='lat' dir='ltr'>etiam</span> <span class='ocrx_word' id='word_1_57' title='bbox 852 705 961 745; x_wconf 88' lang='lat' dir='ltr'>bene</span> <span class='ocrx_word' id='word_1_58' title='bbox 983 703 1133 756; x_wconf 85' lang='lat' dir='ltr'>agendi</span> <span class='ocrx_word' id='word_1_59' title='bbox 1160 703 1245 744; x_wconf 81' lang='lat' dir='ltr'>via:</span> <span class='ocrx_word' id='word_1_60' title='bbox 1277 703 1559 744; x_wconf 83' lang='lat' dir='ltr'>nihilominus</span> <span class='ocrx_word' id='word_1_61' title='bbox 1590 701 1705 742; x_wconf 88' lang='lat' dir='ltr'>enim</span> 
     </span>
     <span class='ocr_line' id='line_1_9' title="bbox 273 777 1702 837; baseline -0.001 -15"><span class='ocrx_word' id='word_1_62' title='bbox 273 783 338 822; x_wconf 89' lang='lat' dir='ltr'>vel</span> <span class='ocrx_word' id='word_1_63' title='bbox 370 798 513 837; x_wconf 86' lang='lat' dir='ltr'>opere,</span> <span class='ocrx_word' id='word_1_64' title='bbox 544 782 607 821; x_wconf 85' lang='lat' dir='ltr'>vel</span> <span class='ocrx_word' id='word_1_65' title='bbox 641 780 918 833; x_wconf 69' lang='lat' dir='ltr'>cogitatione,</span> <span class='ocrx_word' id='word_1_66' title='bbox 957 782 1022 821; x_wconf 92' lang='lat' dir='ltr'>vel</span> <span class='ocrx_word' id='word_1_67' title='bbox 1063 780 1193 820; x_wconf 87' lang='lat' dir='ltr'>verbo</span> <span class='ocrx_word' id='word_1_68' title='bbox 1226 778 1332 819; x_wconf 87' lang='lat' dir='ltr'>boni</span> <span class='ocrx_word' id='word_1_69' title='bbox 1365 779 1526 834; x_wconf 85' lang='lat' dir='ltr'>aliquid</span> <span class='ocrx_word' id='word_1_70' title='bbox 1557 777 1702 831; x_wconf 82' lang='lat' dir='ltr'>agitur.</span> 
     </span>
     <span class='ocr_line' id='line_1_10' title="bbox 275 855 1705 912; baseline -0.003 -13"><span class='ocrx_word' id='word_1_71' title='bbox 275 858 373 899; x_wconf 89' lang='lat' dir='ltr'>Hoc</span> <span class='ocrx_word' id='word_1_72' title='bbox 405 858 516 899; x_wconf 87' lang='lat' dir='ltr'>enim</span> <span class='ocrx_word' id='word_1_73' title='bbox 548 857 751 909; x_wconf 76' lang='lat' dir='ltr'>significat</span> <span class='ocrx_word' id='word_1_74' title='bbox 782 869 821 897; x_wconf 93' lang='lat' dir='ltr'>et</span> <span class='ocrx_word' id='word_1_75' title='bbox 851 857 1109 912; x_wconf 83' lang='lat' dir='ltr'>Apostolus,</span> <span class='ocrx_word' id='word_1_76' title='bbox 1143 873 1240 897; x_wconf 91' lang='lat' dir='ltr'>cum</span> <span class='ocrx_word' id='word_1_77' title='bbox 1272 855 1392 896; x_wconf 84' lang='lat' dir='ltr'>dicit:</span> <span class='ocrx_word' id='word_1_78' title='bbox 1434 855 1596 910; x_wconf 84' lang='lat' dir='ltr'>„qui²)</span> <span class='ocrx_word' id='word_1_79' title='bbox 1629 871 1705 894; x_wconf 83' lang='lat' dir='ltr'>au-</span> 
     </span>
     <span class='ocr_line' id='line_1_11' title="bbox 273 933 1706 989; baseline -0.004 -13"><span class='ocrx_word' id='word_1_80' title='bbox 273 948 360 976; x_wconf 89' lang='lat' dir='ltr'>tem</span> <span class='ocrx_word' id='word_1_81' title='bbox 392 934 585 976; x_wconf 81' lang='lat' dir='ltr'>aedificat</span> <span class='ocrx_word' id='word_1_82' title='bbox 614 950 742 989; x_wconf 85' lang='lat' dir='ltr'>super</span> <span class='ocrx_word' id='word_1_83' title='bbox 771 935 1100 974; x_wconf 82' lang='lat' dir='ltr'>fundamentum</span> <span class='ocrx_word' id='word_1_84' title='bbox 1133 933 1230 982; x_wconf 91' lang='lat' dir='ltr'>hoc,</span> <span class='ocrx_word' id='word_1_85' title='bbox 1262 948 1440 979; x_wconf 83' lang='lat' dir='ltr'>aurum,</span> <span class='ocrx_word' id='word_1_86' title='bbox 1471 942 1706 984; x_wconf 85' lang='lat' dir='ltr'>argentum,</span> 
     </span>
     <span class='ocr_line' id='line_1_12' title="bbox 272 1008 1703 1069; baseline -0.003 -16"><span class='ocrx_word' id='word_1_87' title='bbox 272 1012 434 1069; x_wconf 82' lang='lat' dir='ltr'>lapides</span> <span class='ocrx_word' id='word_1_88' title='bbox 480 1011 745 1067; x_wconf 87' lang='lat' dir='ltr'>pretiosos:“</span> <span class='ocrx_word' id='word_1_89' title='bbox 802 1010 1015 1066; x_wconf 79' lang='lat' dir='ltr'>triplicem</span> <span class='ocrx_word' id='word_1_90' title='bbox 1067 1012 1287 1052; x_wconf 89' lang='lat' dir='ltr'>bonorum</span> <span class='ocrx_word' id='word_1_91' title='bbox 1337 1008 1530 1050; x_wconf 86' lang='lat' dir='ltr'>indicans</span> <span class='ocrx_word' id='word_1_92' title='bbox 1581 1008 1703 1049; x_wconf 85' lang='lat' dir='ltr'>viam.</span> 
     </span>
     <span class='ocr_line' id='line_1_13' title="bbox 274 1085 1700 1147; baseline -0.006 -15"><span class='ocrx_word' id='word_1_93' title='bbox 274 1088 504 1147; x_wconf 81' lang='lat' dir='ltr'>Subjungit</span> <span class='ocrx_word' id='word_1_94' title='bbox 534 1088 815 1130; x_wconf 85' lang='lat' dir='ltr'>nihilominus</span> <span class='ocrx_word' id='word_1_95' title='bbox 845 1088 1057 1144; x_wconf 80' lang='lat' dir='ltr'>triplicem</span> <span class='ocrx_word' id='word_1_96' title='bbox 1091 1087 1215 1129; x_wconf 86' lang='lat' dir='ltr'>etiam</span> <span class='ocrx_word' id='word_1_97' title='bbox 1246 1088 1476 1135; x_wconf 87' lang='lat' dir='ltr'>malorum,</span> <span class='ocrx_word' id='word_1_98' title='bbox 1507 1102 1604 1126; x_wconf 90' lang='lat' dir='ltr'>cum</span> <span class='ocrx_word' id='word_1_99' title='bbox 1635 1085 1700 1124; x_wconf 84' lang='lat' dir='ltr'>di-</span> 
     </span>
     <span class='ocr_line' id='line_1_14' title="bbox 274 1162 1705 1221; baseline -0.004 -13"><span class='ocrx_word' id='word_1_100' title='bbox 274 1166 350 1208; x_wconf 83' lang='lat' dir='ltr'>cit:</span> <span class='ocrx_word' id='word_1_101' title='bbox 383 1165 599 1220; x_wconf 77' lang='lat' dir='ltr'>,‚ligna,3)</span> <span class='ocrx_word' id='word_1_102' title='bbox 630 1166 821 1216; x_wconf 81' lang='lat' dir='ltr'>foenum,</span> <span class='ocrx_word' id='word_1_103' title='bbox 857 1166 1098 1221; x_wconf 89' lang='lat' dir='ltr'>stipulam.“</span> <span class='ocrx_word' id='word_1_104' title='bbox 1159 1164 1228 1206; x_wconf 84' lang='lat' dir='ltr'>Isti</span> <span class='ocrx_word' id='word_1_105' title='bbox 1259 1180 1357 1216; x_wconf 86' lang='lat' dir='ltr'>ergo</span> <span class='ocrx_word' id='word_1_106' title='bbox 1389 1162 1499 1204; x_wconf 87' lang='lat' dir='ltr'>terni</span> <span class='ocrx_word' id='word_1_107' title='bbox 1528 1173 1705 1203; x_wconf 86' lang='lat' dir='ltr'>statores</span> 
     </span>
     <span class='ocr_line' id='line_1_15' title="bbox 271 1238 1702 1298; baseline -0.004 -14"><span class='ocrx_word' id='word_1_108' title='bbox 271 1256 367 1286; x_wconf 86' lang='lat' dir='ltr'>sunt</span> <span class='ocrx_word' id='word_1_109' title='bbox 400 1243 537 1295; x_wconf 81' lang='lat' dir='ltr'>angeli</span> <span class='ocrx_word' id='word_1_110' title='bbox 566 1259 750 1298; x_wconf 86' lang='lat' dir='ltr'>nequam</span> <span class='ocrx_word' id='word_1_111' title='bbox 784 1244 836 1284; x_wconf 91' lang='lat' dir='ltr'>de</span> <span class='ocrx_word' id='word_1_112' title='bbox 868 1243 1050 1284; x_wconf 76' lang='lat' dir='ltr'>exercitu</span> <span class='ocrx_word' id='word_1_113' title='bbox 1080 1242 1342 1292; x_wconf 81' lang='lat' dir='ltr'>Pharaonis,</span> <span class='ocrx_word' id='word_1_114' title='bbox 1393 1240 1466 1296; x_wconf 89' lang='lat' dir='ltr'>qui</span> <span class='ocrx_word' id='word_1_115' title='bbox 1508 1250 1619 1281; x_wconf 88' lang='lat' dir='ltr'>stant</span> <span class='ocrx_word' id='word_1_116' title='bbox 1658 1238 1702 1278; x_wconf 86' lang='lat' dir='ltr'>in</span> 
     </span>
     <span class='ocr_line' id='line_1_16' title="bbox 273 1319 1702 1377; baseline -0.005 -16"><span class='ocrx_word' id='word_1_117' title='bbox 273 1319 570 1377; x_wconf 84' lang='lat' dir='ltr'>hujuscemodi</span> <span class='ocrx_word' id='word_1_118' title='bbox 603 1319 687 1369; x_wconf 80' lang='lat' dir='ltr'>viis,</span> <span class='ocrx_word' id='word_1_119' title='bbox 721 1321 991 1361; x_wconf 80' lang='lat' dir='ltr'>observantes</span> <span class='ocrx_word' id='word_1_120' title='bbox 1018 1334 1372 1375; x_wconf 84' lang='lat' dir='ltr'>unumquemque</span> <span class='ocrx_word' id='word_1_121' title='bbox 1396 1329 1592 1358; x_wconf 81' lang='lat' dir='ltr'>nostrum</span> <span class='ocrx_word' id='word_1_122' title='bbox 1623 1331 1702 1370; x_wconf 88' lang='lat' dir='ltr'>per</span> 
     </span>
     <span class='ocr_line' id='line_1_17' title="bbox 273 1392 1704 1453; baseline -0.004 -15"><span class='ocrx_word' id='word_1_123' title='bbox 273 1399 375 1439; x_wconf 89' lang='lat' dir='ltr'>haec</span> <span class='ocrx_word' id='word_1_124' title='bbox 406 1398 485 1438; x_wconf 82' lang='lat' dir='ltr'>iter</span> <span class='ocrx_word' id='word_1_125' title='bbox 514 1412 636 1448; x_wconf 78' lang='lat' dir='ltr'>agere</span> <span class='ocrx_word' id='word_1_126' title='bbox 676 1398 721 1437; x_wconf 88' lang='lat' dir='ltr'>in</span> <span class='ocrx_word' id='word_1_127' title='bbox 754 1409 1002 1453; x_wconf 86' lang='lat' dir='ltr'>peccatum,</span> <span class='ocrx_word' id='word_1_128' title='bbox 1045 1413 1150 1452; x_wconf 91' lang='lat' dir='ltr'>quos</span> <span class='ocrx_word' id='word_1_129' title='bbox 1184 1395 1386 1446; x_wconf 80' lang='lat' dir='ltr'>demergit</span> <span class='ocrx_word' id='word_1_130' title='bbox 1416 1394 1629 1434; x_wconf 83' lang='lat' dir='ltr'>Dominus</span> <span class='ocrx_word' id='word_1_131' title='bbox 1660 1392 1704 1432; x_wconf 88' lang='lat' dir='ltr'>in</span> 
     </span>
     <span class='ocr_line' id='line_1_18' title="bbox 271 1471 1702 1530; baseline -0.004 -15"><span class='ocrx_word' id='word_1_132' title='bbox 271 1477 451 1516; x_wconf 87' lang='lat' dir='ltr'>rubrum</span> <span class='ocrx_word' id='word_1_133' title='bbox 482 1490 611 1525; x_wconf 87' lang='lat' dir='ltr'>mare,</span> <span class='ocrx_word' id='word_1_134' title='bbox 645 1485 684 1514; x_wconf 88' lang='lat' dir='ltr'>et</span> <span class='ocrx_word' id='word_1_135' title='bbox 712 1474 848 1526; x_wconf 85' lang='lat' dir='ltr'>ignitis</span> <span class='ocrx_word' id='word_1_136' title='bbox 882 1491 951 1516; x_wconf 89' lang='lat' dir='ltr'>eos</span> <span class='ocrx_word' id='word_1_137' title='bbox 982 1473 1026 1513; x_wconf 84' lang='lat' dir='ltr'>in</span> <span class='ocrx_word' id='word_1_138' title='bbox 1057 1472 1205 1530; x_wconf 87' lang='lat' dir='ltr'>judicii</span> <span class='ocrx_word' id='word_1_139' title='bbox 1236 1473 1304 1513; x_wconf 89' lang='lat' dir='ltr'>die</span> <span class='ocrx_word' id='word_1_140' title='bbox 1327 1471 1524 1511; x_wconf 83' lang='lat' dir='ltr'>fluctibus</span> <span class='ocrx_word' id='word_1_141' title='bbox 1554 1472 1702 1519; x_wconf 72' lang='lat' dir='ltr'>tradet,</span> 
     </span>
     <span class='ocr_line' id='line_1_19' title="bbox 273 1548 1703 1608; baseline -0.005 -14"><span class='ocrx_word' id='word_1_142' title='bbox 273 1570 320 1594; x_wconf 89' lang='lat' dir='ltr'>ac</span> <span class='ocrx_word' id='word_1_143' title='bbox 350 1568 589 1608; x_wconf 79' lang='lat' dir='ltr'>poenarum</span> <span class='ocrx_word' id='word_1_144' title='bbox 621 1553 771 1607; x_wconf 80' lang='lat' dir='ltr'>pelago</span> <span class='ocrx_word' id='word_1_145' title='bbox 803 1563 925 1603; x_wconf 83' lang='lat' dir='ltr'>teget,</span> <span class='ocrx_word' id='word_1_146' title='bbox 956 1552 988 1593; x_wconf 91' lang='lat' dir='ltr'>si</span> <span class='ocrx_word' id='word_1_147' title='bbox 1019 1561 1065 1590; x_wconf 91' lang='lat' dir='ltr'>tu</span> <span class='ocrx_word' id='word_1_148' title='bbox 1084 1550 1226 1590; x_wconf 80' lang='lat' dir='ltr'>Deum</span> <span class='ocrx_word' id='word_1_149' title='bbox 1256 1565 1434 1605; x_wconf 89' lang='lat' dir='ltr'>sequens</span> <span class='ocrx_word' id='word_1_150' title='bbox 1466 1548 1519 1589; x_wconf 90' lang='lat' dir='ltr'>de</span> <span class='ocrx_word' id='word_1_151' title='bbox 1553 1563 1703 1588; x_wconf 90' lang='lat' dir='ltr'>eorum</span> 
     </span>
     <span class='ocr_line' id='line_1_20' title="bbox 270 1627 847 1686; baseline 0 -16"><span class='ocrx_word' id='word_1_152' title='bbox 270 1642 312 1671; x_wconf 91' lang='lat' dir='ltr'>te</span> <span class='ocrx_word' id='word_1_153' title='bbox 342 1640 553 1686; x_wconf 82' lang='lat' dir='ltr'>potestate</span> <span class='ocrx_word' id='word_1_154' title='bbox 582 1627 847 1670; x_wconf 76' lang='lat' dir='ltr'>subtraxeris.</span> 
     </span>
    </p>

    <p class='ocr_par' dir='ltr' id='par_1_3' title="bbox 269 1701 1705 2382">
     <span class='ocr_line' id='line_1_21' title="bbox 390 1701 1704 1761; baseline -0.003 -14"><span class='ocrx_word' id='word_1_155' title='bbox 390 1707 429 1748; x_wconf 88' lang='grc'>4.</span> <span class='ocrx_word' id='word_1_156' title='bbox 458 1706 752 1756; x_wconf 90' lang='lat' dir='ltr'>„Deciderunt</span> <span class='ocrx_word' id='word_1_157' title='bbox 767 1704 812 1761; x_wconf 73' lang='lat'>4)</span> <span class='ocrx_word' id='word_1_158' title='bbox 841 1704 887 1745; x_wconf 84' lang='lat' dir='ltr'>in</span> <span class='ocrx_word' id='word_1_159' title='bbox 916 1705 1184 1760; x_wconf 84' lang='lat' dir='ltr'>profundum</span> <span class='ocrx_word' id='word_1_160' title='bbox 1215 1702 1332 1758; x_wconf 88' lang='lat' dir='ltr'>quasi</span> <span class='ocrx_word' id='word_1_161' title='bbox 1363 1702 1510 1759; x_wconf 88' lang='lat' dir='ltr'>lapis.“</span> <span class='ocrx_word' id='word_1_162' title='bbox 1557 1701 1704 1757; x_wconf 84' lang='lat' dir='ltr'>Quare</span> 
     </span>
     <span class='ocr_line' id='line_1_22' title="bbox 274 1778 1699 1837; baseline -0.003 -13"><span class='ocrx_word' id='word_1_163' title='bbox 274 1784 525 1826; x_wconf 80' lang='lat' dir='ltr'>deciderunt</span> <span class='ocrx_word' id='word_1_164' title='bbox 552 1783 598 1824; x_wconf 87' lang='lat' dir='ltr'>in</span> <span class='ocrx_word' id='word_1_165' title='bbox 626 1783 894 1837; x_wconf 85' lang='lat' dir='ltr'>profundum</span> <span class='ocrx_word' id='word_1_166' title='bbox 925 1793 1128 1836; x_wconf 80' lang='lat' dir='ltr'>tanquam</span> <span class='ocrx_word' id='word_1_167' title='bbox 1152 1778 1290 1835; x_wconf 85' lang='lat' dir='ltr'>lapis?</span> <span class='ocrx_word' id='word_1_168' title='bbox 1321 1779 1434 1834; x_wconf 81' lang='lat' dir='ltr'>Quia</span> <span class='ocrx_word' id='word_1_169' title='bbox 1458 1796 1550 1820; x_wconf 87' lang='lat' dir='ltr'>non</span> <span class='ocrx_word' id='word_1_170' title='bbox 1580 1791 1699 1820; x_wconf 85' lang='lat' dir='ltr'>erant</span> 
     </span>
     <span class='ocr_line' id='line_1_23' title="bbox 270 1857 1705 1915; baseline -0.003 -14"><span class='ocrx_word' id='word_1_171' title='bbox 270 1862 370 1902; x_wconf 87' lang='lat' dir='ltr'>tales</span> <span class='ocrx_word' id='word_1_172' title='bbox 401 1860 573 1915; x_wconf 86' lang='lat' dir='ltr'>lapides,</span> <span class='ocrx_word' id='word_1_173' title='bbox 604 1861 657 1901; x_wconf 85' lang='lat' dir='ltr'>de</span> <span class='ocrx_word' id='word_1_174' title='bbox 687 1858 839 1914; x_wconf 88' lang='lat' dir='ltr'>quibus</span> <span class='ocrx_word' id='word_1_175' title='bbox 869 1857 1058 1900; x_wconf 78' lang='lat' dir='ltr'>suscitari</span> <span class='ocrx_word' id='word_1_176' title='bbox 1097 1868 1271 1914; x_wconf 87' lang='lat' dir='ltr'>possent</span> <span class='ocrx_word' id='word_1_177' title='bbox 1308 1857 1384 1898; x_wconf 82' lang='lat' dir='ltr'>filii</span> <span class='ocrx_word' id='word_1_178' title='bbox 1428 1858 1705 1907; x_wconf 78' lang='lat' dir='ltr'>Abraham03</span> 
     </span>
     <span class='ocr_line' id='line_1_24' title="bbox 270 1934 1703 1993; baseline -0.003 -13"><span class='ocrx_word' id='word_1_179' title='bbox 270 1939 343 1980; x_wconf 88' lang='lat' dir='ltr'>sed</span> <span class='ocrx_word' id='word_1_180' title='bbox 372 1938 486 1987; x_wconf 89' lang='lat' dir='ltr'>tales,</span> <span class='ocrx_word' id='word_1_181' title='bbox 519 1938 592 1993; x_wconf 87' lang='lat' dir='ltr'>qui</span> <span class='ocrx_word' id='word_1_182' title='bbox 622 1946 815 1977; x_wconf 90' lang='lat' dir='ltr'>amarent</span> <span class='ocrx_word' id='word_1_183' title='bbox 843 1936 1136 1991; x_wconf 86' lang='lat' dir='ltr'>profundum,</span> <span class='ocrx_word' id='word_1_184' title='bbox 1167 1946 1207 1975; x_wconf 90' lang='lat' dir='ltr'>et</span> <span class='ocrx_word' id='word_1_185' title='bbox 1239 1934 1448 1990; x_wconf 86' lang='lat' dir='ltr'>liquidum</span> <span class='ocrx_word' id='word_1_186' title='bbox 1480 1934 1703 1985; x_wconf 84' lang='lat' dir='ltr'>diligerent</span> 
     </span>
     <span class='ocr_line' id='line_1_25' title="bbox 272 2013 1699 2070; baseline -0.004 -13"><span class='ocrx_word' id='word_1_187' title='bbox 272 2017 540 2065; x_wconf 86' lang='lat' dir='ltr'>elementum,</span> <span class='ocrx_word' id='word_1_188' title='bbox 570 2015 615 2056; x_wconf 87' lang='lat' dir='ltr'>id</span> <span class='ocrx_word' id='word_1_189' title='bbox 647 2025 719 2064; x_wconf 89' lang='lat' dir='ltr'>est,</span> <span class='ocrx_word' id='word_1_190' title='bbox 750 2013 823 2070; x_wconf 85' lang='lat' dir='ltr'>qui</span> <span class='ocrx_word' id='word_1_191' title='bbox 852 2029 1038 2054; x_wconf 83' lang='lat' dir='ltr'>amaram</span> <span class='ocrx_word' id='word_1_192' title='bbox 1072 2025 1111 2054; x_wconf 91' lang='lat' dir='ltr'>et</span> <span class='ocrx_word' id='word_1_193' title='bbox 1140 2014 1297 2053; x_wconf 81' lang='lat' dir='ltr'>fluxam</span> <span class='ocrx_word' id='word_1_194' title='bbox 1315 2015 1601 2068; x_wconf 86' lang='lat' dir='ltr'>praesentium</span> <span class='ocrx_word' id='word_1_195' title='bbox 1631 2028 1699 2052; x_wconf 90' lang='lat' dir='ltr'>re-</span> 
     </span>
     <span class='ocr_line' id='line_1_26' title="bbox 271 2088 1699 2149; baseline -0.004 -15"><span class='ocrx_word' id='word_1_196' title='bbox 271 2110 367 2134; x_wconf 87' lang='lat' dir='ltr'>rum</span> <span class='ocrx_word' id='word_1_197' title='bbox 398 2103 597 2149; x_wconf 82' lang='lat' dir='ltr'>caperent</span> <span class='ocrx_word' id='word_1_198' title='bbox 625 2091 900 2147; x_wconf 76' lang='lat' dir='ltr'>voluptatem.</span> <span class='ocrx_word' id='word_1_199' title='bbox 985 2090 1116 2131; x_wconf 88' lang='lat' dir='ltr'>Unde</span> <span class='ocrx_word' id='word_1_200' title='bbox 1156 2101 1195 2131; x_wconf 87' lang='lat' dir='ltr'>et</span> <span class='ocrx_word' id='word_1_201' title='bbox 1236 2089 1350 2145; x_wconf 78' lang='lat' dir='ltr'>de5)</span> <span class='ocrx_word' id='word_1_202' title='bbox 1392 2089 1490 2145; x_wconf 88' lang='lat' dir='ltr'>ipsis</span> <span class='ocrx_word' id='word_1_203' title='bbox 1523 2088 1699 2130; x_wconf 85' lang='lat' dir='ltr'>dicitur:</span> 
     </span>
     <span class='ocr_line' id='line_1_27' title="bbox 270 2166 1699 2225; baseline -0.003 -14"><span class='ocrx_word' id='word_1_204' title='bbox 270 2168 539 2225; x_wconf 74' lang='lat' dir='ltr'>„demersi⁶)</span> <span class='ocrx_word' id='word_1_205' title='bbox 578 2180 676 2211; x_wconf 90' lang='lat' dir='ltr'>sunt</span> <span class='ocrx_word' id='word_1_206' title='bbox 712 2181 916 2224; x_wconf 79' lang='lat' dir='ltr'>tanquam</span> <span class='ocrx_word' id='word_1_207' title='bbox 956 2169 1182 2224; x_wconf 84' lang='lat' dir='ltr'>plumbum</span> <span class='ocrx_word' id='word_1_208' title='bbox 1223 2167 1269 2209; x_wconf 87' lang='lat' dir='ltr'>in</span> <span class='ocrx_word' id='word_1_209' title='bbox 1307 2184 1461 2223; x_wconf 89' lang='lat' dir='ltr'>aquam</span> <span class='ocrx_word' id='word_1_210' title='bbox 1493 2166 1699 2208; x_wconf 84' lang='lat' dir='ltr'>validissi-</span> 
     </span>
     <span class='ocr_line' id='line_1_28' title="bbox 270 2244 1698 2301; baseline -0.005 -11"><span class='ocrx_word' id='word_1_211' title='bbox 270 2253 423 2290; x_wconf 87' lang='lat' dir='ltr'>mam.“</span> <span class='ocrx_word' id='word_1_212' title='bbox 480 2247 729 2289; x_wconf 85' lang='lat' dir='ltr'>Peccatores</span> <span class='ocrx_word' id='word_1_213' title='bbox 761 2261 901 2298; x_wconf 86' lang='lat' dir='ltr'>graves</span> <span class='ocrx_word' id='word_1_214' title='bbox 931 2257 1040 2287; x_wconf 92' lang='lat' dir='ltr'>sunt.</span> <span class='ocrx_word' id='word_1_215' title='bbox 1101 2244 1302 2301; x_wconf 88' lang='lat' dir='ltr'>Denique</span> <span class='ocrx_word' id='word_1_216' title='bbox 1334 2257 1372 2286; x_wconf 91' lang='lat' dir='ltr'>et</span> <span class='ocrx_word' id='word_1_217' title='bbox 1400 2244 1596 2300; x_wconf 87' lang='lat' dir='ltr'>iniquitas</span> <span class='ocrx_word' id='word_1_218' title='bbox 1628 2261 1698 2284; x_wconf 78' lang='lat' dir='ltr'>su-</span> 
     </span>
     <span class='ocr_line' id='line_1_29' title="bbox 269 2320 1696 2382; baseline -0.004 -16"><span class='ocrx_word' id='word_1_219' title='bbox 269 2341 349 2382; x_wconf 86' lang='lat' dir='ltr'>per</span> <span class='ocrx_word' id='word_1_220' title='bbox 378 2325 585 2366; x_wconf 86' lang='lat' dir='ltr'>talentum</span> <span class='ocrx_word' id='word_1_221' title='bbox 615 2323 784 2380; x_wconf 88' lang='lat' dir='ltr'>plumbi</span> <span class='ocrx_word' id='word_1_222' title='bbox 828 2325 975 2365; x_wconf 87' lang='lat' dir='ltr'>sedere</span> <span class='ocrx_word' id='word_1_223' title='bbox 1005 2335 1287 2372; x_wconf 90' lang='lat' dir='ltr'>monstratur,</span> <span class='ocrx_word' id='word_1_224' title='bbox 1332 2321 1440 2363; x_wconf 86' lang='lat' dir='ltr'>sicut</span> <span class='ocrx_word' id='word_1_225' title='bbox 1471 2320 1696 2362; x_wconf 86' lang='lat' dir='ltr'>Zacharias</span> 
     </span>
    </p>
   </div>
   <div class='ocr_carea' id='block_1_3' title="bbox 271 2399 1696 2458">
    <p class='ocr_par' dir='ltr' id='par_1_4' title="bbox 271 2399 1696 2458">
     <span class='ocr_line' id='line_1_30' title="bbox 271 2399 1696 2458; baseline -0.003 -15"><span class='ocrx_word' id='word_1_226' title='bbox 271 2402 481 2458; x_wconf 86' lang='lat' dir='ltr'>propheta</span> <span class='ocrx_word' id='word_1_227' title='bbox 512 2401 635 2443; x_wconf 86' lang='lat' dir='ltr'>dicit:</span> <span class='ocrx_word' id='word_1_228' title='bbox 667 2399 855 2456; x_wconf 79' lang='lat' dir='ltr'>‚‚vidi,⁷)</span> <span class='ocrx_word' id='word_1_229' title='bbox 887 2399 1037 2457; x_wconf 84' lang='lat' dir='ltr'>inquit,</span> <span class='ocrx_word' id='word_1_230' title='bbox 1067 2401 1291 2443; x_wconf 87' lang='lat' dir='ltr'>mulierem</span> <span class='ocrx_word' id='word_1_231' title='bbox 1323 2401 1540 2441; x_wconf 89' lang='lat' dir='ltr'>sedentem</span> <span class='ocrx_word' id='word_1_232' title='bbox 1569 2415 1696 2453; x_wconf 81' lang='lat' dir='ltr'>supe-r</span> 
     </span>
    </p>
   </div>
   <div class='ocr_carea' id='block_1_4' title="bbox 385 2603 1654 2940">
    <p class='ocr_par' dir='ltr' id='par_1_5' title="bbox 389 2603 1108 2660">
     <span class='ocr_line' id='line_1_31' title="bbox 389 2603 1108 2660; baseline 0.003 -15"><span class='ocrx_word' id='word_1_233' title='bbox 389 2603 432 2659; x_wconf 77' lang='grc'>1)</span> <span class='ocrx_word' id='word_1_234' title='bbox 471 2604 556 2645; x_wconf 81' lang='lat' dir='ltr'>Cfr.</span> <span class='ocrx_word' id='word_1_235' title='bbox 587 2604 739 2647; x_wconf 83' lang='lat' dir='ltr'>Matth.</span> <span class='ocrx_word' id='word_1_236' title='bbox 771 2604 890 2655; x_wconf 87' lang='lat' dir='ltr'>XIII,</span> <span class='ocrx_word' id='word_1_237' title='bbox 919 2605 959 2648; x_wconf 89' lang='lat'>3.</span> <span class='ocrx_word' id='word_1_238' title='bbox 994 2621 1108 2660; x_wconf 86' lang='lat' dir='ltr'>seqq.</span> 
     </span>
    </p>

    <p class='ocr_par' dir='ltr' id='par_1_6' title="bbox 387 2672 1370 2729">
     <span class='ocr_line' id='line_1_32' title="bbox 387 2672 1370 2729; baseline -0.001 -16"><span class='ocrx_word' id='word_1_239' title='bbox 387 2674 433 2729; x_wconf 82' lang='lat'>²)</span> <span class='ocrx_word' id='word_1_240' title='bbox 463 2674 482 2713; x_wconf 95' lang='lat' dir='ltr'>I</span> <span class='ocrx_word' id='word_1_241' title='bbox 516 2673 616 2714; x_wconf 88' lang='lat' dir='ltr'>Cor.</span> <span class='ocrx_word' id='word_1_242' title='bbox 650 2674 723 2724; x_wconf 90' lang='lat' dir='ltr'>III,</span> <span class='ocrx_word' id='word_1_243' title='bbox 754 2676 819 2718; x_wconf 81' lang='grc'>12,</span> <span class='ocrx_word' id='word_1_244' title='bbox 936 2674 982 2729; x_wconf 82' lang='lat'>3)</span> <span class='ocrx_word' id='word_1_245' title='bbox 1014 2675 1031 2714; x_wconf 96' lang='lat' dir='ltr'>I</span> <span class='ocrx_word' id='word_1_246' title='bbox 1065 2675 1165 2716; x_wconf 88' lang='lat' dir='ltr'>Cor.</span> <span class='ocrx_word' id='word_1_247' title='bbox 1200 2672 1275 2724; x_wconf 85' lang='lat' dir='ltr'>Ill,</span> <span class='ocrx_word' id='word_1_248' title='bbox 1306 2674 1370 2715; x_wconf 82' lang='lat'>12.</span> 
     </span>
    </p>

    <p class='ocr_par' dir='ltr' id='par_1_7' title="bbox 388 2740 1540 2801">
     <span class='ocr_line' id='line_1_33' title="bbox 388 2740 1540 2801; baseline -0.001 -18"><span class='ocrx_word' id='word_1_249' title='bbox 388 2743 434 2798; x_wconf 82' lang='lat'>4)</span> <span class='ocrx_word' id='word_1_250' title='bbox 464 2743 591 2784; x_wconf 88' lang='lat' dir='ltr'>Prov.</span> <span class='ocrx_word' id='word_1_251' title='bbox 622 2744 717 2793; x_wconf 89' lang='lat' dir='ltr'>XV,</span> <span class='ocrx_word' id='word_1_252' title='bbox 748 2746 785 2786; x_wconf 86' lang='lat'>5.</span> <span class='ocrx_word' id='word_1_253' title='bbox 838 2744 844 2751; x_wconf 85' lang='grc'><strong>’</strong></span> <span class='ocrx_word' id='word_1_254' title='bbox 905 2745 951 2801; x_wconf 86' lang='lat'>⁵)</span> <span class='ocrx_word' id='word_1_255' title='bbox 979 2745 1112 2786; x_wconf 90' lang='lat' dir='ltr'>Deest</span> <span class='ocrx_word' id='word_1_256' title='bbox 1143 2745 1247 2795; x_wconf 89' lang='lat' dir='ltr'>„de“</span> <span class='ocrx_word' id='word_1_257' title='bbox 1277 2744 1321 2784; x_wconf 90' lang='lat' dir='ltr'>in</span> <span class='ocrx_word' id='word_1_258' title='bbox 1354 2743 1450 2784; x_wconf 84' lang='lat' dir='ltr'>edd.</span> <span class='ocrx_word' id='word_1_259' title='bbox 1479 2740 1540 2781; x_wconf 82' lang='lat' dir='ltr'>M.</span> 
     </span>
    </p>

    <p class='ocr_par' dir='ltr' id='par_1_8' title="bbox 385 2813 823 2868">
     <span class='ocr_line' id='line_1_34' title="bbox 385 2813 823 2868; baseline 0.007 -15"><span class='ocrx_word' id='word_1_260' title='bbox 385 2813 432 2868; x_wconf 80' lang='grc'>6)</span> <span class='ocrx_word' id='word_1_261' title='bbox 462 2813 599 2853; x_wconf 84' lang='lat' dir='ltr'>Exod.</span> <span class='ocrx_word' id='word_1_262' title='bbox 630 2814 725 2864; x_wconf 76' lang='lat' dir='ltr'>XV,</span> <span class='ocrx_word' id='word_1_263' title='bbox 756 2816 823 2858; x_wconf 89' lang='grc'>10.</span> 
     </span>
    </p>

    <p class='ocr_par' dir='ltr' id='par_1_9' title="bbox 386 2881 1654 2940">
     <span class='ocr_line' id='line_1_35' title="bbox 386 2881 1654 2940; baseline -0.003 -15"><span class='ocrx_word' id='word_1_264' title='bbox 386 2884 433 2940; x_wconf 74' lang='lat'>2)</span> <span class='ocrx_word' id='word_1_265' title='bbox 464 2883 553 2927; x_wconf 79' lang='lat' dir='ltr'>Cfr.</span> <span class='ocrx_word' id='word_1_266' title='bbox 584 2884 763 2927; x_wconf 80' lang='lat' dir='ltr'>zachar.</span> <span class='ocrx_word' id='word_1_267' title='bbox 796 2885 846 2936; x_wconf 87' lang='lat' dir='ltr'>V,</span> <span class='ocrx_word' id='word_1_268' title='bbox 876 2886 913 2928; x_wconf 84' lang='lat'>7.</span> <span class='ocrx_word' id='word_1_269' title='bbox 945 2885 1040 2927; x_wconf 92' lang='lat' dir='ltr'>coll.</span> <span class='ocrx_word' id='word_1_270' title='bbox 1071 2884 1202 2927; x_wconf 89' lang='lat' dir='ltr'>LXX.</span> <span class='ocrx_word' id='word_1_271' title='bbox 1231 2882 1422 2926; x_wconf 85' lang='lat' dir='ltr'>virorum</span> <span class='ocrx_word' id='word_1_272' title='bbox 1452 2881 1654 2924; x_wconf 83' lang='lat' dir='ltr'>versione.</span> 
     </span>
    </p>
   </div>
  </div>
 </body>
</html>
