1752 3136
258 145 316 190 84
860 143 1089 189 Omenms

263 269 304 299 et
331 257 563 314 Apostolus
596 255 715 299 dicit:
747 256 973 308 „divitibus
991 256 1035 314 ¹)
1068 267 1209 299 autem
1229 255 1356 315 hujus
1377 257 1534 300 saeculi
1563 275 1688 315 prae·
1714 258 1728 315 ν’

262 335 360 391 cipe
386 351 478 375 non
509 336 692 390 superbe
719 351 889 391 sapere,
928 351 1070 391 neque
1107 352 1278 391 sperare
1306 335 1352 376 in
1381 336 1545 377 incerto
1582 336 1718 397 diff&

262 411 434 460 fiarum,
462 413 537 453 sed
569 410 715 453 divites
748 412 829 453 sint
858 411 902 452 in
935 403 1135 468 operib⁴us
1165 412 1303 462 bonis,
1333 413 1458 455 facile
1486 413 1709 464 tribuant,

262 488 593 538 communicent,
624 501 663 531 et
692 489 974 531 thesaurizent
1003 490 1083 531 sibi
1112 506 1252 531 veram
1284 490 1452 531 vitam.“
1512 489 1596 530 Sed
1624 488 1718 544 dis*

262 566 318 608 cit
349 565 520 621 aliquis:
573 565 619 607 Si
659 583 816 607 manna
857 567 1033 607 verbum
1066 566 1148 607 Dei
1181 584 1263 609 csse
1296 567 1418 616 dicis,
1463 557 1716 622 quomodo*

260 660 423 684 vermes
454 641 581 684 facit?
638 643 726 683 Nec
757 644 929 684 aliunde
958 643 1067 683 fiunt
1096 660 1257 685 vermes
1288 645 1332 685 in
1362 644 1500 693 nobis,
1531 644 1611 685 nisi
1642 660 1715 697 ext

259 722 391 761 verbo
422 719 521 761 Dei.
583 718 652 760 Sic
685 719 797 760 enim
830 719 930 760 dicit
958 719 1068 774 ipse:
1099 721 1268 774 ‚‚nisi²)
1297 721 1524 769 venissem,
1555 730 1594 760 ct
1623 713 1716 760 10—-v

264 810 382 839 cutus
412 796 460 837 iis
490 795 686 844 fuissem,
723 807 946 851 peccatum
977 811 1067 835 non
1098 796 1345 836 haberent.“
1411 797 1515 838 Post
1550 786 1711 838 susce-⁴

261 885 385 929 ptum
416 888 515 924 ergo
545 874 723 913 verbum
755 873 839 914 Dei
868 871 901 914 si
933 871 1024 927 quis
1050 871 1269 928 peccat,3)
1302 873 1481 914 efficitur
1499 873 1533 915 ei
1551 873 1690 929 ipsum

263 952 442 992 verbum
476 950 650 1000 vermis,
697 949 770 1006 qui
801 947 888 1006 ejus
920 964 1090 1005 semper
1118 948 1420 991 conscientiam
1453 951 1610 1001 fodiat,
1654 961 1711 991 et.

266 1044 419 1068 arcana
449 1025 632 1083 pectoris
662 1026 750 1084 ejus
780 1027 918 1068 rodat.
1710 1084 1712 1095 γ

379 1106 416 1147 ’7.
449 1105 535 1146 Sed
566 1104 668 1160 quid
699 1121 777 1145 nos
809 1104 949 1144 adhue
979 1103 1159 1159 amplius
1178 1105 1303 1145 docet
1330 1121 1470 1147 sermo
1498 1103 1712 1158 divinus?-

267 1182 348 1233 ,‚Et
364 1181 409 1238 ⁴²)
441 1184 494 1224 ad
522 1198 753 1237 vesperam,
782 1181 933 1237 inquit,
963 1182 1113 1232 scietis,
1146 1181 1244 1238 quia
1287 1199 1364 1235 ego
1409 1200 1501 1224 sum
1534 1182 1714 1223 Domi-

263 1277 365 1309 nus,
403 1275 531 1300 mane
569 1270 709 1300 autem
739 1258 932 1300 videbitis
969 1256 1228 1315 majestatem
1268 1259 1487 1301 Domini.“
1555 1259 1611 1300 Et
1641 1236 1712 1327 dei

264 1338 349 1377 hoc
378 1335 504 1377 velim
535 1335 641 1376 mihi
671 1334 826 1376 Judaei
857 1337 1179 1390 responderent,
1213 1338 1437 1392 quomodo
1463 1338 1515 1378 ad
1548 1337 1712 1404 vespe-'5>

265 1430 356 1454 ram
397 1413 641 1466 agnoscitur
670 1410 911 1462 Dominus,
948 1428 1074 1453 mane
1114 1425 1256 1455 autem
1295 1414 1461 1455 videtur
1499 1413 1710 1479 majestas¹

264 1490 363 1549 ejus.
421 1489 511 1531 Ubi
540 1487 756 1531 Dominus
787 1489 948 1541 agnitus
981 1500 1041 1530 est
1071 1492 1124 1531 ad
1151 1507 1381 1546 vesperam,
1416 1502 1454 1531 et
1485 1489 1572 1548 ejus
1601 1507 1711 1549 mass,
1751 1536 1752 1539 Ἰ

260 1567 384 1625 jestas
414 1566 499 1608 visa
532 1578 590 1608 est
618 1564 775 1619 mane?
819 1565 1096 1622 Respondete
1124 1567 1249 1609 nobis
1279 1569 1351 1623 qui
1383 1567 1610 1610 erudimini
1640 1570 1693 1609 ab

263 1644 444 1686 infantia
473 1661 609 1701 usque
649 1644 703 1685 ad
739 1655 998 1686 senectutem
1035 1660 1203 1700 semper
1235 1646 1466 1694 discentes,
1513 1657 1552 1686 et
1580 1662 1694 1685 nun-

266 1738 396 1777 quam
426 1723 481 1763 ad
509 1721 726 1763 scientiam
758 1720 940 1762 veritatis
973 1721 1290 1776 pervenientes:
1333 1722 1478 1777 Quare
1507 1739 1598 1763 non
1626 1722 1707 1780 inf,

263 1798 445 1850 telligitis
475 1799 579 1840 haec
608 1797 862 1854 prophetice
892 1796 1008 1838 dici?
1070 1798 1157 1839 Sed
1186 1798 1219 1840 si
1248 1798 1307 1841 vis
1336 1798 1412 1858 ista
1442 1798 1707 1850 intelligere,'

263 1892 354 1917 non
384 1887 506 1931 potes
536 1874 616 1918 nisi
644 1892 722 1932 per
750 1874 1043 1927 Evangelium.
1090 1873 1156 1915 Ibi
1174 1891 1361 1932 namque
1383 1874 1570 1937 invenies
1587 1875 1691 1917 scri-
1745 1878 1752 1945 ³⁴

264 1965 410 2009 ptum,
457 1952 556 2009 quia
594 1951 856 2008 „vespere⁵)
887 1950 1070 2000 sabbati,
1110 1969 1218 2007 quae
1260 1953 1432 1994 lucescit
1468 1953 1512 1994 in
1553 1953 1707 2008 prima:
1745 2000 1752 2013 ἶ

262 2029 439 2079 sabbati,
469 2028 584 2070 venit
611 2029 751 2070 Maria
781 2027 1058 2080 Magdalene,
1106 2040 1145 2070 et
1187 2029 1327 2070 Maria
1357 2029 1513 2071 Jacobi
1542 2032 1596 2071 a‘d
1626 2016 1704 2088 se-A·

261 2108 480 2164 pulcrum,
513 2118 554 2148 et
582 2109 834 2149 invenerunt
854 2105 1040 2162 lapidem
1059 2107 1300 2149 revolutum
1320 2125 1342 2149 a
1366 2088 1695 2149 monu'mentof‘
1742 2088 1752 2164 ἶ

262 2183 330 2226 Ibi
369 2183 512 2226 audies
549 2196 685 2225 terrae
731 2195 894 2225 motum
936 2184 1121 2235 factum,
1165 2197 1445 2226 monumenta
1487 2183 1704 2242 disrupta,
1741 2173 1752 2255 Ξ

264 2261 561 2303 centurionem
593 2274 632 2315 et
661 2262 828 2313 milites,
861 2260 933 2317 qui
964 2261 1019 2301 ad
1051 2262 1287 2304 custodiam
1315 2262 1592 2318 posiderunt,
1625 2263 1693 2304 di-

265 2353 429 2382 centes:
459 2338 645 2396 „vcre⁶)
681 2340 750 2381 hic
787 2338 897 2381 filius
937 2338 1019 2379 Dei
1067 2344 1194 2379 crat.“
1279 2339 1457 2392 Agnitus
1497 2355 1597 2392 crgo
1629 2351 1690 2381 est
1741 2349 1752 2357 “

263 2432 342 2472 per
379 2416 483 2457 haec
522 2416 566 2457 in
610 2432 784 2472 vespera
821 2414 1059 2466 Dominus,
1103 2415 1201 2471 quia
1232 2415 1330 2472 ipse
1367 2415 1585 2457 Dominus
1629 2427 1689 2458 est

383 2554 429 2610 ¹)
461 2554 548 2596 Cfr.
579 2555 600 2595 I
630 2554 742 2597 Tim.
773 2555 847 2606 VI,
878 2556 944 2598 17.
977 2554 1044 2599 18.
1075 2555 1139 2598 19.
1172 2555 1266 2597 coll.
1299 2555 1392 2597 edd.
1423 2556 1475 2596 N.
1510 2554 1560 2597 T.
1693 2581 1699 2602 .-

377 2625 425 2680 2)
457 2625 533 2666 Ev.
563 2620 726 2668 Joann.
752 2625 848 2675 XV,
880 2627 948 2668 22.
1078 2625 1124 2680 3)
1153 2625 1266 2665 Edd.
1295 2624 1495 2665 Merlini:
1527 2638 1684 2680 peccet.

377 2694 424 2750 ¹²)
457 2694 546 2737 Cfr.
575 2695 711 2736 Exod.
732 2695 849 2744 XVI,
865 2695 901 2737 6.
928 2696 965 2737 7.
988 2696 1086 2737 coll.
1111 2695 1243 2735 LXX.
1268 2693 1458 2735 virorum
1481 2695 1686 2737 versione.

376 2764 423 2817 ⁵)
455 2764 544 2806 Cfr.
572 2764 726 2810 Matth.
753 2765 965 2818 XXVIII,
996 2767 1033 2810 1.
1064 2766 1161 2810 coll.
1191 2764 1327 2808 Marc.
1355 2764 1473 2818 XVI,
1504 2766 1545 2808 1.
1572 2767 1613 2810 2.
1633 2763 1688 2808 ἒξ

257 2822 359 2866 Luc.
388 2820 551 2874 XXIV,
579 2826 620 2866 2.
652 2836 658 2841 ”

376 2890 424 2948 ⁶)
453 2891 607 2954 matth.
636 2890 818 2942 xxvn,
846 2891 912 2935 54.
