1752 3136
248 121 304 165 76
849 120 1070 164 Omessms

247 249 338 276 non
369 232 572 275 inducam
599 247 728 289 super
757 244 810 274 te.
851 233 946 287 Ego
979 233 1091 275 enim
1123 249 1218 276 sum
1248 231 1464 276 Dominus
1492 233 1610 278 Deus
1630 235 1673 292 ¹)

246 322 358 359 tuus,
389 309 462 366 qui
484 326 588 351 sano
611 314 692 350 te.“
735 309 915 351 Videtur
931 310 1048 360 mihi,
1080 328 1165 367 quo
1183 322 1409 368 prospectu
1442 313 1564 353 datae
1592 312 1676 353 sint

245 386 580 444 justificationes,
612 399 651 429 ct
680 384 838 443 judicia
869 399 909 428 ct
937 387 1175 430 testimonia
1204 388 1333 442 legis,
1365 404 1596 444 exponere:
1628 400 1674 430 ut

246 476 445 513 tentaret,
474 463 624 520 inquit,
656 480 727 506 eos
756 464 895 514 Deus,
925 463 959 506 si
989 465 1186 506 audirent
1216 481 1364 507 vocem
1395 464 1591 515 Domini,
1622 476 1676 515 et,

247 558 359 598 quae
388 543 716 592 mandabantur,
747 540 1023 584 custodirent.
1092 544 1200 584 Nam
1234 554 1438 600 quantum
1471 542 1524 584 ad
1555 541 1674 598 prio-

245 635 340 662 rem
369 621 581 676 populum
613 630 785 675 spectat,
817 619 918 674 quid
949 618 996 661 iis
1027 619 1144 670 boni,
1171 632 1242 662 aut
1259 621 1450 676 perfecti,
1480 636 1674 661 murmu-

245 697 437 739 rantibus
469 708 508 738 et
539 694 927 738 contradicentibus
956 696 1262 738 mandaretur?
1291 696 1491 752 Denique
1519 696 1674 752 paulo-

243 785 345 831 post
377 773 501 815 etiam
533 774 586 813 ad
617 772 733 813 idola
765 784 1092 823 convertuntur,
1132 784 1171 814 et
1211 773 1335 818 obliti
1361 774 1673 815 beneficiorum

246 863 289 892 et
317 849 578 891 mirabilium
610 847 694 890 Dei
730 860 858 906 caput
889 848 1007 890 vituli
1037 860 1236 890 statuunt.
1302 850 1536 906 Propterea
1572 865 1672 902 ergo

251 929 409 969 dantur
440 927 489 969 iis
518 938 757 983 praecepta,
789 926 833 967 in
865 925 1017 981 quibus
1046 937 1275 968 tententur.
1322 927 1428 969 Inde
1453 938 1524 977 est,
1554 926 1674 982 quod

246 1015 288 1046 et
316 1021 395 1061 per
423 1004 686 1046 Ezechielem
715 1004 975 1060 prophetam
1007 1003 1109 1045 dicit
1133 1004 1349 1046 Dominus
1375 1005 1428 1046 ad
1460 1021 1544 1053 eos,
1575 1002 1675 1059 quia

247 1081 438 1139 ‚,dedi2)
467 1081 588 1123 vobis
618 1094 858 1138 praecepta,
890 1094 929 1123 et
960 1078 1278 1138 justificationes
1321 1099 1413 1123 non
1443 1083 1598 1131 bonas,
1629 1079 1674 1121 in
1732 1092 1735 1095 ’

249 1159 403 1214 quibus
442 1175 532 1200 non
576 1158 714 1200 vivetis
744 1157 787 1199 in
829 1157 919 1200 iis.“
991 1157 1161 1199 Tentati
1203 1158 1314 1200 enim
1355 1159 1400 1200 in
1439 1158 1673 1214 praeceptIs

215 1246 218 1247 ’
242 1235 427 1280 Domini
461 1253 552 1277 non
584 1235 855 1277 inveniuntur
884 1235 1042 1276 fideles.
1089 1231 1193 1277 Ideo
1221 1237 1333 1278 enim
1364 1236 1607 1286 „inventum
1626 1235 1672 1291 3)

245 1325 306 1356 est
335 1313 385 1356 iis
418 1315 680 1362 mandatum,
714 1314 835 1368 quod
865 1324 954 1354 erat
987 1314 1041 1353 ad
1071 1312 1211 1363 vitam,
1240 1315 1324 1354 hoc
1356 1329 1441 1354 esse
1472 1315 1524 1355 ad
1556 1329 1672 1354 mor-

243 1395 382 1433 tem:“
414 1391 511 1448 quia
532 1408 665 1433 unum
689 1402 814 1446 atque
840 1391 954 1432 idem
979 1391 1232 1432 mandatum
1250 1391 1283 1434 si
1299 1402 1499 1441 servetur,
1528 1390 1670 1440 vitam,

242 1468 396 1510 sinon
427 1481 634 1518 servetur,
673 1479 844 1519 generat
882 1480 1077 1511 mortem.
1148 1468 1395 1510 Secundum
1437 1469 1523 1508 hoc
1555 1484 1669 1519 ergo,

245 1547 365 1602 quod
394 1563 486 1586 non
514 1546 775 1587 servantibus
806 1556 977 1597 generat
1005 1556 1203 1595 mortem,
1237 1546 1439 1587 dicuntur
1467 1547 1670 1586 mandata

243 1640 337 1665 non
366 1624 497 1674 bona,
527 1622 571 1663 in
589 1622 634 1678 4)
666 1621 819 1679 quibus
849 1639 940 1663 non
971 1622 1110 1664 vivant
1140 1623 1184 1664 in
1214 1621 1276 1664 iis.
1346 1623 1432 1664 Sed
1464 1622 1562 1679 quia
1593 1624 1668 1664 ad-

241 1700 412 1742 miscuit
439 1701 488 1742 iis
517 1700 680 1752 lignum
710 1698 843 1740 crucis
877 1697 1057 1751 Christi,
1097 1712 1136 1741 et
1172 1699 1216 1740 in
1249 1700 1521 1742 dulcedinem
1552 1716 1669 1742 versa

242 1790 352 1827 sunt,
384 1789 423 1819 et
454 1776 726 1832 spiritualiter
748 1775 968 1819 ,intellecta
999 1788 1232 1826 servantur,
1263 1779 1411 1819 eadem
1433 1777 1522 1834 ipsa
1545 1794 1670 1818 man-

242 1857 340 1898 data
369 1854 477 1896 vitae
507 1855 794 1910 appellantur:
824 1852 933 1895 sicut
964 1865 1005 1894 et
1035 1854 1136 1895 alibi
1166 1853 1291 1895 dicit:
1323 1854 1513 1910 ,‚audi5)
1543 1853 1670 1896 lsrael

240 1934 442 1973 mandata
470 1931 620 1973 vitae.“
688 1931 774 1972 Sed
803 1929 1043 1981 videamus,
1084 1931 1186 1987 quid
1229 1931 1278 1972 iis
1307 1931 1595 1988 promittitur,
1633 1931 1669 1974 si

240 2021 468 2053 serventur.
528 2007 671 2063 ‚,Si,⁶)
702 2008 853 2063 inquit,
885 2008 1143 2049 servaveritis
1172 2018 1398 2063 praecepta
1427 2023 1546 2059 mea,
1576 2025 1669 2049 non

240 2088 444 2129 inducam
474 2103 603 2142 super
630 2102 704 2126 vos
735 2100 883 2126 omnes
914 2085 1216 2137 aegritudines,
1257 2101 1361 2140 quas
1396 2083 1544 2126 induxi
1583 2085 1671 2126 Ae-

242 2165 433 2224 gyptiis.“
491 2163 609 2217 Quid
655 2179 752 2215 ergo
783 2161 950 2203 videtur
981 2162 1149 2205 dicere?
1191 2162 1224 2204 si
1257 2161 1348 2218 quis
1379 2173 1513 2203 servet
1545 2178 1668 2202 man-

244 2245 353 2292 data,
383 2241 546 2282 nullam
564 2239 870 2293 aegritudinem
889 2238 1105 2296 patiatur?
1134 2242 1218 2280 hoc
1238 2236 1311 2289 est,
1341 2255 1482 2294 neque
1500 2238 1667 2289 sebi-iat,

241 2336 383 2375 neque
413 2320 518 2360 alios
550 2318 722 2359 dolores
755 2318 947 2374 corporis
986 2315 1125 2358 ferat?
1179 2317 1334 2371 >Neque
1372 2327 1502 2372 puto,
1545 2317 1665 2371 quod

240 2398 346 2439 haec
376 2397 472 2449 sint,
504 2412 613 2452 quae
640 2381 946 2451 promittantur
977 2394 1119 2435 divina
1163 2396 1362 2436 mandata
1391 2392 1664 2435 servantibus.

362 2536 405 2591 ¹)
435 2536 715 2578 Desideratur
744 2535 915 2584 ‚,Deus“
943 2534 988 2575 in
1020 2535 1116 2577 edd.
1147 2533 1208 2575 M.

359 2607 406 2661 2)
436 2607 590 2647 Ezech.
620 2606 719 2656 XX,
748 2607 815 2648 25.
839 2632 890 2638 --
909 2606 1021 2647 Edd.
1043 2603 1219 2646 Mer-lini
1247 2619 1502 2659 perperam:
1533 2601 1661 2644 dedit.

356 2677 403 2732 3)
437 2676 523 2718 Cfr.
552 2677 679 2718 Rom.
713 2677 804 2727 VH,
834 2679 900 2718 10.

355 2747 404 2846 ἒ)
437 2747 551 2789 Alias
580 2748 638 2803 (v.
671 2764 704 2788 c.
734 2747 779 2789 in
809 2748 904 2789 edd.
935 2746 1042 2802 M.):
1080 2745 1151 2797 ,‚in
1182 2745 1334 2801 quibus
1364 2760 1455 2787 non
1485 2743 1593 2785 vivat
1621 2741 1665 2784 in

241 2807 326 2852 iis.“
398 2836 406 2845 ·

360 2874 618 2943 Ξ’λΒτιτιιεΙι
649 2873 722 2925 111,
754 2873 794 2917 9.
914 2871 960 2928 6>
992 2873 1127 2916 Exod.
1160 2871 1253 2923 xv,
1282 2871 1349 2915 26.
