<?xml version="1.0" encoding="UTF-8"?>
<!DOCTYPE html PUBLIC "-//W3C//DTD XHTML 1.0 Transitional//EN"
    "http://www.w3.org/TR/xhtml1/DTD/xhtml1-transitional.dtd">
<html xmlns="http://www.w3.org/1999/xhtml" xml:lang="en" lang="en">
 <head>
  <title>
</title>
<meta http-equiv="Content-Type" content="text/html;charset=utf-8" />
  <meta name='ocr-system' content='tesseract 3.04.00' />
  <meta name='ocr-capabilities' content='ocr_page ocr_carea ocr_par ocr_line ocrx_word'/>
</head>
<body>
  <div class='ocr_page' id='page_1' title='image "./operaomniaquaegr09orig_0131.png"; bbox 0 0 1752 3136; ppageno 0'>
   <div class='ocr_carea' id='block_1_1' title="bbox 475 109 1496 154">
    <p class='ocr_par' dir='ltr' id='par_1_1' title="bbox 475 109 1496 154">
     <span class='ocr_line' id='line_1_1' title="bbox 475 109 1496 154; baseline -0.001 -2"><span class='ocrx_word' id='word_1_1' title='bbox 475 125 517 153; x_wconf 71' lang='lat' dir='ltr'><strong>m</strong></span> <span class='ocrx_word' id='word_1_2' title='bbox 550 111 749 152; x_wconf 75' lang='lat' dir='ltr'><strong>Exonum</strong></span> <span class='ocrx_word' id='word_1_3' title='bbox 779 110 981 151; x_wconf 72' lang='lat' dir='ltr'><strong>Honmm</strong></span> <span class='ocrx_word' id='word_1_4' title='bbox 1002 109 1076 150; x_wconf 85' lang='lat' dir='ltr'><strong>IX.</strong></span> <span class='ocrx_word' id='word_1_5' title='bbox 1413 110 1496 154; x_wconf 82' lang='lat'><strong>119</strong></span> 
     </span>
    </p>
   </div>
   <div class='ocr_carea' id='block_1_2' title="bbox 83 200 1495 279">
    <p class='ocr_par' dir='ltr' id='par_1_2' title="bbox 83 200 1495 279">
     <span class='ocr_line' id='line_1_2' title="bbox 83 200 1495 279; baseline -0.004 -13"><span class='ocrx_word' id='word_1_6' title='bbox 83 238 121 266; x_wconf 86' lang='lat' dir='ltr'><strong>et</strong></span> <span class='ocrx_word' id='word_1_7' title='bbox 141 226 182 279; x_wconf 84' lang='lat'><strong>¹)</strong></span> <span class='ocrx_word' id='word_1_8' title='bbox 210 227 251 267; x_wconf 86' lang='lat' dir='ltr'><strong>iu</strong></span> <span class='ocrx_word' id='word_1_9' title='bbox 283 237 422 268; x_wconf 82' lang='lat' dir='ltr'><strong>sancta</strong></span> <span class='ocrx_word' id='word_1_10' title='bbox 453 200 718 265; x_wconf 45' lang='lat' dir='ltr'><strong>sanctornm:</strong></span> <span class='ocrx_word' id='word_1_11' title='bbox 750 233 797 261; x_wconf 89' lang='lat' dir='ltr'><strong>ut</strong></span> <span class='ocrx_word' id='word_1_12' title='bbox 825 220 958 276; x_wconf 87' lang='lat' dir='ltr'><strong>possit</strong></span> <span class='ocrx_word' id='word_1_13' title='bbox 987 219 1104 261; x_wconf 82' lang='lat' dir='ltr'><strong>adire</strong></span> <span class='ocrx_word' id='word_1_14' title='bbox 1133 219 1495 275; x_wconf 79' lang='lat' dir='ltr'><strong>propitiatorium,</strong></span> 
     </span>
    </p>
   </div>
   <div class='ocr_carea' id='block_1_3' title="bbox 80 295 1526 2433">
    <p class='ocr_par' dir='ltr' id='par_1_3' title="bbox 80 295 1526 2433">
     <span class='ocr_line' id='line_1_3' title="bbox 80 295 1498 353; baseline -0.004 -10"><span class='ocrx_word' id='word_1_15' title='bbox 80 304 154 345; x_wconf 90' lang='lat' dir='ltr'><strong>ubi</strong></span> <span class='ocrx_word' id='word_1_16' title='bbox 184 301 282 344; x_wconf 86' lang='lat' dir='ltr'><strong>sunt</strong></span> <span class='ocrx_word' id='word_1_17' title='bbox 314 301 565 349; x_wconf 78' lang='lat' dir='ltr'>Cherubim,</span> <span class='ocrx_word' id='word_1_18' title='bbox 614 311 652 340; x_wconf 85' lang='lat' dir='ltr'><strong>et</strong></span> <span class='ocrx_word' id='word_1_19' title='bbox 693 299 794 339; x_wconf 83' lang='lat' dir='ltr'><strong>inde</strong></span> <span class='ocrx_word' id='word_1_20' title='bbox 832 307 1035 353; x_wconf 78' lang='lat' dir='ltr'><strong>appareat</strong></span> <span class='ocrx_word' id='word_1_21' title='bbox 1075 295 1112 337; x_wconf 89' lang='lat' dir='ltr'><strong>ei</strong></span> <span class='ocrx_word' id='word_1_22' title='bbox 1140 298 1273 338; x_wconf 85' lang='lat' dir='ltr'><strong>Deus.</strong></span> <span class='ocrx_word' id='word_1_23' title='bbox 1341 295 1498 337; x_wconf 86' lang='lat' dir='ltr'><strong>Sancta</strong></span> 
     </span>
     <span class='ocr_line' id='line_1_4' title="bbox 81 373 1498 435; baseline -0.005 -14"><span class='ocrx_word' id='word_1_24' title='bbox 81 391 257 435; x_wconf 89' lang='lat' dir='ltr'><strong>possunt</strong></span> <span class='ocrx_word' id='word_1_25' title='bbox 287 395 371 420; x_wconf 82' lang='lat' dir='ltr'><strong>esse</strong></span> <span class='ocrx_word' id='word_1_26' title='bbox 400 394 459 427; x_wconf 86' lang='lat' dir='ltr'><strong>ea,</strong></span> <span class='ocrx_word' id='word_1_27' title='bbox 492 393 600 432; x_wconf 83' lang='lat' dir='ltr'><strong>quae</strong></span> <span class='ocrx_word' id='word_1_28' title='bbox 627 375 671 416; x_wconf 86' lang='lat' dir='ltr'><strong>in</strong></span> <span class='ocrx_word' id='word_1_29' title='bbox 701 373 911 431; x_wconf 75' lang='lat' dir='ltr'><strong>praesenti</strong></span> <span class='ocrx_word' id='word_1_30' title='bbox 948 373 1117 416; x_wconf 79' lang='lat' dir='ltr'><strong>saeculo</strong></span> <span class='ocrx_word' id='word_1_31' title='bbox 1156 373 1315 414; x_wconf 82' lang='lat' dir='ltr'><strong>habere</strong></span> <span class='ocrx_word' id='word_1_32' title='bbox 1355 384 1498 414; x_wconf 82' lang='lat' dir='ltr'><strong>sancta</strong></span> 
     </span>
     <span class='ocr_line' id='line_1_5' title="bbox 83 450 1499 510; baseline -0.004 -14"><span class='ocrx_word' id='word_1_33' title='bbox 83 456 342 499; x_wconf 79' lang='lat' dir='ltr'><strong>conversatio</strong></span> <span class='ocrx_word' id='word_1_34' title='bbox 373 465 520 510; x_wconf 86' lang='lat' dir='ltr'><strong>potest.</strong></span> <span class='ocrx_word' id='word_1_35' title='bbox 579 454 732 495; x_wconf 83' lang='lat' dir='ltr'><strong>Sancta</strong></span> <span class='ocrx_word' id='word_1_36' title='bbox 762 469 862 493; x_wconf 83' lang='lat' dir='ltr'><strong>vero</strong></span> <span class='ocrx_word' id='word_1_37' title='bbox 892 463 1162 500; x_wconf 89' lang='lat' dir='ltr'><strong>sanctorum,</strong></span> <span class='ocrx_word' id='word_1_38' title='bbox 1203 450 1248 492; x_wconf 89' lang='lat' dir='ltr'><strong>in</strong></span> <span class='ocrx_word' id='word_1_39' title='bbox 1295 465 1404 506; x_wconf 84' lang='lat' dir='ltr'><strong>quae</strong></span> <span class='ocrx_word' id='word_1_40' title='bbox 1433 466 1499 491; x_wconf 87' lang='lat' dir='ltr'><strong>se-</strong></span> 
     </span>
     <span class='ocr_line' id='line_1_6' title="bbox 83 527 1499 582; baseline -0.004 -8"><span class='ocrx_word' id='word_1_41' title='bbox 83 534 167 574; x_wconf 85' lang='lat' dir='ltr'><strong>mel</strong></span> <span class='ocrx_word' id='word_1_42' title='bbox 195 533 492 572; x_wconf 84' lang='lat' dir='ltr'><strong>tantummodo</strong></span> <span class='ocrx_word' id='word_1_43' title='bbox 523 530 716 582; x_wconf 84' lang='lat' dir='ltr'><strong>intratur,</strong></span> <span class='ocrx_word' id='word_1_44' title='bbox 747 531 800 570; x_wconf 91' lang='lat' dir='ltr'><strong>ad</strong></span> <span class='ocrx_word' id='word_1_45' title='bbox 831 530 999 570; x_wconf 84' lang='lat' dir='ltr'><strong>coelum</strong></span> <span class='ocrx_word' id='word_1_46' title='bbox 1031 544 1119 569; x_wconf 83' lang='lat' dir='ltr'><strong>esse</strong></span> <span class='ocrx_word' id='word_1_47' title='bbox 1137 527 1355 570; x_wconf 80' lang='lat' dir='ltr'><strong>transitum</strong></span> <span class='ocrx_word' id='word_1_48' title='bbox 1376 539 1499 582; x_wconf 87' lang='lat' dir='ltr'><strong>puto,</strong></span> 
     </span>
     <span class='ocr_line' id='line_1_7' title="bbox 83 603 1501 663; baseline -0.004 -14"><span class='ocrx_word' id='word_1_49' title='bbox 83 607 157 649; x_wconf 86' lang='lat' dir='ltr'><strong>ubi</strong></span> <span class='ocrx_word' id='word_1_50' title='bbox 187 621 245 649; x_wconf 79' lang='lat' dir='ltr'><strong>est</strong></span> <span class='ocrx_word' id='word_1_51' title='bbox 271 606 631 663; x_wconf 84' lang='lat' dir='ltr'><strong>propitiatorium,</strong></span> <span class='ocrx_word' id='word_1_52' title='bbox 662 618 701 647; x_wconf 88' lang='lat' dir='ltr'><strong>et</strong></span> <span class='ocrx_word' id='word_1_53' title='bbox 733 605 982 656; x_wconf 80' lang='lat' dir='ltr'>Cherubim,</span> <span class='ocrx_word' id='word_1_54' title='bbox 1011 605 1087 646; x_wconf 87' lang='lat' dir='ltr'><strong>ubi</strong></span> <span class='ocrx_word' id='word_1_55' title='bbox 1118 617 1157 647; x_wconf 84' lang='lat' dir='ltr'><strong>et</strong></span> <span class='ocrx_word' id='word_1_56' title='bbox 1179 603 1352 646; x_wconf 88' lang='lat' dir='ltr'><strong>mundis</strong></span> <span class='ocrx_word' id='word_1_57' title='bbox 1368 605 1501 645; x_wconf 86' lang='lat' dir='ltr'><strong>corde</strong></span> 
     </span>
     <span class='ocr_line' id='line_1_8' title="bbox 83 680 1504 740; baseline -0.003 -15"><span class='ocrx_word' id='word_1_58' title='bbox 83 700 286 740; x_wconf 86' lang='lat' dir='ltr'><strong>apparere</strong></span> <span class='ocrx_word' id='word_1_59' title='bbox 314 684 472 739; x_wconf 84' lang='lat' dir='ltr'><strong>poterit</strong></span> <span class='ocrx_word' id='word_1_60' title='bbox 500 684 641 733; x_wconf 82' lang='lat' dir='ltr'><strong>Deus,</strong></span> <span class='ocrx_word' id='word_1_61' title='bbox 675 685 739 725; x_wconf 81' lang='lat' dir='ltr'><strong>vel</strong></span> <span class='ocrx_word' id='word_1_62' title='bbox 770 684 868 739; x_wconf 86' lang='lat' dir='ltr'><strong>quia</strong></span> <span class='ocrx_word' id='word_1_63' title='bbox 898 682 1113 725; x_wconf 90' lang='lat' dir='ltr'><strong>Dominus</strong></span> <span class='ocrx_word' id='word_1_64' title='bbox 1143 681 1263 724; x_wconf 84' lang='lat' dir='ltr'><strong>dicit:</strong></span> <span class='ocrx_word' id='word_1_65' title='bbox 1304 680 1504 736; x_wconf 83' lang='lat' dir='ltr'><strong>‚‚ecce‚²)</strong></span> 
     </span>
     <span class='ocr_line' id='line_1_9' title="bbox 83 758 1504 815; baseline -0.003 -14"><span class='ocrx_word' id='word_1_66' title='bbox 83 776 256 812; x_wconf 86' lang='lat' dir='ltr'><strong>regnum</strong></span> <span class='ocrx_word' id='word_1_67' title='bbox 289 759 371 800; x_wconf 80' lang='lat' dir='ltr'><strong>Dei</strong></span> <span class='ocrx_word' id='word_1_68' title='bbox 400 759 508 801; x_wconf 85' lang='lat' dir='ltr'><strong>intra</strong></span> <span class='ocrx_word' id='word_1_69' title='bbox 542 777 614 801; x_wconf 85' lang='lat' dir='ltr'><strong>vos</strong></span> <span class='ocrx_word' id='word_1_70' title='bbox 655 767 752 802; x_wconf 89' lang='lat' dir='ltr'><strong>est.“</strong></span> <span class='ocrx_word' id='word_1_71' title='bbox 816 760 931 802; x_wconf 81' lang='lat' dir='ltr'><strong>Haec</strong></span> <span class='ocrx_word' id='word_1_72' title='bbox 964 759 1162 809; x_wconf 84' lang='lat' dir='ltr'>interim,</span> <span class='ocrx_word' id='word_1_73' title='bbox 1210 769 1416 815; x_wconf 89' lang='lat' dir='ltr'><strong>quantum</strong></span> <span class='ocrx_word' id='word_1_74' title='bbox 1448 758 1504 797; x_wconf 85' lang='lat' dir='ltr'><strong>ad</strong></span> 
     </span>
     <span class='ocr_line' id='line_1_10' title="bbox 83 833 1504 916; baseline -0.003 -39"><span class='ocrx_word' id='word_1_75' title='bbox 83 853 277 916; x_wconf 75' lang='lat' dir='ltr'><strong>praesens</strong></span> <span class='ocrx_word' id='word_1_76' title='bbox 316 838 360 878; x_wconf 88' lang='lat' dir='ltr'><strong>in</strong></span> <span class='ocrx_word' id='word_1_77' title='bbox 396 848 653 877; x_wconf 84' lang='lat' dir='ltr'><strong>transcursu</strong></span> <span class='ocrx_word' id='word_1_78' title='bbox 678 853 904 879; x_wconf 84' lang='lat' dir='ltr'><strong>occurrere</strong></span> <span class='ocrx_word' id='word_1_79' title='bbox 941 835 1131 878; x_wconf 86' lang='lat' dir='ltr'><strong>sensibus</strong></span> <span class='ocrx_word' id='word_1_80' title='bbox 1173 834 1328 876; x_wconf 84' lang='lat' dir='ltr'><strong>nostris</strong></span> <span class='ocrx_word' id='word_1_81' title='bbox 1351 833 1504 890; x_wconf 88' lang='lat' dir='ltr'><strong>potuit,</strong></span> 
     </span>
     <span class='ocr_line' id='line_1_11' title="bbox 86 906 1503 971; baseline -0.003 -17"><span class='ocrx_word' id='word_1_82' title='bbox 86 906 380 969; x_wconf 67' lang='lat' dir='ltr'><strong>quantumque</strong></span> <span class='ocrx_word' id='word_1_83' title='bbox 406 914 624 954; x_wconf 80' lang='lat' dir='ltr'><strong>moderari</strong></span> <span class='ocrx_word' id='word_1_84' title='bbox 663 915 833 956; x_wconf 83' lang='lat' dir='ltr'><strong>auribus</strong></span> <span class='ocrx_word' id='word_1_85' title='bbox 874 912 1092 971; x_wconf 86' lang='lat' dir='ltr'><strong>potuimus</strong></span> <span class='ocrx_word' id='word_1_86' title='bbox 1133 911 1403 960; x_wconf 80' lang='lat' dir='ltr'><strong>auditorum,</strong></span> <span class='ocrx_word' id='word_1_87' title='bbox 1449 911 1503 951; x_wconf 85' lang='lat' dir='ltr'><strong>de</strong></span> 
     </span>
     <span class='ocr_line' id='line_1_12' title="bbox 84 989 1507 1046; baseline -0.002 -15"><span class='ocrx_word' id='word_1_88' title='bbox 84 992 359 1031; x_wconf 76' lang='lat' dir='ltr'><strong>tabernaculo</strong></span> <span class='ocrx_word' id='word_1_89' title='bbox 394 989 501 1031; x_wconf 83' lang='lat' dir='ltr'><strong>dicta</strong></span> <span class='ocrx_word' id='word_1_90' title='bbox 531 990 626 1039; x_wconf 87' lang='lat' dir='ltr'><strong>sint,</strong></span> <span class='ocrx_word' id='word_1_91' title='bbox 661 1002 708 1032; x_wconf 92' lang='lat' dir='ltr'><strong>ut</strong></span> <span class='ocrx_word' id='word_1_92' title='bbox 724 991 768 1046; x_wconf 82' lang='lat'><strong>³)</strong></span> <span class='ocrx_word' id='word_1_93' title='bbox 798 991 1087 1046; x_wconf 87' lang='lat' dir='ltr'><strong>unusquisque</strong></span> <span class='ocrx_word' id='word_1_94' title='bbox 1115 1001 1310 1031; x_wconf 88' lang='lat' dir='ltr'><strong>nostrum</strong></span> <span class='ocrx_word' id='word_1_95' title='bbox 1340 989 1507 1030; x_wconf 81' lang='lat' dir='ltr'><strong>studeat</strong></span> 
     </span>
     <span class='ocr_line' id='line_1_13' title="bbox 86 1065 1507 1109; baseline -0.004 -1"><span class='ocrx_word' id='word_1_96' title='bbox 86 1070 226 1109; x_wconf 80' lang='lat' dir='ltr'><strong>facere</strong></span> <span class='ocrx_word' id='word_1_97' title='bbox 253 1068 362 1109; x_wconf 86' lang='lat' dir='ltr'><strong>intra</strong></span> <span class='ocrx_word' id='word_1_98' title='bbox 392 1084 434 1108; x_wconf 88' lang='lat' dir='ltr'><strong>se</strong></span> <span class='ocrx_word' id='word_1_99' title='bbox 462 1068 783 1108; x_wconf 77' lang='lat' dir='ltr'><strong>tabernaculum</strong></span> <span class='ocrx_word' id='word_1_100' title='bbox 823 1069 936 1108; x_wconf 82' lang='lat' dir='ltr'><strong>Deo.</strong></span> <span class='ocrx_word' id='word_1_101' title='bbox 994 1069 1093 1107; x_wconf 87' lang='lat' dir='ltr'><strong>Non</strong></span> <span class='ocrx_word' id='word_1_102' title='bbox 1127 1067 1238 1107; x_wconf 85' lang='lat' dir='ltr'><strong>enim</strong></span> <span class='ocrx_word' id='word_1_103' title='bbox 1269 1066 1422 1105; x_wconf 86' lang='lat' dir='ltr'><strong>frustra</strong></span> <span class='ocrx_word' id='word_1_104' title='bbox 1454 1065 1507 1104; x_wconf 91' lang='lat' dir='ltr'><strong>de</strong></span> 
     </span>
     <span class='ocr_line' id='line_1_14' title="bbox 85 1142 1507 1200; baseline -0.002 -16"><span class='ocrx_word' id='word_1_105' title='bbox 85 1145 276 1199; x_wconf 82' lang='lat' dir='ltr'><strong>patribus</strong></span> <span class='ocrx_word' id='word_1_106' title='bbox 318 1145 586 1199; x_wconf 78' lang='lat' dir='ltr'><strong>refertur,‘²)</strong></span> <span class='ocrx_word' id='word_1_107' title='bbox 629 1145 725 1200; x_wconf 86' lang='lat' dir='ltr'><strong>quia</strong></span> <span class='ocrx_word' id='word_1_108' title='bbox 776 1144 818 1185; x_wconf 86' lang='lat' dir='ltr'><strong>in</strong></span> <span class='ocrx_word' id='word_1_109' title='bbox 869 1143 1152 1185; x_wconf 77' lang='lat' dir='ltr'><strong>tabernaculis</strong></span> <span class='ocrx_word' id='word_1_110' title='bbox 1199 1142 1507 1183; x_wconf 86' lang='lat' dir='ltr'><strong>habitaverunt.</strong></span> 
     </span>
     <span class='ocr_line' id='line_1_15' title="bbox 86 1218 1510 1274; baseline -0.003 -12"><span class='ocrx_word' id='word_1_111' title='bbox 86 1224 178 1272; x_wconf 86' lang='lat' dir='ltr'><strong>Ego</strong></span> <span class='ocrx_word' id='word_1_112' title='bbox 214 1220 272 1264; x_wconf 89' lang='lat' dir='ltr'><strong>sic</strong></span> <span class='ocrx_word' id='word_1_113' title='bbox 308 1220 498 1274; x_wconf 80' lang='lat' dir='ltr'><strong>intelligo</strong></span> <span class='ocrx_word' id='word_1_114' title='bbox 539 1221 755 1262; x_wconf 82' lang='lat' dir='ltr'><strong>Abraham</strong></span> <span class='ocrx_word' id='word_1_115' title='bbox 795 1221 1003 1263; x_wconf 81' lang='lat' dir='ltr'><strong>habitasse</strong></span> <span class='ocrx_word' id='word_1_116' title='bbox 1043 1220 1087 1261; x_wconf 90' lang='lat' dir='ltr'><strong>in</strong></span> <span class='ocrx_word' id='word_1_117' title='bbox 1115 1218 1423 1268; x_wconf 84' lang='lat' dir='ltr'><strong>tabernaculis,</strong></span> <span class='ocrx_word' id='word_1_118' title='bbox 1470 1229 1510 1258; x_wconf 84' lang='lat' dir='ltr'><strong>et</strong></span> 
     </span>
     <span class='ocr_line' id='line_1_16' title="bbox 87 1297 1508 1353; baseline -0.002 -15"><span class='ocrx_word' id='word_1_119' title='bbox 87 1299 198 1340; x_wconf 82' lang='lat' dir='ltr'><strong>Isaac</strong></span> <span class='ocrx_word' id='word_1_120' title='bbox 230 1311 269 1339; x_wconf 85' lang='lat' dir='ltr'><strong>et</strong></span> <span class='ocrx_word' id='word_1_121' title='bbox 299 1300 449 1340; x_wconf 85' lang='lat' dir='ltr'><strong>Jacob.</strong></span> <span class='ocrx_word' id='word_1_122' title='bbox 511 1297 853 1340; x_wconf 83' lang='lat' dir='ltr'><strong>Construxerunt</strong></span> <span class='ocrx_word' id='word_1_123' title='bbox 892 1314 1079 1353; x_wconf 83' lang='lat' dir='ltr'><strong>namque</strong></span> <span class='ocrx_word' id='word_1_124' title='bbox 1117 1297 1183 1339; x_wconf 81' lang='lat' dir='ltr'><strong>isti</strong></span> <span class='ocrx_word' id='word_1_125' title='bbox 1222 1297 1332 1338; x_wconf 82' lang='lat' dir='ltr'><strong>intra</strong></span> <span class='ocrx_word' id='word_1_126' title='bbox 1373 1313 1416 1338; x_wconf 85' lang='lat' dir='ltr'><strong>se</strong></span> <span class='ocrx_word' id='word_1_127' title='bbox 1446 1307 1508 1335; x_wconf 78' lang='lat' dir='ltr'><strong>ta-</strong></span> 
     </span>
     <span class='ocr_line' id='line_1_17' title="bbox 86 1374 1513 1431; baseline -0.004 -14"><span class='ocrx_word' id='word_1_128' title='bbox 86 1376 362 1417; x_wconf 87' lang='lat' dir='ltr'><strong>bernaculum</strong></span> <span class='ocrx_word' id='word_1_129' title='bbox 396 1376 508 1424; x_wconf 84' lang='lat' dir='ltr'><strong>Deo,</strong></span> <span class='ocrx_word' id='word_1_130' title='bbox 547 1375 621 1431; x_wconf 85' lang='lat' dir='ltr'><strong>qui</strong></span> <span class='ocrx_word' id='word_1_131' title='bbox 651 1393 695 1417; x_wconf 86' lang='lat' dir='ltr'><strong>se</strong></span> <span class='ocrx_word' id='word_1_132' title='bbox 723 1377 846 1418; x_wconf 84' lang='lat' dir='ltr'><strong>tantis</strong></span> <span class='ocrx_word' id='word_1_133' title='bbox 877 1392 923 1416; x_wconf 88' lang='lat' dir='ltr'><strong>ac</strong></span> <span class='ocrx_word' id='word_1_134' title='bbox 953 1375 1106 1416; x_wconf 86' lang='lat' dir='ltr'><strong>talibus</strong></span> <span class='ocrx_word' id='word_1_135' title='bbox 1143 1376 1343 1416; x_wconf 83' lang='lat' dir='ltr'><strong>virtutum</strong></span> <span class='ocrx_word' id='word_1_136' title='bbox 1372 1374 1513 1427; x_wconf 84' lang='lat' dir='ltr'><strong>splen·</strong></span> 
     </span>
     <span class='ocr_line' id='line_1_18' title="bbox 89 1449 1514 1508; baseline -0.003 -14"><span class='ocrx_word' id='word_1_137' title='bbox 89 1454 266 1495; x_wconf 71' lang='lat' dir='ltr'><strong>duribus</strong></span> <span class='ocrx_word' id='word_1_138' title='bbox 298 1455 624 1493; x_wconf 77' lang='lat' dir='ltr'><strong>adornaverunt.</strong></span> <span class='ocrx_word' id='word_1_139' title='bbox 691 1454 943 1504; x_wconf 66' lang='lat' dir='ltr'><strong>Refulgebat</strong></span> <span class='ocrx_word' id='word_1_140' title='bbox 987 1468 1171 1508; x_wconf 85' lang='lat' dir='ltr'><strong>namque</strong></span> <span class='ocrx_word' id='word_1_141' title='bbox 1200 1452 1243 1493; x_wconf 89' lang='lat' dir='ltr'><strong>in</strong></span> <span class='ocrx_word' id='word_1_142' title='bbox 1274 1450 1322 1493; x_wconf 85' lang='lat' dir='ltr'><strong>iis</strong></span> <span class='ocrx_word' id='word_1_143' title='bbox 1351 1449 1514 1502; x_wconf 82' lang='lat' dir='ltr'><strong>insigne</strong></span> 
     </span>
     <span class='ocr_line' id='line_1_19' title="bbox 91 1527 1512 1586; baseline -0.004 -15"><span class='ocrx_word' id='word_1_144' title='bbox 91 1530 249 1581; x_wconf 84' lang='lat' dir='ltr'><strong>regium</strong></span> <span class='ocrx_word' id='word_1_145' title='bbox 283 1545 495 1584; x_wconf 80' lang='lat' dir='ltr'><strong>purpura,</strong></span> <span class='ocrx_word' id='word_1_146' title='bbox 538 1542 714 1584; x_wconf 86' lang='lat' dir='ltr'><strong>propter</strong></span> <span class='ocrx_word' id='word_1_147' title='bbox 746 1531 865 1586; x_wconf 87' lang='lat' dir='ltr'><strong>quod</strong></span> <span class='ocrx_word' id='word_1_148' title='bbox 903 1530 1124 1570; x_wconf 81' lang='lat' dir='ltr'><strong>dicebatur</strong></span> <span class='ocrx_word' id='word_1_149' title='bbox 1153 1527 1460 1578; x_wconf 40' lang='lat' dir='ltr'><strong>acl-Abraham</strong></span> <span class='ocrx_word' id='word_1_150' title='bbox 1491 1542 1512 1566; x_wconf 87' lang='lat' dir='ltr'><strong>a</strong></span> 
     </span>
     <span class='ocr_line' id='line_1_20' title="bbox 96 1604 1517 1660; baseline 0 -13"><span class='ocrx_word' id='word_1_151' title='bbox 96 1606 186 1647; x_wconf 75' lang='lat' dir='ltr'><strong>filiis</strong></span> <span class='ocrx_word' id='word_1_152' title='bbox 218 1605 350 1646; x_wconf 76' lang='lat' dir='ltr'><strong>Heth:</strong></span> <span class='ocrx_word' id='word_1_153' title='bbox 391 1622 440 1655; x_wconf 78' lang='lat' dir='ltr'><strong>„a</strong></span> <span class='ocrx_word' id='word_1_154' title='bbox 460 1604 503 1660; x_wconf 83' lang='lat'><strong>⁵)</strong></span> <span class='ocrx_word' id='word_1_155' title='bbox 545 1606 643 1646; x_wconf 84' lang='lat' dir='ltr'><strong>Deo</strong></span> <span class='ocrx_word' id='word_1_156' title='bbox 687 1623 755 1647; x_wconf 84' lang='lat' dir='ltr'><strong>rex</strong></span> <span class='ocrx_word' id='word_1_157' title='bbox 794 1609 837 1648; x_wconf 87' lang='lat' dir='ltr'><strong>in</strong></span> <span class='ocrx_word' id='word_1_158' title='bbox 868 1607 995 1648; x_wconf 86' lang='lat' dir='ltr'><strong>nobis</strong></span> <span class='ocrx_word' id='word_1_159' title='bbox 1025 1617 1071 1647; x_wconf 89' lang='lat' dir='ltr'><strong>tu</strong></span> <span class='ocrx_word' id='word_1_160' title='bbox 1103 1611 1184 1648; x_wconf 86' lang='lat' dir='ltr'><strong>es.“</strong></span> <span class='ocrx_word' id='word_1_161' title='bbox 1250 1604 1517 1660; x_wconf 74' lang='lat' dir='ltr'><strong>Splendebat</strong></span> 
     </span>
     <span class='ocr_line' id='line_1_21' title="bbox 93 1680 1515 1741; baseline -0.002 -18"><span class='ocrx_word' id='word_1_162' title='bbox 93 1695 132 1723; x_wconf 82' lang='lat' dir='ltr'><strong>et</strong></span> <span class='ocrx_word' id='word_1_163' title='bbox 162 1699 334 1723; x_wconf 88' lang='lat' dir='ltr'><strong>coccus:</strong></span> <span class='ocrx_word' id='word_1_164' title='bbox 375 1693 603 1737; x_wconf 78' lang='lat' dir='ltr'><strong>propterea</strong></span> <span class='ocrx_word' id='word_1_165' title='bbox 647 1685 757 1724; x_wconf 84' lang='lat' dir='ltr'><strong>enim</strong></span> <span class='ocrx_word' id='word_1_166' title='bbox 801 1685 855 1724; x_wconf 87' lang='lat' dir='ltr'><strong>ad</strong></span> <span class='ocrx_word' id='word_1_167' title='bbox 893 1682 1175 1741; x_wconf 79' lang='lat' dir='ltr'><strong>jugulandum</strong></span> <span class='ocrx_word' id='word_1_168' title='bbox 1206 1680 1325 1723; x_wconf 79' lang='lat' dir='ltr'><strong>duxit</strong></span> <span class='ocrx_word' id='word_1_169' title='bbox 1341 1681 1386 1736; x_wconf 75' lang='lat'><strong>⁶)</strong></span> <span class='ocrx_word' id='word_1_170' title='bbox 1418 1681 1515 1720; x_wconf 85' lang='lat' dir='ltr'><strong>Deo</strong></span> 
     </span>
     <span class='ocr_line' id='line_1_22' title="bbox 95 1756 1517 1814; baseline -0.003 -14"><span class='ocrx_word' id='word_1_171' title='bbox 95 1758 282 1807; x_wconf 85' lang='lat' dir='ltr'><strong>unicum,</strong></span> <span class='ocrx_word' id='word_1_172' title='bbox 312 1769 352 1798; x_wconf 83' lang='lat' dir='ltr'><strong>et</strong></span> <span class='ocrx_word' id='word_1_173' title='bbox 383 1770 609 1814; x_wconf 84' lang='lat' dir='ltr'><strong>propterea</strong></span> <span class='ocrx_word' id='word_1_174' title='bbox 635 1756 822 1803; x_wconf 80' lang='lat' dir='ltr'><strong>dextram</strong></span> <span class='ocrx_word' id='word_1_175' title='bbox 844 1760 955 1801; x_wconf 82' lang='lat' dir='ltr'><strong>illius</strong></span> <span class='ocrx_word' id='word_1_176' title='bbox 975 1762 1146 1813; x_wconf 75' lang='lat' dir='ltr'><strong>angelus</strong></span> <span class='ocrx_word' id='word_1_177' title='bbox 1165 1759 1311 1800; x_wconf 84' lang='lat' dir='ltr'><strong>tenuit.</strong></span> <span class='ocrx_word' id='word_1_178' title='bbox 1363 1758 1517 1812; x_wconf 84' lang='lat' dir='ltr'><strong>Splen-</strong></span> 
     </span>
     <span class='ocr_line' id='line_1_23' title="bbox 94 1834 1517 1893; baseline -0.001 -19"><span class='ocrx_word' id='word_1_179' title='bbox 94 1835 512 1892; x_wconf 67' lang='lat' dir='ltr'><strong>debat2hyacintl1us,</strong></span> <span class='ocrx_word' id='word_1_180' title='bbox 543 1854 639 1878; x_wconf 88' lang='lat' dir='ltr'><strong>cum</strong></span> <span class='ocrx_word' id='word_1_181' title='bbox 673 1838 841 1878; x_wconf 88' lang='lat' dir='ltr'><strong>coelum</strong></span> <span class='ocrx_word' id='word_1_182' title='bbox 885 1854 1054 1893; x_wconf 83' lang='lat' dir='ltr'><strong>semper</strong></span> <span class='ocrx_word' id='word_1_183' title='bbox 1081 1836 1249 1876; x_wconf 84' lang='lat' dir='ltr'><strong>intuens</strong></span> <span class='ocrx_word' id='word_1_184' title='bbox 1280 1834 1393 1876; x_wconf 86' lang='lat' dir='ltr'><strong>coeli</strong></span> <span class='ocrx_word' id='word_1_185' title='bbox 1422 1834 1517 1873; x_wconf 84' lang='lat' dir='ltr'><strong>Do—</strong></span> 
     </span>
     <span class='ocr_line' id='line_1_24' title="bbox 94 1911 1518 1967; baseline 0.002 -16"><span class='ocrx_word' id='word_1_186' title='bbox 94 1911 259 1952; x_wconf 81' lang='lat' dir='ltr'><strong>minum</strong></span> <span class='ocrx_word' id='word_1_187' title='bbox 290 1914 558 1967; x_wconf 74' lang='lat' dir='ltr'><strong>sequebatur.</strong></span> <span class='ocrx_word' id='word_1_188' title='bbox 616 1915 700 1956; x_wconf 87' lang='lat' dir='ltr'><strong>Sed</strong></span> <span class='ocrx_word' id='word_1_189' title='bbox 733 1926 771 1955; x_wconf 89' lang='lat' dir='ltr'><strong>et</strong></span> <span class='ocrx_word' id='word_1_190' title='bbox 800 1915 845 1955; x_wconf 83' lang='lat' dir='ltr'><strong>in</strong></span> <span class='ocrx_word' id='word_1_191' title='bbox 877 1913 1022 1956; x_wconf 78' lang='lat' dir='ltr'><strong>ceteris</strong></span> <span class='ocrx_word' id='word_1_192' title='bbox 1053 1912 1242 1954; x_wconf 79' lang='lat' dir='ltr'><strong>similiter</strong></span> <span class='ocrx_word' id='word_1_193' title='bbox 1273 1914 1518 1954; x_wconf 83' lang='lat' dir='ltr'><strong>ornabatur.</strong></span> 
     </span>
     <span class='ocr_line' id='line_1_25' title="bbox 95 1988 1518 2043; baseline -0.001 -15"><span class='ocrx_word' id='word_1_194' title='bbox 95 1988 186 2040; x_wconf 85' lang='lat' dir='ltr'><strong>Ego</strong></span> <span class='ocrx_word' id='word_1_195' title='bbox 227 1991 284 2030; x_wconf 86' lang='lat' dir='ltr'><strong>sic</strong></span> <span class='ocrx_word' id='word_1_196' title='bbox 323 1988 513 2042; x_wconf 82' lang='lat' dir='ltr'><strong>intelligo</strong></span> <span class='ocrx_word' id='word_1_197' title='bbox 561 2003 603 2032; x_wconf 84' lang='lat' dir='ltr'><strong>et</strong></span> <span class='ocrx_word' id='word_1_198' title='bbox 650 1993 761 2033; x_wconf 84' lang='lat' dir='ltr'><strong>diem</strong></span> <span class='ocrx_word' id='word_1_199' title='bbox 801 1995 955 2033; x_wconf 80' lang='lat' dir='ltr'><strong>festum</strong></span> <span class='ocrx_word' id='word_1_200' title='bbox 1002 1991 1402 2037; x_wconf 83' lang='lat' dir='ltr'><strong>tabernaculorum,</strong></span> <span class='ocrx_word' id='word_1_201' title='bbox 1446 1988 1518 2043; x_wconf 83' lang='lat' dir='ltr'><strong>qui</strong></span> 
     </span>
     <span class='ocr_line' id='line_1_26' title="bbox 95 2066 1518 2124; baseline 0 -19"><span class='ocrx_word' id='word_1_202' title='bbox 95 2067 322 2106; x_wconf 75' lang='lat' dir='ltr'><strong>mandatur</strong></span> <span class='ocrx_word' id='word_1_203' title='bbox 355 2066 398 2106; x_wconf 86' lang='lat' dir='ltr'><strong>in</strong></span> <span class='ocrx_word' id='word_1_204' title='bbox 428 2069 530 2118; x_wconf 78' lang='lat' dir='ltr'><strong>lege,</strong></span> <span class='ocrx_word' id='word_1_205' title='bbox 561 2081 606 2108; x_wconf 89' lang='lat' dir='ltr'><strong>ut</strong></span> <span class='ocrx_word' id='word_1_206' title='bbox 636 2081 752 2109; x_wconf 77' lang='lat' dir='ltr'><strong>exeat</strong></span> <span class='ocrx_word' id='word_1_207' title='bbox 781 2070 968 2124; x_wconf 87' lang='lat' dir='ltr'><strong>populus</strong></span> <span class='ocrx_word' id='word_1_208' title='bbox 999 2080 1111 2109; x_wconf 78' lang='lat' dir='ltr'><strong>certa</strong></span> <span class='ocrx_word' id='word_1_209' title='bbox 1143 2067 1210 2108; x_wconf 68' lang='lat' dir='ltr'><strong>dic</strong></span> <span class='ocrx_word' id='word_1_210' title='bbox 1241 2067 1363 2114; x_wconf 80' lang='lat' dir='ltr'><strong>anni,</strong></span> <span class='ocrx_word' id='word_1_211' title='bbox 1407 2078 1447 2106; x_wconf 83' lang='lat' dir='ltr'><strong>et</strong></span> <span class='ocrx_word' id='word_1_212' title='bbox 1475 2066 1518 2105; x_wconf 84' lang='lat' dir='ltr'><strong>iu</strong></span> 
     </span>
     <span class='ocr_line' id='line_1_27' title="bbox 95 2144 1520 2202; baseline 0 -20"><span class='ocrx_word' id='word_1_213' title='bbox 95 2144 379 2184; x_wconf 83' lang='lat' dir='ltr'><strong>tabernaculis</strong></span> <span class='ocrx_word' id='word_1_214' title='bbox 411 2144 580 2193; x_wconf 79' lang='lat' dir='ltr'><strong>habitet,</strong></span> <span class='ocrx_word' id='word_1_215' title='bbox 611 2147 771 2187; x_wconf 80' lang='lat' dir='ltr'><strong>habens</strong></span> <span class='ocrx_word' id='word_1_216' title='bbox 802 2164 942 2188; x_wconf 85' lang='lat' dir='ltr'><strong>ramos</strong></span> <span class='ocrx_word' id='word_1_217' title='bbox 972 2147 1239 2202; x_wconf 84' lang='lat' dir='ltr'><strong>palmarum,</strong></span> <span class='ocrx_word' id='word_1_218' title='bbox 1279 2155 1318 2184; x_wconf 83' lang='lat' dir='ltr'><strong>et</strong></span> <span class='ocrx_word' id='word_1_219' title='bbox 1347 2144 1520 2184; x_wconf 78' lang='lat' dir='ltr'><strong>frondes</strong></span> 
     </span>
     <span class='ocr_line' id='line_1_28' title="bbox 96 2219 1522 2276; baseline -0.001 -15"><span class='ocrx_word' id='word_1_220' title='bbox 96 2219 244 2268; x_wconf 87' lang='lat' dir='ltr'><strong>salicis,</strong></span> <span class='ocrx_word' id='word_1_221' title='bbox 276 2237 323 2261; x_wconf 89' lang='lat' dir='ltr'><strong>ae</strong></span> <span class='ocrx_word' id='word_1_222' title='bbox 353 2221 518 2276; x_wconf 81' lang='lat' dir='ltr'><strong>populi,</strong></span> <span class='ocrx_word' id='word_1_223' title='bbox 551 2235 589 2263; x_wconf 89' lang='lat' dir='ltr'><strong>et</strong></span> <span class='ocrx_word' id='word_1_224' title='bbox 618 2240 758 2265; x_wconf 78' lang='lat' dir='ltr'><strong>ramos</strong></span> <span class='ocrx_word' id='word_1_225' title='bbox 791 2224 954 2265; x_wconf 85' lang='lat' dir='ltr'><strong>arboris</strong></span> <span class='ocrx_word' id='word_1_226' title='bbox 979 2225 1224 2263; x_wconf 84' lang='lat' dir='ltr'><strong>frondosae.</strong></span> <span class='ocrx_word' id='word_1_227' title='bbox 1284 2221 1432 2261; x_wconf 81' lang='lat' dir='ltr'><strong>Palma</strong></span> <span class='ocrx_word' id='word_1_228' title='bbox 1462 2219 1522 2258; x_wconf 82' lang='lat' dir='ltr'><strong>vi-</strong></span> 
     </span>
     <span class='ocr_line' id='line_1_29' title="bbox 98 2296 1523 2356; baseline -0.001 -18"><span class='ocrx_word' id='word_1_229' title='bbox 98 2297 258 2338; x_wconf 75' lang='lat' dir='ltr'><strong>ctoriae</strong></span> <span class='ocrx_word' id='word_1_230' title='bbox 287 2297 452 2349; x_wconf 83' lang='lat' dir='ltr'><strong>signum</strong></span> <span class='ocrx_word' id='word_1_231' title='bbox 485 2310 542 2340; x_wconf 87' lang='lat' dir='ltr'><strong>est</strong></span> <span class='ocrx_word' id='word_1_232' title='bbox 570 2300 682 2342; x_wconf 83' lang='lat' dir='ltr'><strong>illius</strong></span> <span class='ocrx_word' id='word_1_233' title='bbox 711 2301 834 2350; x_wconf 82' lang='lat' dir='ltr'><strong>belli,</strong></span> <span class='ocrx_word' id='word_1_234' title='bbox 873 2301 990 2356; x_wconf 89' lang='lat' dir='ltr'><strong>quod</strong></span> <span class='ocrx_word' id='word_1_235' title='bbox 1017 2300 1141 2341; x_wconf 74' lang='lat' dir='ltr'><strong>⁴inter</strong></span> <span class='ocrx_word' id='word_1_236' title='bbox 1169 2315 1210 2340; x_wconf 89' lang='lat' dir='ltr'><strong>se</strong></span> <span class='ocrx_word' id='word_1_237' title='bbox 1241 2314 1340 2339; x_wconf 88' lang='lat' dir='ltr'><strong>caro</strong></span> <span class='ocrx_word' id='word_1_238' title='bbox 1373 2308 1411 2337; x_wconf 92' lang='lat' dir='ltr'><strong>et</strong></span> <span class='ocrx_word' id='word_1_239' title='bbox 1440 2296 1523 2351; x_wconf 78' lang='lat' dir='ltr'><strong>spi-</strong></span> 
     </span>
     <span class='ocr_line' id='line_1_30' title="bbox 100 2374 1526 2433; baseline 0.001 -20"><span class='ocrx_word' id='word_1_240' title='bbox 100 2375 201 2415; x_wconf 77' lang='lat' dir='ltr'><strong>ritus</strong></span> <span class='ocrx_word' id='word_1_241' title='bbox 231 2374 342 2426; x_wconf 83' lang='lat' dir='ltr'><strong>gerit.</strong></span> <span class='ocrx_word' id='word_1_242' title='bbox 405 2377 549 2417; x_wconf 80' lang='lat' dir='ltr'><strong>Arbor</strong></span> <span class='ocrx_word' id='word_1_243' title='bbox 579 2388 718 2418; x_wconf 88' lang='lat' dir='ltr'><strong>autem</strong></span> <span class='ocrx_word' id='word_1_244' title='bbox 749 2378 960 2433; x_wconf 85' lang='lat' dir='ltr'><strong>populus,</strong></span> <span class='ocrx_word' id='word_1_245' title='bbox 1002 2389 1041 2418; x_wconf 82' lang='lat' dir='ltr'><strong>et</strong></span> <span class='ocrx_word' id='word_1_246' title='bbox 1079 2376 1202 2425; x_wconf 80' lang='lat' dir='ltr'><strong>salix,</strong></span> <span class='ocrx_word' id='word_1_247' title='bbox 1243 2387 1328 2416; x_wconf 76' lang='lat' dir='ltr'><strong>tam</strong></span> <span class='ocrx_word' id='word_1_248' title='bbox 1359 2374 1526 2422; x_wconf 79' lang='lat' dir='ltr'><strong>virtute,</strong></span> 
     </span>
    </p>
   </div>
   <div class='ocr_carea' id='block_1_4' title="bbox 102 2451 1526 2507">
    <p class='ocr_par' dir='ltr' id='par_1_4' title="bbox 102 2451 1526 2507">
     <span class='ocr_line' id='line_1_31' title="bbox 102 2451 1526 2507; baseline 0.001 -17"><span class='ocrx_word' id='word_1_249' title='bbox 102 2468 229 2505; x_wconf 80' lang='lat' dir='ltr'><strong>quam</strong></span> <span class='ocrx_word' id='word_1_250' title='bbox 270 2451 447 2493; x_wconf 83' lang='lat' dir='ltr'><strong>nomine</strong></span> <span class='ocrx_word' id='word_1_251' title='bbox 488 2453 665 2505; x_wconf 76' lang='lat' dir='ltr'><strong>virgulta</strong></span> <span class='ocrx_word' id='word_1_252' title='bbox 703 2467 800 2496; x_wconf 90' lang='lat' dir='ltr'><strong>sunt</strong></span> <span class='ocrx_word' id='word_1_253' title='bbox 838 2455 1043 2496; x_wconf 69' lang='lat' dir='ltr'><strong>castitatis.</strong></span> <span class='ocrx_word' id='word_1_254' title='bbox 1132 2452 1256 2507; x_wconf 86' lang='lat' dir='ltr'><strong>Quae</strong></span> <span class='ocrx_word' id='word_1_255' title='bbox 1294 2451 1327 2493; x_wconf 73' lang='lat' dir='ltr'><strong>si</strong></span> <span class='ocrx_word' id='word_1_256' title='bbox 1365 2452 1526 2503; x_wconf 77' lang='lat' dir='ltr'><strong>integre</strong></span> 
     </span>
    </p>
   </div>
   <div class='ocr_carea' id='block_1_5' title="bbox 221 2642 1413 2910">
    <p class='ocr_par' dir='ltr' id='par_1_5' title="bbox 221 2642 1413 2835">
     <span class='ocr_line' id='line_1_32' title="bbox 225 2642 1413 2698; baseline 0.003 -17"><span class='ocrx_word' id='word_1_257' title='bbox 225 2642 268 2695; x_wconf 88' lang='lat'><strong>¹)</strong></span> <span class='ocrx_word' id='word_1_258' title='bbox 298 2642 428 2684; x_wconf 80' lang='lat' dir='ltr'><strong>Deest</strong></span> <span class='ocrx_word' id='word_1_259' title='bbox 458 2649 549 2693; x_wconf 80' lang='lat' dir='ltr'><strong>„et“</strong></span> <span class='ocrx_word' id='word_1_260' title='bbox 579 2644 623 2685; x_wconf 86' lang='lat' dir='ltr'><strong>in</strong></span> <span class='ocrx_word' id='word_1_261' title='bbox 657 2645 750 2685; x_wconf 82' lang='lat' dir='ltr'><strong>edd.</strong></span> <span class='ocrx_word' id='word_1_262' title='bbox 783 2646 842 2686; x_wconf 83' lang='lat' dir='ltr'><strong>M.</strong></span> <span class='ocrx_word' id='word_1_263' title='bbox 964 2646 1008 2698; x_wconf 75' lang='grc'><strong>2)</strong></span> <span class='ocrx_word' id='word_1_264' title='bbox 1047 2645 1144 2686; x_wconf 80' lang='lat' dir='ltr'><strong>Luc.</strong></span> <span class='ocrx_word' id='word_1_265' title='bbox 1182 2643 1319 2692; x_wconf 76' lang='lat' dir='ltr'>XVH,</span> <span class='ocrx_word' id='word_1_266' title='bbox 1348 2645 1413 2685; x_wconf 68' lang='lat'><strong>⁶21.</strong></span> 
     </span>
     <span class='ocr_line' id='line_1_33' title="bbox 221 2713 1343 2767; baseline 0.002 -14"><span class='ocrx_word' id='word_1_267' title='bbox 221 2714 267 2765; x_wconf 85' lang='lat'><strong>³)</strong></span> <span class='ocrx_word' id='word_1_268' title='bbox 298 2713 407 2754; x_wconf 84' lang='lat' dir='ltr'><strong>Edd.</strong></span> <span class='ocrx_word' id='word_1_269' title='bbox 438 2713 636 2754; x_wconf 63' lang='lat' dir='ltr'><strong>Men-lini:</strong></span> <span class='ocrx_word' id='word_1_270' title='bbox 669 2726 720 2755; x_wconf 85' lang='lat' dir='ltr'><strong>et.</strong></span> <span class='ocrx_word' id='word_1_271' title='bbox 838 2714 882 2767; x_wconf 70' lang='lat'><strong>⁴)</strong></span> <span class='ocrx_word' id='word_1_272' title='bbox 914 2714 1005 2760; x_wconf 79' lang='lat' dir='ltr'><strong>Cfr.</strong></span> <span class='ocrx_word' id='word_1_273' title='bbox 1037 2714 1169 2758; x_wconf 72' lang='lat' dir='ltr'><strong>chr.</strong></span> <span class='ocrx_word' id='word_1_274' title='bbox 1200 2714 1275 2764; x_wconf 80' lang='lat' dir='ltr'><strong>Xl,</strong></span> <span class='ocrx_word' id='word_1_275' title='bbox 1304 2715 1343 2757; x_wconf 78' lang='grc'><strong>9.</strong></span> 
     </span>
     <span class='ocr_line' id='line_1_34' title="bbox 224 2781 716 2835; baseline 0.006 -13"><span class='ocrx_word' id='word_1_276' title='bbox 224 2782 269 2835; x_wconf 80' lang='grc'><strong>5)</strong></span> <span class='ocrx_word' id='word_1_277' title='bbox 301 2781 453 2824; x_wconf 89' lang='lat' dir='ltr'><strong>Genes.</strong></span> <span class='ocrx_word' id='word_1_278' title='bbox 484 2782 646 2834; x_wconf 84' lang='lat' dir='ltr'><strong>XXlH,</strong></span> <span class='ocrx_word' id='word_1_279' title='bbox 677 2786 716 2827; x_wconf 81' lang='grc'><strong>6.</strong></span> 
     </span>
    </p>

    <p class='ocr_par' dir='ltr' id='par_1_6' title="bbox 224 2850 873 2910">
     <span class='ocr_line' id='line_1_35' title="bbox 224 2850 873 2910; baseline 0.005 -18"><span class='ocrx_word' id='word_1_280' title='bbox 224 2852 269 2905; x_wconf 77' lang='lat'><strong>⁰)</strong></span> <span class='ocrx_word' id='word_1_281' title='bbox 302 2850 391 2897; x_wconf 88' lang='lat' dir='ltr'><strong>Csr.</strong></span> <span class='ocrx_word' id='word_1_282' title='bbox 425 2852 575 2897; x_wconf 83' lang='lat' dir='ltr'><strong>Gencs.</strong></span> <span class='ocrx_word' id='word_1_283' title='bbox 610 2871 699 2910; x_wconf 84' lang='lat' dir='ltr'><strong>cap.</strong></span> <span class='ocrx_word' id='word_1_284' title='bbox 733 2855 873 2898; x_wconf 77' lang='lat' dir='ltr'>XXH.</span> 
     </span>
    </p>
   </div>
  </div>
 </body>
</html>
