1752 3136
399 170 446 200 m
475 158 730 199 Lssvmcum
761 155 962 197 Honmm
991 153 1065 195 IV.
1379 157 1464 200 225

43 274 226 313 oretur.“
306 270 419 325 Quia
462 285 560 321 ergo
602 265 855 308 diversitates
892 276 1166 321 peccatorum
1214 263 1374 307 discere
1416 283 1462 308 ex

39 347 246 403 spirituali
275 349 366 399 lege
405 346 628 393 debemus,
665 342 710 383 in
749 341 902 398 quibus
940 341 1121 398 peccatis
1160 345 1462 386 tantummodo

41 425 243 466 emendus
273 423 324 465 sit
352 420 469 469 aries,
499 419 545 460 in
576 418 730 474 quibus
762 434 860 459 vero
889 417 992 459 siclo
1023 430 1170 460 sancto
1193 422 1463 472 mercandus,

40 500 113 556 qui
144 500 267 542 etiam
294 498 376 540 sint
404 495 491 545 isti,
524 494 595 550 qui
626 496 811 535 vendant
842 494 1010 545 arietes,
1041 495 1316 551 requiramus.
1371 498 1464 551 Ego

39 576 222 618 arbitror
248 575 362 630 ipsos
394 588 478 613 esse
507 571 623 620 istos,
655 569 728 626 qui
759 570 906 612 arictes
938 573 990 612 ad
1029 572 1284 616 sacrificium
1315 574 1465 617 dIstra-

38 652 158 701 hunt,
191 650 261 706 qui
289 660 387 691 sunt
418 659 457 688 et
484 647 567 697 illi,
613 646 686 702 qui
728 646 871 688 oleum
915 649 970 689 ad
1008 649 1225 704 lampadas
1254 650 1466 704 virginum

36 728 236 777 vendunt,
268 727 320 767 de
352 725 505 781 quibus
537 722 735 765 dicebant
782 723 879 765 illae
918 725 1148 780 prudentes
1178 727 1311 769 stultis
1340 727 1466 780 virgi-

35 803 181 844 nibus:
219 800 361 857 „ite¹)
403 803 455 842 ad
497 802 748 850 vendentes,
789 812 828 841 et
869 801 993 842 emite
1033 802 1194 843 vobis.“
1259 803 1465 846 Vendunt

38 894 135 931 ergo
163 879 228 919 vel
261 879 404 919 oleum
433 876 688 926 luminibus,
732 878 797 918 vel
837 877 984 919 arietes
1014 877 1247 920 sacrificiis:
1265 880 1352 936 ‘qui
1381 880 1466 931 alii,

36 955 117 996 nisi
147 956 382 1011 prophetae
410 954 542 997 sancti
573 966 611 995 et
641 953 861 1009 Apostoli,
911 953 984 1009 qui
1012 954 1140 1005 mihi,
1185 973 1283 997 cum
1312 973 1465 1012 pecca-

37 1049 152 1083 νει-ο,
180 1033 421 1081 ostendunt,
453 1043 492 1072 et
522 1029 747 1072 consilium
779 1031 892 1080 dant,
924 1032 1147 1085 quomodo
1171 1032 1350 1074 debeam
1370 1051 1469 1075 cor-

35 1109 171 1161 rigere
202 1124 365 1150 errores
397 1123 540 1157 meos,
573 1118 611 1148 et
641 1107 867 1147 emendare
905 1106 1108 1162 peccata?
1165 1109 1324 1150 Vendit
1360 1110 1468 1151 mihi

35 1184 179 1227 Esaias
225 1183 394 1224 arietem
439 1184 494 1225 ad
532 1182 858 1225 sacrificandum
900 1200 980 1238 pro
1011 1195 1202 1238 peccato,
1234 1203 1331 1228 cum
1360 1186 1467 1230 mihi

38 1261 158 1311 dicit,
195 1272 398 1315 tanquam
439 1276 486 1301 ex
524 1258 607 1300 Dei
636 1276 841 1315 persona:
889 1259 1168 1310 „holocausta
1185 1261 1230 1318 2)
1274 1263 1470 1315 arietum,

37 1349 77 1380 et
107 1336 250 1392 adipes
281 1352 509 1388 agnorum,
551 1347 590 1377 et
633 1336 880 1388 sanguinem
920 1336 1142 1378 hircorum
1174 1350 1213 1379 et
1241 1350 1468 1383 taurorum

35 1415 184 1456 nolo.“
241 1414 297 1454 Et
332 1414 563 1469 paulopost
602 1412 837 1469 subjungit:
885 1414 1134 1470 ‚‚auferte3)
1162 1415 1371 1471 nequitias
1412 1418 1466 1457 ab

40 1490 188 1533 animis
219 1489 384 1539 vestris,
427 1506 449 1530 a
492 1500 723 1544 conspectu
766 1489 993 1530 oculorum
1023 1502 1282 1533 vestrorum:
1323 1492 1468 1535 discite

37 1568 205 1608 bonum
234 1567 387 1615 facere,
419 1564 564 1621 eripite
593 1563 795 1621 injuriam
828 1565 1126 1621 accipientem,
1163 1566 1349 1624 judicate
1382 1586 1467 1625 pu-

38 1643 169 1699 pillo,
208 1653 248 1683 et
285 1640 507 1698 justificate
546 1640 737 1682 viduam:
787 1653 828 1682 et
858 1641 994 1683 venite
1035 1642 1320 1698 disputemus,
1368 1644 1470 1687 dicit

37 1718 266 1760 Dominus.
323 1717 381 1757 Et
412 1718 445 1759 si
474 1718 632 1759 fuerint
659 1729 832 1772 peccata
862 1730 995 1759 vestra
1023 1731 1070 1760 ut
1098 1719 1390 1775 phoenicium,
1421 1733 1468 1763 ut

38 1796 177 1838 nivem
208 1794 444 1837 dealbabo:
475 1793 510 1835 si
540 1804 681 1835 autem
711 1804 760 1833 ut
790 1792 1039 1844 coccinum,
1072 1807 1119 1836 ut
1146 1796 1289 1838 lanam
1322 1798 1470 1839 candi-

42 1875 140 1915 dam
172 1870 391 1913 efficiam.“
450 1870 606 1911 Vendit
646 1870 751 1912 mihi
793 1869 966 1912 arietem
1008 1883 1047 1912 et
1075 1871 1245 1924 Daniel,
1276 1891 1373 1915 cum
1405 1876 1471 1917 di-

42 1950 110 2000 cit,
141 1949 239 2004 quia
270 1964 386 1998 „non
405 1945 450 2002 4)
484 1958 543 1987 est
571 1947 690 1988 locus
721 1948 776 1988 ad
804 1947 1128 1990 sacrificandum
1157 1950 1204 1991 in
1236 1963 1469 2006 conspectu

41 2036 134 2072 tuo,
166 2035 213 2064 ut
241 2023 454 2079 possimus
485 2022 675 2064 invenire
705 2024 1056 2066 misericordiam.
1130 2026 1216 2067 Sed
1253 2025 1296 2067 in
1327 2026 1470 2069 anima

45 2101 349 2149 contribulata,
396 2111 437 2140 et
474 2099 624 2154 spiritu
662 2101 908 2142 humilitatis
937 2102 1238 2158 suscipiamur,
1282 2104 1395 2144 velut
1423 2103 1469 2145 in

42 2175 316 2217 multitudine
347 2164 554 2227 agnorum
593 2177 839 2232 pinguium:
886 2178 944 2220 sic
982 2180 1057 2221 fiat
1094 2179 1349 2222 sacrificium
1386 2196 1470 2221 no-

42 2264 173 2295 strum
205 2253 251 2293 in
280 2263 512 2309 conspectu
540 2265 614 2293 tuo
646 2253 832 2300 hodie.“,
882 2254 1040 2296 Vendit
1076 2255 1203 2297 nobis
1245 2268 1284 2297 ct
1327 2256 1471 2298 David

46 2329 217 2371 arietem
247 2328 454 2378 sacrificii,
487 2345 584 2370 cum
615 2328 736 2371 dicit:
776 2330 1057 2382 „sacrificium
1077 2335 1118 2386 ⁵)
1161 2332 1257 2373 Deo
1299 2331 1469 2389 spiritus

47 2406 378 2458 contribulatus,
428 2422 503 2447 cor
547 2405 774 2448 contritum
816 2419 856 2448 et
903 2407 1173 2450 humiliatum
1210 2407 1328 2452 Deus
1377 2425 1469 2451 non

164 2612 208 2668 ¹)
238 2613 392 2656 Matth.
421 2614 560 2665 XXV,
590 2616 627 2658 9.
748 2616 793 2672 ²)
824 2617 951 2660 Jesai.
983 2618 1014 2669 I,
1045 2618 1110 2660 11.

161 2682 208 2736 3)
241 2681 328 2724 Cfr.
359 2682 483 2725 Jesai.
515 2685 548 2735 I,
579 2685 643 2728 16.
676 2686 741 2729 17.
772 2685 839 2728 18.

48 2749 352 2860 601502))D³¹¹'
393 2753 477 2805 ΠΙ,
515 2755 584 2799 38.
624 2755 691 2798 39.
735 2756 803 2800 40.
850 2755 965 2812 (cfr.
995 2754 1153 2800 Daniel
1183 2754 1297 2814 juxta
1327 2756 1472 2800 Theo-

163 2877 209 2932 5)
239 2877 391 2921 Psalm.
421 2880 489 2931 LI,
520 2882 585 2926 17,

51 2953 272 2998 ΟΜΕΕΝΙε
303 2955 475 3000 OPERA.
508 2956 628 3003 Tom.
664 2959 735 3000 IX.
1088 2960 1142 3001 15
