1752 3136
493 127 540 157 IN
568 114 768 156 Exonnm
798 111 1000 153 HomimA
1025 112 1136 153 VIII.
1467 114 1521 157 91

110 226 184 269 Dii
214 227 296 277 alii,
326 238 492 282 praeter
520 229 628 266 me.“
675 224 747 265 Est
776 234 873 278 post
901 223 985 264 hoc
1013 223 1225 278 sequitur:
1251 239 1366 273 „non
1387 225 1430 279 1)
1460 227 1524 266 fa-

113 304 253 361 eies2)
283 304 361 345 tibi
389 303 577 352 idolum,
606 317 746 357 neque
775 301 907 341 ullam
937 299 1279 349 similitudinem,
1310 317 1524 355 quaecun-

113 398 196 437 que
224 381 268 422 in
299 381 419 422 coelo
449 396 614 420 sursum
644 389 763 427 sunt,
803 389 843 418 et
874 393 1151 433 quaecunque
1181 376 1226 417 in
1255 388 1367 418 terra
1398 379 1526 419 deor-

111 476 207 500 sum
234 469 344 507 sunt,
373 469 413 498 et
444 471 721 513 quaecunque
750 466 846 496 sunt
878 454 923 494 in
952 454 1071 510 aquis
1101 455 1456 496 subtussterram:
1489 467 1529 496 et

111 552 202 576 non
231 534 426 575 adorabis
449 534 533 583 illa,
563 549 704 588 neque
733 533 845 573 coles
874 530 959 573 illa.
1026 531 1118 584 Ego
1167 531 1279 573 enim
1309 549 1402 573 sum
1432 533 1526 573 Do-

112 611 251 653 minus
280 612 399 652 Deus
428 622 538 661 tuus,
558 610 675 651 Deus
706 610 856 659 zelans,
888 609 960 665 qui
989 611 1124 650 reddo
1156 622 1328 665 peccata
1358 621 1529 665 patrum

111 687 158 729 in
187 687 310 738 filios,
339 688 383 729 in
411 687 578 728 tertiam
609 699 648 728 et
678 700 870 743 quartam
887 687 1135 742 progeniem
1155 686 1217 736 iis,
1249 687 1322 742 qui
1348 689 1533 728 oderunt

113 782 195 816 me,
226 777 266 806 et
294 765 450 806 faciens
468 763 801 806 misericordiam
831 764 875 806 in
905 764 1039 806 millia
1068 764 1129 815 iis,
1160 765 1234 820 qui
1251 764 1431 818 diligunt
1452 781 1533 814 me,

116 854 156 884 et
185 841 258 899 qui
287 854 452 884 servant
479 853 704 898 praecepta
731 848 866 883 mea.“
924 841 1040 883 Haec
1082 842 1224 882 omnia
1261 843 1386 884 simul
1424 859 1535 883 non-

115 920 227 961 nulli
253 931 406 976 putant
435 920 582 974 esse3)
612 936 746 960 unum
775 921 1036 961 mandatum.
1097 919 1231 974 Quod
1261 919 1293 960 si
1323 919 1380 960 ita
1410 931 1536 975 pute-

119 1008 202 1047 tur,
231 1013 321 1037 non
361 994 647 1052 complebitur
684 997 831 1037 decem
870 1013 1072 1038 numerus
1108 997 1424 1038 mandatorum.
1484 997 1540 1038 Et

120 1073 197 1115 ubi
225 1072 312 1130 jam
342 1074 421 1115 erit
450 1073 639 1126 decalogi
667 1073 844 1115 veritas?
873 1074 961 1115 Sed
989 1074 1023 1115 si
1054 1090 1103 1114 eo
1134 1074 1269 1114 modo
1300 1073 1538 1125 dirimatur,

124 1166 211 1206 quo
244 1161 285 1191 et
312 1167 391 1191 nos
421 1150 466 1191 in
496 1150 706 1206 superiori
734 1150 1083 1206 pronuntiatione
1114 1150 1400 1202 distinximus,
1430 1153 1540 1193 inte-

124 1243 197 1280 ger
234 1228 380 1268 decem
424 1219 726 1269 mandatorum
763 1245 967 1270 numerus
1007 1228 1243 1284 apparebit.
1326 1229 1402 1270 Est
1442 1246 1540 1282 ergo

124 1303 311 1359 primum
353 1306 623 1346 mandatum:
654 1322 771 1358 „non
788 1305 834 1362 4)
874 1318 999 1348 erunt
1036 1306 1113 1348 tibi
1162 1305 1220 1347 dii
1261 1306 1331 1347 alii
1377 1318 1546 1362 praeter

126 1386 245 1421 me:“
272 1383 507 1423 secundum
536 1387 660 1428 vero:
698 1400 811 1433 „non
829 1382 873 1439 5)
911 1384 1039 1426 facies
1069 1383 1147 1425 tibi
1177 1383 1369 1434 idolum,
1405 1400 1547 1439 neque

127 1458 261 1498 ullam
291 1458 648 1509 similitudinem‚“
678 1473 716 1501 et
746 1471 895 1502 cetera.
935 1460 1192 1516 Incipiamus
1220 1477 1317 1514 ergo
1351 1477 1374 1501 a
1403 1462 1546 1516 primo

130 1536 349 1577 mandato.
437 1536 522 1577 Sed
564 1548 602 1577 et
633 1553 708 1589 ego
753 1536 907 1578 auxilio
946 1536 1116 1590 indigeo
1147 1538 1294 1593 ipsius,
1334 1538 1409 1593 qui
1445 1539 1550 1580 haec

132 1611 360 1668 praecepit,
388 1612 484 1661 Dei,
514 1615 570 1655 ad
600 1613 850 1665 dicendum,
890 1627 929 1656 et
968 1632 1043 1657 vos
1080 1614 1396 1670 purgatioribus
1427 1615 1551 1668 egetis

135 1689 308 1731 auribus
339 1689 393 1729 ad
425 1689 697 1731 audiendum.
764 1691 811 1733 Si
853 1692 944 1746 quis
975 1707 1074 1743 ergo
1103 1703 1288 1733 vestrum
1319 1693 1448 1733 habet
1475 1709 1552 1733 au-

136 1782 202 1807 res
231 1765 446 1816 audiendi,
477 1766 633 1818 audiat,
663 1768 884 1823 quomodo
917 1767 1078 1810 dictum
1110 1781 1191 1810 est:
1221 1786 1338 1820 „non
1352 1770 1398 1822 ὃ)
1429 1782 1554 1812 erunt

136 1843 215 1884 tibi
246 1843 305 1886 dii
335 1843 403 1885 alii
432 1856 601 1899 praeter
627 1851 738 1908 mest
813 1845 859 1887 Si
890 1845 1075 1888 dixisset:
1105 1864 1198 1888 non
1227 1848 1312 1889 sint
1332 1846 1401 1888 “dii
1430 1865 1556 1904 prae-

136 1932 202 1962 ter
237 1937 328 1962 me:
366 1922 601 1963 absolutior
637 1939 775 1964 sermo
813 1923 1037 1966 videretur.
1113 1926 1239 1966 Nunc
1276 1936 1418 1966 autem
1460 1925 1558 1982 quia

142 1997 260 2039 dicit:
291 1999 466 2054 „non⁷)
498 2011 622 2041 erunt
650 2001 726 2042 tibi
756 2000 815 2041 dii
830 1999 875 2056 8)
907 2001 977 2042 alii
1005 2013 1172 2056 praeter
1199 2008 1320 2042 me:“
1359 2019 1447 2043 non
1480 2020 1556 2044 ne-

144 2075 252 2129 gavit
280 2077 378 2131 quia
407 2076 500 2126 sint,
530 2078 604 2118 sed
632 2094 686 2119 ne
713 2077 777 2118 illi
815 2077 918 2127 sint,
959 2079 1026 2120 cui
1067 2080 1171 2120 haec
1200 2079 1404 2135 omnia⁹)
1433 2097 1556 2136 prae-

145 2164 265 2208 cepta
294 2155 460 2206 dantur,
493 2154 688 2197 inhibuit.
735 2154 846 2196 Hinc
875 2167 981 2211 puto
1014 2166 1054 2197 et
1072 2155 1144 2211 ιο)
1174 2157 1432 2212 Apostolum
1450 2157 1561 2199 Pau-

243 2303 309 2359 ’1)
340 2306 478 2347 Exod.
508 2306 606 2357 XX,
635 2308 675 2350 4.
706 2309 743 2350 5-
775 2309 813 2352 6.

262 2375 308 2429 2)
339 2376 455 2417 Alias
488 2376 545 2432 (v.
578 2394 611 2418 c.
642 2377 687 2418 in
719 2379 814 2419 edd.
845 2377 953 2432 M.):
985 2395 1101 2429 „non
1132 2378 1299 2420 facias.“
1330 2377 1381 2419 R.

264 2445 311 2500 3)
339 2445 453 2487 Edd.
483 2446 677 2488 Merlini:
707 2464 843 2489 unum
874 2465 972 2490 esse.
1023 2489 1026 2493 ,
1089 2447 1135 2503 ¹²)
1166 2448 1305 2491 Exod.
1335 2448 1434 2499 XX,
1462 2449 1502 2491 3.

267 2515 312 2569 ⁵)
341 2515 480 2556 Exod.
511 2516 608 2565 XX,
638 2517 676 2558 4.
708 2533 821 2573 seqq.
855 2541 907 2548 —
938 2517 1050 2559 Edd.
1090 2517 1151 2559 Μ.
1185 2530 1226 2560 et
1253 2519 1305 2560 R.
1336 2519 1422 2560 hoc
1453 2521 1566 2571 loco,

154 2573 228 2613 cfr.
258 2588 351 2627 pag.
382 2571 469 2628 huj.
498 2584 587 2613 not.
619 2575 681 2615 2.:
711 2590 828 2624 „non
857 2573 1021 2616 facies.“

269 2641 315 2696 6)
344 2641 481 2683 Exod.
518 2642 617 2693 XX,
645 2645 684 2687 3.
804 2642 851 2700 7)
880 2645 1015 2685 Exod.
1047 2643 1146 2696 XX,
1175 2645 1215 2687 3.

271 2710 318 2766 8)
349 2710 464 2752 Alias
496 2712 554 2764 (e.
589 2729 623 2755 c.
653 2713 696 2754 in
731 2716 825 2756 edd.
854 2715 964 2769 M.:)
994 2713 1094 2766 „Dii
1124 2713 1288 2757 alieni.“
1319 2715 1367 2756 R.

274 2780 321 2835 9)
348 2784 480 2823 Deest
510 2783 708 2834 ‚,0mnia“
740 2783 783 2824 in
815 2785 910 2826 edd.
929 2784 990 2826 M.

254 2849 326 2905 ¹⁰)
357 2850 486 2893 Deest
516 2858 608 2903 ‚,et“
640 2853 682 2894 in
717 2854 778 2896 ed.
816 2852 866 2893 R.
