1752 3136
239 79 326 124 358
845 80 1069 122 Omenms

242 189 379 248 plebit
406 206 557 234 manus
588 207 681 234 suas
712 191 887 235 incenso
923 190 1247 249 compositionis
1276 190 1482 235 minuto.“
1543 194 1675 249 Quod

244 268 417 325 quidem
456 268 623 325 plenius
664 270 878 313 Dominus
931 282 1078 312 noster
1117 269 1229 311 fecit.
1313 270 1512 325 Implevit
1563 273 1676 313 enim

243 363 394 388 manus
424 363 518 389 suas
546 347 719 390 incenso
750 348 931 398 minuto,
965 350 1017 389 de
1048 365 1133 404 quo
1178 347 1385 404 scriptum
1428 360 1509 389 est:
1551 348 1680 398 „diri-

243 423 427 481 gatur¹)
468 425 605 467 oratio
645 442 741 468 mea
779 426 888 468 sicut
927 426 1148 467 incensum
1190 426 1232 466 in
1288 436 1521 480 conspectu
1562 431 1679 466 tu0.“

241 499 440 556 Implevit
471 516 570 554 ergo
601 520 752 546 manus
783 520 876 545 suas
908 503 1065 546 sanctis
1099 502 1314 558 operibus,
1346 518 1454 558 quae
1484 516 1565 558 pro
1599 502 1680 542 hu-

246 592 378 619 mano
410 593 564 631 genere
596 592 793 636 operatus
835 593 905 622 est.
977 580 1123 634 Quare
1164 592 1304 621 autem
1349 578 1676 635 compositionis

247 652 469 696 incensum
510 655 695 697 dicitur?
767 656 881 710 Quia
924 674 1013 698 non
1056 669 1116 699 est
1154 674 1239 697 una
1280 657 1438 713 species
1481 673 1677 712 operum,

244 733 320 773 sed
351 748 398 773 ex
425 731 593 789 justitia,
625 745 665 774 et
695 749 742 773 ex
775 734 957 788 pietate,
1007 750 1054 774 ex
1087 733 1374 782 continentia,
1407 750 1454 774 ex
1484 735 1678 789 pruden-

249 808 318 858 tia,
349 821 390 850 et
419 826 465 849 ex
498 809 697 851 omnibus
739 808 1041 867 hujuscemodi
1070 809 1295 850 virtutibus
1327 810 1676 866 componitur,²)

248 885 333 925 hoc
365 887 484 941 quod
513 887 653 943 placet
682 887 795 929 Deo.
854 888 939 929 Sed
973 899 1013 928 et
1039 887 1253 928 minutum
1276 888 1394 942 quod
1426 888 1556 937 addit,
1587 905 1679 929 non

251 959 390 1002 otiose
417 961 703 1016 intelligimus.
761 966 864 1006 Non
895 964 1007 1006 enim
1039 964 1129 1004 vult
1160 980 1281 1014 eum,
1334 963 1406 1019 qui
1447 965 1500 1005 ad
1538 965 1679 1020 perfe-

250 1037 438 1081 ctionem
467 1041 625 1092 tendit,
664 1043 843 1084 verbum
870 1042 969 1083 Dei
1011 1058 1145 1084 crasse
1187 1053 1227 1083 et
1267 1041 1492 1083 carnaliter
1520 1041 1678 1083 intelli-

251 1131 360 1169 gere,
389 1117 465 1160 sed
502 1117 714 1160 minutum
756 1120 801 1159 in
845 1118 906 1160 his
946 1136 1138 1169 sensum,
1178 1118 1462 1174 subtilemque
1506 1119 1681 1175 perqui-

252 1210 360 1246 rere,
389 1206 439 1236 ut
467 1195 500 1237 si
530 1197 642 1237 forte
671 1196 815 1237 audiat
844 1196 1049 1251 scriptum
1089 1213 1197 1238 esse:
1236 1213 1352 1246 „non
1371 1197 1416 1252 3)
1459 1197 1679 1238 obturabis

254 1288 301 1316 os
331 1272 432 1314 bovi
460 1272 723 1314 trituranti:“
763 1273 836 1314 ille
866 1274 970 1314 haec
1000 1291 1090 1315 non
1123 1275 1176 1315 de
1206 1275 1345 1316 bobus
1376 1273 1594 1325 intelligat,
1624 1298 1681 1305 ——

251 1366 393 1405 neque
423 1349 536 1391 enim
568 1351 621 1391 de
651 1350 792 1390 bobus
823 1367 923 1391 cura
955 1362 1016 1392 est
1043 1352 1141 1392 Deo
1174 1376 1240 1400 —‚
1270 1353 1344 1393 sed
1376 1352 1429 1392 de
1460 1352 1679 1407 Apostolis

253 1427 349 1469 dici.
409 1427 496 1469 Sed
528 1438 568 1468 et
595 1425 630 1467 si
668 1426 760 1481 quis
800 1427 852 1467 de
889 1427 1157 1482 providentia
1188 1429 1273 1469 Dei
1303 1427 1536 1477 rationem,
1569 1446 1680 1483 quae

253 1516 314 1547 est
340 1504 619 1546 minutissima
656 1514 695 1544 et
723 1502 1006 1553 subtilissima,
1034 1503 1167 1559 possit
1185 1504 1229 1560 ἃ)
1262 1521 1488 1560 exponere,
1507 1506 1581 1546 iste
1598 1504 1679 1546 mi-

249 1593 357 1623 nuto
389 1583 562 1624 incenso
593 1597 771 1622 manum
815 1597 935 1622 suam
975 1583 1139 1637 replere
1183 1581 1348 1624 dicitur.
1433 1581 1539 1636 Quis
1580 1598 1679 1635 ergo

250 1670 449 1701 nostrum
479 1658 537 1700 ita
565 1670 761 1715 promtus
792 1670 863 1709 est,
895 1671 935 1700 et
963 1670 1159 1714 paratus,
1186 1671 1235 1700 ut
1263 1659 1502 1712 ingressuro
1535 1661 1681 1715 ponti-

251 1735 386 1791 fiei⁵)
415 1735 459 1777 in
489 1747 634 1778 sancta
664 1747 935 1786 sanctorum,
963 1736 1186 1778 incensum
1216 1736 1539 1794 compositionis
1571 1737 1680 1777 offe-

250 1824 317 1854 rat
346 1810 588 1854 minutum?
643 1813 825 1854 Necesse
856 1825 917 1854 est
945 1812 1059 1854 enim
1092 1830 1172 1854 nos
1201 1813 1387 1865 singulos
1420 1812 1580 1868 aliquid
1613 1814 1681 1853 of-

252 1891 365 1930 ferre
393 1891 671 1931 tabernaculo
703 1889 807 1940 Dei,
857 1889 1019 1946 aliquid
1051 1888 1175 1930 etiam
1205 1889 1521 1945 pontificalibus
1549 1889 1676 1930 indu-

254 1964 419 2017 mentis,
450 1966 613 2022 aliquid
641 1983 756 2017 vero,
788 1967 908 2022 quod
936 1984 1014 2023 per
1042 1966 1255 2024 pontificis
1279 1984 1429 2009 manus
1459 1968 1509 2008 ad
1537 1967 1677 2022 ipsum

251 2043 395 2084 Deum
424 2059 503 2100 per
533 2044 713 2085 odorem
752 2044 965 2086 suavitatis
1004 2045 1244 2085 adscendat.
1314 2043 1514 2085 Pontifex
1552 2044 1678 2096 igitur

251 2132 397 2163 noster
425 2119 640 2162 Dominus
673 2133 713 2162 et
743 2121 939 2163 Salvator
969 2122 1104 2177 aperit
1132 2138 1282 2162 manus
1311 2138 1429 2171 suas,
1476 2133 1515 2161 et
1545 2120 1676 2161 susci-

252 2213 355 2253 pere
385 2199 472 2239 vult
500 2198 554 2239 ab
585 2215 853 2255 unoquoque
881 2211 1075 2241 nostrum
1106 2198 1329 2239 incensum
1349 2197 1674 2254 compositionis

251 2275 487 2317 minutum:
530 2291 702 2318 necesse
731 2288 790 2319 est
816 2293 896 2319 nos
937 2292 1141 2332 quaerere
1178 2275 1336 2331 species
1375 2274 1547 2317 incensi.
1606 2273 1676 2315 Li-

370 2435 414 2488 ¹)
444 2434 602 2477 Psalm.
636 2435 785 2486 CXLI,
814 2437 854 2478 2.
885 2435 1098 2491 (CLXL.)

366 2504 691 2558 >
711 2506 979 2604 §ms-,5¹22
1004 2507 1119 2603 νὴ
1247 2521 1301 2603 012

464 2594 473 2603 ·
640 2579 657 2602 Α
691 2580 707 2604 ⁵
732 2593 740 2602 ·
983 2580 999 2604 s
1024 2580 1071 2604 ro
1123 2580 1170 2605 ex
1190 2581 1232 2607 u.

367 2631 414 2686 ³)
445 2631 464 2671 I
497 2631 599 2674 Cor.
631 2632 707 2681 IX,
736 2632 775 2675 9.
808 2632 904 2674 coll.
935 2632 1250 2675 Deuteronom.
1284 2630 1425 2681 XXV,
1453 2631 1492 2673 4.

366 2699 413 2757 ⁴)
445 2700 553 2743 Edd.
582 2702 780 2744 Merlini:
809 2713 982 2759 possset.

367 2771 412 2821 ⁵)
445 2770 553 2813 Cod.
593 2773 866 2823 Sangerman.
910 2773 1177 2830 „pontificif‘
1244 2770 1363 2814 Libri
1405 2770 1507 2813 editi
1543 2770 1603 2826 (v.
1635 2787 1667 2810 c,

252 2828 347 2869 edd.
379 2828 485 2884 M.):
515 2828 787 2884 „pontifice.“
816 2829 865 2869 R.
