1752 3136
242 106 324 150 122
843 105 1064 147 Omcssms

242 218 314 273 qui
345 217 388 259 in
420 218 633 270 cvangelio
665 219 824 274 positus
863 230 939 267 est,
987 219 1176 259 videatur
1217 226 1443 263 assumtus,
1494 215 1652 268 cum')

243 295 364 336 dicit:
409 296 534 351 „quia
551 295 596 351 ²)
639 297 809 338 audistis
854 297 973 352 quod
1018 297 1179 337 dictum
1223 306 1300 336 est:
1356 293 1529 335 oculum
1570 308 1652 346 pro

243 374 384 421 oculo,
415 374 583 413 dentem
614 390 694 428 pro
728 374 893 421 dentes,⁸

355 452 394 492 2.
451 450 755 491 Verumtamen
792 467 908 491 nunc
947 451 999 491 ad
1039 466 1098 500 ea,
1137 465 1244 504 quae
1275 449 1398 490 nobis
1428 447 1472 488 in
1504 446 1656 488 Exodo

242 526 392 582 scripta
423 538 533 576 sunt,
562 544 700 568 sermo
733 529 955 569 vertendus
989 539 1060 577 est,
1090 527 1163 568 ubi
1194 530 1280 569 duo
1313 526 1389 567 viri
1416 524 1589 576 litigant,
1621 534 1662 565 et

241 605 484 659 percutiunt
512 605 733 646 mulierem
772 617 1095 660 praegnantem,
1139 616 1178 645 et
1211 604 1267 644 ita
1309 603 1572 660 percutiunt,
1613 613 1662 642 ut

244 693 361 722 exeat
389 680 526 723 infans
558 698 605 722 ex
635 699 696 730 en,
725 683 788 722 vel
817 683 1022 722 formatus
1054 679 1151 736 jam,
1180 681 1243 722 vel
1274 682 1469 722 nondum
1500 682 1663 721 forma-

241 771 319 799 tus.
379 759 571 799 Primum
603 758 774 813 quidem
804 759 1019 799 videamus
1051 759 1103 798 de
1135 774 1203 806 eo,
1244 758 1316 813 qui
1346 759 1540 798 nondum
1572 758 1663 797 sor-

245 847 380 876 matus
411 834 571 885 exierit,
610 838 832 891 quomodo
864 834 1034 891 jubetur
1073 836 1231 875 damno
1263 834 1469 889 pecuniae
1498 835 1664 890 percuti

245 930 354 954 unus
387 929 434 953 ex
465 912 541 961 his,
571 912 643 968 qui
672 914 846 965 litigant,
870 929 972 953 cum
1005 929 1025 952 a
1059 911 1278 967 Scriptura
1310 912 1433 967 culpa
1463 910 1545 952 litis
1574 928 1666 952 non

247 992 298 1031 ad
330 1007 478 1039 unum,
505 991 579 1031 sed
609 991 660 1031 ad
692 1003 920 1045 utrumque
950 988 1187 1030 reseratur?
1225 988 1343 1042 Quid
1378 988 1518 1038 etiam,
1548 989 1667 1044 quod

246 1068 308 1108 vir
339 1066 523 1108 mulieris
538 1065 584 1121 3)
613 1067 775 1116 indicit,
802 1068 867 1108 vel
898 1066 1083 1123 imponit
1113 1067 1163 1115 ei,
1195 1077 1233 1107 et
1255 1083 1345 1107 non
1368 1065 1446 1109 iis?
1475 1078 1516 1107 et
1537 1066 1669 1115 dabit,

249 1157 290 1186 et
319 1162 407 1186 non
439 1143 580 1200 potius
612 1145 775 1184 dabunt
806 1161 900 1184 cnm
932 1145 1130 1186 honore?
1187 1144 1243 1184 Et
1274 1144 1364 1200 quis
1394 1144 1468 1186 iste
1500 1155 1559 1184 est
1591 1144 1669 1183 ho-

248 1223 361 1264 nor?
394 1223 523 1285 Quod
554 1223 589 1263 si
615 1221 751 1262 infans
782 1218 864 1276 jam
897 1220 1102 1263 formatus
1145 1221 1309 1271 exierit,
1338 1239 1533 1277 percussa
1567 1239 1588 1262 a
1620 1221 1670 1262 li-

248 1300 473 1352 tigantibus
518 1299 614 1340 viris
656 1310 917 1353 praegnante
961 1300 1161 1347 muliere,
1210 1298 1394 1339 animam
1447 1299 1538 1340 dari
1587 1316 1669 1354 pro

251 1378 391 1418 anima
422 1375 542 1417 facile
569 1375 851 1427 intelligimus,
882 1375 965 1416 hoc
996 1387 1066 1424 est,
1096 1387 1142 1415 ut
1172 1387 1310 1415 morte
1331 1376 1568 1416 vindicetur
1597 1378 1673 1416 ad-

250 1454 437 1494 missum.
497 1453 620 1507 Quae
650 1465 883 1507 sequuntur
912 1465 1075 1500 autern,
1115 1453 1483 1508 operaepretium
1516 1463 1575 1492 est
1604 1469 1672 1492 ex-

252 1533 434 1588 plicare:
465 1531 725 1585 ‚‚0culum⁴)
756 1547 836 1586 pro
869 1531 1011 1579 oculo,
1041 1530 1211 1570 dentem
1241 1546 1322 1585 pro
1362 1531 1529 1571 dente.“
1587 1531 1674 1570 Ne-

253 1626 336 1664 que
367 1608 479 1649 enim
510 1608 676 1649 videtur
705 1624 791 1649 esse
820 1606 1034 1663 possibile,
1062 1618 1109 1647 ut
1136 1606 1289 1655 infans,
1320 1624 1446 1663 quem
1477 1624 1675 1662 percussa

253 1686 407 1727 mulier
437 1686 678 1734 abortierit,
715 1685 903 1740 quamvis
932 1687 1137 1725 formatus
1176 1684 1343 1734 exierit,
1379 1685 1675 1736 intelligamus,

257 1764 376 1818 quod
408 1763 485 1803 viri
515 1761 712 1813 litigantis
744 1763 858 1802 calce
889 1777 1108 1817 percussus
1141 1763 1313 1802 oculum
1330 1762 1373 1802 in
1403 1774 1675 1818 ventre'per-

258 1838 434 1888 diderit,
478 1855 561 1895 pro
603 1855 688 1894 quo
731 1838 1017 1895 percussor5)
1059 1839 1203 1880 orbari
1245 1840 1371 1879 oculo
1411 1856 1432 1879 a
1464 1837 1676 1895 judicibus

258 1919 422 1958 debeat.
481 1917 568 1957 Sed
597 1933 734 1972 pone,
772 1916 824 1958 sit
854 1928 893 1956 et
923 1917 1031 1966 hoc,
1071 1915 1167 1971 quia
1197 1915 1280 1972 jam
1311 1919 1519 1958 formatus
1548 1918 1681 1957 refer·

258 2008 338 2043 tur,
369 1993 472 2049 quid
503 2006 543 2034 et
575 1995 626 2034 de
657 1996 782 2035 dente
811 1991 1029 2034 dicemus?
1085 1994 1306 2049 Numquid
1339 1994 1381 2034 in
1412 2004 1558 2034 ventre
1588 2009 1680 2033 ma·

259 2068 331 2114 tris
363 2074 506 2113 dentes
537 2071 706 2120 habuit,
746 2088 852 2126 quos
891 2070 1162 2125 percutientis
1201 2070 1309 2112 ictus
1338 2070 1574 2112 excuteret?
1634 2070 1681 2112 Si

260 2167 362 2190 vcro
394 2151 478 2190 hoc
510 2151 742 2190 referamus
783 2149 835 2189 ad
867 2165 981 2198 eam,
1023 2164 1130 2203 quae
1174 2148 1415 2198 abortierit,
1454 2150 1678 2204 quomodo

260 2245 402 2268 rursus
435 2226 679 2274 conveniet,
709 2238 757 2267 ut
786 2226 1001 2266 abortiens
1029 2225 1184 2267 mulier
1212 2228 1386 2268 oculum
1417 2227 1581 2281 perdat,
1612 2237 1684 2265 aut

264 2308 409 2346 dentes
440 2303 611 2345 doleat?
641 2305 727 2345 Sed
757 2319 884 2358 pone,
916 2302 1012 2358 quia
1043 2319 1239 2358 percussa
1272 2304 1434 2345 dicatur
1463 2304 1507 2344 in
1539 2304 1683 2353 oculo,

264 2395 336 2423 aut
366 2383 409 2423 in
441 2383 588 2431 dente,
629 2393 667 2422 et
703 2381 802 2422 inde
833 2397 956 2421 causa
990 2382 1166 2422 aborsus
1198 2392 1340 2422 exorta
1379 2380 1448 2430 sit,
1485 2396 1602 2436 pone
1631 2380 1682 2419 li-

263 2477 423 2510 vorem,
457 2476 575 2515 pone
605 2459 755 2501 vulnus
787 2457 1017 2513 acceperit,
1058 2457 1161 2513 quid
1192 2459 1316 2499 etiam
1348 2457 1535 2498 dicemus
1566 2474 1684 2498 com-

383 2592 427 2646 ι)
456 2592 568 2633 Edd.
599 2590 794 2647 Merlini:
823 2607 963 2646 quem.

381 2661 427 2714 2)
457 2662 607 2702 Manli.
640 2662 688 2711 V,
717 2663 783 2704 38.
818 2663 912 2702 coll.
942 2662 1080 2703 Exod.
1108 2661 1226 2710 XXI,
1255 2662 1322 2703 24.

381 2733 428 2784 3)
457 2731 569 2773 Edd.
596 2731 791 2772 Merlini:
821 2731 1001 2773 mulieri.
1048 2750 1050 2752 ·
1119 2731 1164 2786 4)
1195 2731 1332 2772 Exod.
1361 2730 1482 2780 XXl,
1507 2731 1571 2772 24Α

385 2803 428 2853 5)
460 2801 505 2841 In
540 2800 658 2841 editis
697 2800 756 2855 (v.
798 2819 832 2843 e.
872 2794 966 2843 edd.
1003 2803 1092 2858 M.)
1136 2802 1249 2844 deest
1286 2819 1365 2843 vox
1395 2802 1686 2858 ‚,percussor‚“

269 2876 376 2919 quae
407 2858 615 2914 reperitur
643 2858 688 2898 in
718 2858 817 2900 Mss.
851 2857 899 2898 R.
1605 2876 1611 2886 ι
