1752 3136
236 111 322 155 422
847 108 1069 151 OmGEsis

614 328 1112 380 IIOMILIA
1185 328 1305 378 XV.

383 454 455 495 De
484 453 803 496 venditionibus
842 455 1078 495 domorum
1117 465 1156 494 et
1187 452 1536 496 redemtionibus.

362 567 401 608 1.
435 567 541 608 Tres
574 567 754 609 diversas
784 567 895 617 leges
937 567 990 607 de
1029 566 1262 606 domorum
1294 564 1610 607 venditionibus
1641 577 1681 606 ct

246 643 584 687 redemtionibus
614 662 692 700 per
721 645 877 685 Mosen
906 643 948 684 in
977 643 1164 685 Levitico
1196 645 1312 685 datas
1338 643 1543 693 videmus,
1576 659 1680 698 qua-

246 740 345 764 rum
382 721 688 764 continentiam
730 720 873 776 primo
918 721 1153 761 secundum
1194 720 1415 762 historiam
1445 732 1680 776 pertracte-

247 816 356 850 mus,
385 810 434 839 ut
463 810 561 854 post
590 800 674 839 hoc
707 797 831 839 etiam
874 799 927 838 ad
958 796 1221 853 spiritualem
1262 813 1431 839 sensum
1472 797 1681 853 possimus

249 860 521 918 adscendere.
585 876 836 916 Domorum
880 876 1090 930 quaedam
1130 887 1229 916 sunt
1256 874 1300 914 in
1330 874 1508 915 urbibus
1538 891 1682 914 mura-

249 953 313 1000 tis,
348 954 559 1008 quaedam
600 953 645 994 in
684 952 805 1002 vicis,
848 953 914 992 vel
953 951 1058 1002 agris
1096 968 1186 993 non
1226 951 1483 993 habentibus
1522 969 1682 993 muros.

252 1030 325 1071 Ait
355 1047 468 1083 ergo,
499 1043 558 1079 ut,
587 1030 619 1073 si
649 1029 693 1070 in
727 1029 891 1071 civitate
918 1041 1085 1071 murata
1105 1028 1346 1070 vendiderit
1371 1030 1462 1084 quis
1491 1031 1686 1080 domurn,

254 1125 334 1164 per
364 1125 526 1150 annum
556 1110 767 1159 integrum
796 1108 949 1148 habeat
981 1107 1149 1163 copiam
1182 1106 1443 1158 redimendi3
1480 1119 1578 1162 post
1611 1124 1686 1148 an-

255 1202 360 1226 num
393 1202 494 1227 vero
525 1197 711 1241 potestas
742 1184 1027 1241 recuperandi
1047 1185 1164 1225 nulla
1193 1184 1458 1226 conceditur.
1505 1184 1687 1241 „Erit¹>

255 1263 382 1314 enim,
410 1263 563 1319 inquit,
597 1264 752 1304 domus
781 1262 912 1319 ipsius
944 1260 1115 1303 emtoris
1149 1273 1261 1302 certa
1290 1261 1522 1317 possessio,
1555 1262 1588 1303 si
1621 1261 1687 1302 in-

255 1351 320 1381 tra
355 1357 515 1380 annum
556 1340 740 1381 liberare
783 1357 876 1381 eam
923 1356 1013 1380 non
1064 1338 1278 1394 potuerit,
1333 1340 1404 1393 qui
1455 1338 1683 1381 distraxit.“

257 1417 457 1458 Secunda
487 1418 553 1457 lex
585 1429 656 1466 est,
683 1428 744 1467 ut,
773 1417 807 1459 si
834 1419 1008 1466 domus,
1040 1432 1148 1471 quae
1182 1416 1378 1457 distracta
1410 1428 1489 1466 est,
1520 1417 1563 1458 in
1597 1418 1688 1459 vico

257 1494 398 1546 fuerit,
432 1494 504 1550 qui
533 1510 708 1536 murum
739 1512 832 1536 non
860 1494 1002 1544 habet,
1034 1493 1102 1534 cui
1135 1505 1279 1535 tamen
1320 1493 1412 1535 vico
1446 1510 1543 1546 ager
1574 1494 1692 1552 adja-

260 1583 364 1621 ceat,
395 1572 519 1613 liceat
559 1571 775 1613 venditori
827 1583 867 1613 et
905 1583 1004 1628 post
1039 1588 1225 1621 annum,
1265 1583 1306 1612 et
1344 1572 1692 1628 quandocunque

259 1649 464 1706 potuerit,
494 1650 713 1690 restituere
742 1649 941 1705 pretium,
975 1659 1014 1689 et
1043 1664 1296 1705 recuperare
1328 1665 1456 1704 quam
1490 1650 1694 1692 distraxe-

259 1739 325 1769 rat
354 1728 548 1769 domum.
599 1725 744 1767 Tertia
774 1726 838 1766 lex
870 1737 941 1776 est,
970 1737 1030 1776 ut,
1060 1726 1095 1767 si
1126 1728 1235 1767 sorte
1266 1727 1421 1769 domus
1452 1728 1503 1769 sit
1534 1729 1692 1780 levitae,

259 1805 326 1846 vel
356 1805 597 1854 sacerdotis,
628 1803 880 1859 ubicunque
908 1803 1036 1845 fuerit
1063 1803 1155 1844 talis
1188 1804 1363 1854 domus,
1403 1805 1489 1847 sive
1519 1807 1563 1847 in
1596 1808 1695 1848 civi-

262 1894 348 1925 tate
376 1895 558 1932 murata,
588 1881 674 1923 sive
702 1880 748 1921 in
781 1881 896 1930 vico,
930 1881 997 1922 cui
1027 1897 1175 1921 murus
1205 1897 1295 1922 non
1330 1893 1399 1932 cst,
1431 1882 1554 1924 liceat
1583 1902 1693 1925 sem-

262 1977 340 2017 per
372 1972 412 2001 et
441 1960 487 2000 in
518 1959 636 2001 omni
657 1970 869 2015 tempore,
899 1970 949 1999 ut
974 1959 1321 2014 quandocunque
1342 1960 1532 2015 potuerit
1561 1961 1696 2013 levita,

264 2039 330 2079 vel
360 2038 571 2087 sacerdos,
603 2037 786 2077 redimat
818 2038 998 2078 domum
1027 2053 1169 2078 suam:
1200 2053 1279 2077 nec
1310 2054 1502 2093 unquam
1533 2041 1598 2079 vel
1629 2057 1694 2082 sa-

265 2116 525 2158 cerdotalem
556 2115 621 2155 vel
651 2113 877 2155 Leviticam
895 2114 1205 2170 possessionem
1226 2116 1473 2156 confirmari
1489 2118 1532 2157 in
1553 2116 1696 2167 alium,

268 2193 343 2250 qui
372 2210 462 2235 non
492 2192 545 2234 sit
575 2190 765 2248 ejusdem
797 2191 970 2242 ordinis,
1003 2191 1144 2233 divina
1165 2190 1259 2248 jura
1279 2193 1542 2249 permittunt.
1589 2194 1696 2237 Istae

265 2282 365 2314 sunt
394 2286 492 2323 ergo
523 2270 646 2322 leges,
678 2268 831 2325 quibus
861 2271 1060 2311 utebatur
1087 2271 1277 2326 populus
1305 2269 1377 2311 ille
1404 2269 1537 2326 prior,
1569 2272 1695 2313 etiam

265 2349 503 2390 secundum
538 2347 622 2387 hoc
652 2345 812 2402 ipsum,
839 2347 958 2402 quod
987 2364 1066 2403 per
1089 2347 1309 2388 historiam
1340 2346 1596 2399 designatur,
1627 2367 1694 2391 re-

266 2425 415 2477 ligiose
447 2424 546 2466 satis
585 2435 626 2465 et
654 2423 726 2480 pie
761 2425 1098 2466 sacerdotalibus
1136 2425 1203 2465 vel
1240 2424 1433 2467 Leviticis
1474 2427 1696 2469 ordinibus

273 2503 556 2544 consulentes.

384 2580 424 2621 2.
457 2580 543 2621 Sed
575 2578 694 2619 citius
712 2578 815 2620 haec
832 2579 1064 2621 referamus
1095 2580 1148 2621 ad
1179 2595 1271 2629 nos,
1304 2578 1458 2635 quibus
1473 2579 1540 2621 lex
1569 2579 1695 2621 Chri-

271 2656 340 2707 sti,
380 2657 415 2699 si
445 2672 538 2697 eam
576 2672 823 2711 sequamur,
863 2671 943 2697 nec
979 2656 1265 2712 possessiones
1292 2656 1338 2698 in
1370 2668 1504 2707 terra,
1542 2674 1622 2698 nec
1652 2657 1697 2699 iu

270 2734 451 2776 urbibus
481 2734 637 2775 domos
666 2733 828 2774 habere
856 2733 1073 2790 permittit.
1138 2734 1196 2778 Et
1234 2735 1339 2792 quid
1379 2734 1475 2778 dico
1510 2733 1694 2777 domos?

392 2866 436 2922 1>
468 2866 556 2910 cfr.
587 2866 714 2910 Levit.
741 2867 879 2920 XXV,
908 2868 974 2911 30.
