1752 3136
456 153 502 182 m
530 141 787 182 Lssvrricmvt
815 139 1018 181 HominA
1033 139 1116 181 'XL
1412 143 1497 187 379

82 252 126 293 in
156 251 325 304 singulis
356 251 595 307 quibusque
624 251 885 299 criminibus,
916 251 1068 305 quibus
1099 263 1189 292 erat
1210 268 1350 308 poena
1381 271 1499 295 mor-

83 329 133 369 tis
164 327 386 382 adscripta.
444 330 573 383 Apud
606 328 867 369 Christianos
908 344 1007 368 vero
1049 328 1083 370 si
1120 329 1375 370 adulterium
1405 332 1499 370 sue-

81 405 408 455 rit-admissum,
437 422 526 446 non
557 417 616 446 est
643 416 935 460 praeceptum,
965 417 1011 446 ut
1035 407 1201 447 adulter
1225 407 1290 447 vel
1311 408 1503 449 adultera

85 482 302 537 corporali
330 483 502 523 interitu
530 482 788 537 puniantur:
824 499 905 523 nec
948 494 1130 538 potestas
1172 486 1269 525 data
1314 497 1371 526 est
1410 487 1501 541 epi-

82 576 214 614 scopo
247 559 458 609 ecclesiae,
488 560 725 601 adulterum
754 560 962 615 praesenti
993 572 1134 607 morte
1153 562 1369 611 damnare,
1396 563 1505 604 sicut

83 648 186 678 tunc
217 637 452 679 secundum
482 638 616 689 legem
648 638 775 678 fiebat
806 654 826 678 a
861 637 1120 693 presbyteris
1161 639 1325 693 populi.
1387 639 1506 692 Quid

82 714 237 767 igitur?
297 714 516 762 Dicemus,
547 715 666 769 quod
694 714 759 755 lex
790 714 922 756 BIosis
955 715 1134 756 crudelis
1166 715 1235 765 sit,
1288 729 1397 770 qua'e
1436 715 1506 769 ju-

82 794 155 833 bet
183 792 329 848 puniri
360 793 613 841 adulterum,
639 792 704 832 vel
735 793 992 842 adulteram3
1026 804 1065 832 et
1082 792 1359 843 Evangelium
1380 792 1505 833 Chri-

82 870 132 911 sti
173 887 251 926 per
279 859 586 921 indulgentiam
627 869 796 910 resolvit
826 868 1041 910 auditores
1072 868 1117 909 in
1148 868 1358 910 deterius?
1404 871 1506 911 Nou

84 947 142 988 ita
173 959 244 988 est.
301 946 535 1001 Propterea
568 945 680 986 enim
722 938 978 999 sermonem,
1003 945 1128 986 Pauli
1167 946 1425 1001 protulimus
1460 947 1506 988 in

86 1024 391 1080 superioribus,
423 1022 618 1064 dicentis:
650 1035 838 1077 „quanto
859 1023 902 1076 ¹)
933 1024 1062 1074 magis
1095 1022 1377 1064 deterioribus
1407 1042 1508 1080 sup·

84 1102 219 1157 pliciis
250 1102 398 1153 dignus
430 1113 501 1148 est,
534 1100 607 1154 qui
635 1101 770 1140 filium
798 1100 883 1140 Dei
911 1091 1262 1147 conc'ulcaverhf‘
1291 1112 1330 1140 et
1362 1114 1509 1143 cetera.

88 1179 204 1220 Audi
235 1194 346 1230 erg-o,
379 1178 601 1232 quomodo
632 1193 779 1232 neque,
802 1187 904 1217 tunc
938 1177 1118 1217 crudelis
1149 1177 1277 1217 fuerit
1305 1178 1392 1226 lex,
1432 1196 1508 1220 ne-

86 1272 314 1312 quenunc
346 1255 599 1297 dissolutum
628 1254 821 1295 videatur
850 1254 1126 1309 Evangelium
1158 1267 1337 1310 propter
1365 1257 1512 1298 veniae

86 1333 334 1385 largitatem,
364 1332 438 1373 sed
468 1331 512 1372 in
542 1343 728 1387 utroque
759 1332 842 1372 Dei
881 1332 1115 1382 benignitas
1146 1333 1313 1375 diversa
1340 1334 1509 1390 dispen-

87 1411 250 1453 satione
274 1421 487 1450 teneatur:
519 1409 615 1457 hoc,
646 1411 763 1463 quod
792 1409 1027 1450 secundum
1048 1409 1196 1461 legem,
1225 1410 1344 1450 verbi
1374 1428 1512 1461 causa,

90 1488 256 1528 adulter
283 1487 349 1527 vel
368 1487 558 1527 adultera
577 1486 789 1541 praesenti
816 1497 955 1526 morte
979 1487 1311 1542 puniebatur‚²)
1335 1502 1514 1545 propter

90 1565 174 1605 hoc
202 1563 358 1619 ipsum,
389 1565 507 1618 quod
536 1564 700 1618 peccati
728 1561 792 1604 sui
818 1559 991 1618 pei-tulit
1007 1579 1206 1618 poenam,
1240 1576 1278 1605 et
1301 1567 1515 1607 commissi

89 1641 256 1685 sceleris
297 1640 468 1681 exsolvit
513 1641 637 1693 digna
676 1640 895 1695 supplicia.
971 1640 1090 1695 Quid
1132 1642 1208 1696 erit
1261 1654 1360 1697 post
1396 1644 1515 1694 hacc,

93 1718 212 1774 quod
242 1717 462 1758 animabus
508 1734 658 1758 eorum
700 1717 874 1760 ultionis
913 1717 1153 1768 immineat,
1198 1719 1231 1759 si
1260 1719 1368 1760 nihil
1399 1721 1515 1762 aliud

93 1793 392 1850 deliquerunt?
424 1795 458 1835 si
488 1795 604 1835 aliud
633 1807 855 1850 peccatum
887 1813 977 1837 non
1009 1807 1079 1844 est,
1112 1796 1230 1850 quod
1261 1798 1518 1840 condemnet

95 1889 191 1922 eos,
229 1873 302 1913 sed
332 1872 416 1912 hoc
445 1872 586 1913 solum
618 1873 944 1922 commiserunt,
988 1884 1029 1914 et
1065 1884 1167 1913 tunc
1196 1885 1379 1923 tantum,
1419 1892 1516 1916 cum

92 1950 231 2006 puniti
268 1961 387 2000 sunt,
436 1961 476 1990 et
517 1950 616 2002 legis
655 1967 737 2005 pro
780 1950 863 1991 hoc
912 1949 1167 2005 supplicium
1217 1952 1516 2006 pertulerunt?

94 2029 196 2068 Non
234 2026 464 2067 vindicabit
511 2026 725 2068 Dominus
766 2028 828 2068 bis
873 2027 916 2068 in
960 2028 1006 2068 id
1053 2026 1216 2082 ipsum:
1266 2041 1519 2084 receperunt

98 2104 211 2145 enim
248 2106 472 2159 peccatum
509 2120 655 2153 suum,
695 2115 734 2144 et
771 2116 992 2146 consumta
1035 2116 1096 2146 est
1141 2104 1324 2146 criminis
1364 2123 1518 2161 poena.

95 2181 152 2222 Et
181 2181 280 2222 idco
311 2179 523 2221 invenitur
551 2181 634 2221 hoc
665 2179 792 2233 genus
822 2183 1036 2237 praecepti
1076 2197 1167 2223 non
1200 2184 1382 2232 crudele,
1415 2183 1523 2226 sicut

97 2257 298 2299 haeretici
328 2268 518 2300 asserunt
549 2270 787 2299 accusantes
817 2259 950 2311 legem
974 2259 1069 2309 Dei,
1102 2271 1142 2300 et
1170 2273 1366 2312 negantes
1394 2261 1437 2302 in
1473 2279 1528 2303 ea,

99 2334 372 2377 humanitatis
394 2334 555 2389 aliquid
577 2334 784 2376 contineri
799 2340 814 2376 :'
838 2338 910 2376 scd
932 2337 1108 2392 plenum
1128 2338 1435 2390 misericordia,
1452 2338 1520 2380 id-

101 2413 213 2454 circo
247 2414 365 2468 quod
395 2428 473 2467 per
502 2412 585 2452 hoc
615 2425 867 2468 purgaretur
898 2430 944 2454 ex
982 2414 1166 2470 peccatis
1205 2417 1392 2470 populus
1431 2433 1524 2456 ma-

101 2489 173 2542 gis,
203 2506 331 2544 quam
365 2490 736 2530 condemnaretur.
783 2491 908 2531 Nunc
928 2507 1027 2532 vero
1051 2475 1154 2533 non·
1169 2491 1352 2533 infertur
1381 2510 1525 2550 poena

102 2566 298 2622 corpori,
337 2583 416 2607 nec
445 2566 640 2621 purgatio
679 2565 842 2622 peccati
884 2585 961 2623 per
1002 2569 1229 2625 corporale
1266 2569 1523 2625 supplicium

105 2655 290 2693 constat,
333 2644 407 2684 sed
436 2660 514 2698 per
543 2644 875 2699 poenitentiam:
920 2662 1046 2700 quam
1086 2659 1229 2687 utrum
1271 2647 1363 2703 quis
1401 2646 1526 2698 digne

292 2692 312 2713 Ο

77 2731 232 2772 >gerat‚
262 2720 318 2761 ita
348 2731 396 2760 ut
424 2722 578 2763 mereri
607 2737 688 2778 pro
722 2738 770 2763 ea
800 2721 965 2764 veniam
998 2723 1140 2780 possit,
1170 2724 1326 2766 videto.
1395 2721 1527 2766 Multi

227 2881 271 2938 ¹)
302 2882 432 2926 chr.
465 2882 520 2935 X,
548 2884 615 2928 29.
735 2885 780 2941 2)
810 2884 919 2928 Edd.
954 2886 1146 2930 Merliui:
1179 2887 1481 2943 puniebantur·
