1752 3136
459 139 506 170 m
536 127 794 170 Lava-icum
823 124 1026 166 Honmm
1054 125 1106 166 ΙΙ.
1417 128 1503 173 193

70 241 216 299 ptima,
246 241 345 284 licet
375 241 482 282 dura
514 250 554 280 et
580 236 816 286 laboriosa,
860 251 938 290 per
966 234 1275 291 poenitentiam
1305 240 1495 283 remissio

67 321 357 375 peccatorum,
389 333 483 358 cum
513 316 623 356 lavat
651 322 853 368 peccator
881 314 926 355 in
945 312 1128 354 lacrimis
1150 325 1328 357 stratum
1357 333 1498 368 suum,

70 407 110 437 et
139 397 246 437 fiunt
277 395 314 437 ei
342 392 542 435 lacrimae
569 405 670 432 suae
697 404 827 445 panes
846 388 889 444 ¹)
930 388 999 429 die
1039 405 1087 430 ac
1128 402 1280 439 nocte,
1327 403 1366 434 et
1397 410 1495 436 cum

67 490 159 514 non
191 468 395 514 erubescit
423 466 631 510 sacerdoti
661 464 839 506 Domini
868 464 1058 506 indicare
1095 479 1316 522 peccatum
1354 487 1498 522 suum,

69 562 109 591 et
139 563 339 605 quaerere
367 543 640 593 medicinam,
669 542 903 584 secundum
937 557 1057 592 eum,
1099 543 1171 598 qui
1205 544 1281 586 ait:
1319 547 1434 597 „dixi
1449 547 1493 603 2)

66 623 356 682 pronuntiabo
388 622 607 663 adversum
638 636 707 661 me
736 617 984 675 injustitiam
1023 636 1163 662 meam
1193 620 1413 673 Domino,
1455 637 1496 666 et

63 713 110 743 tu
141 698 332 742 remisisti
360 697 618 754 impietatem
653 695 793 737 cordis
823 696 946 737 mei.“
1014 697 1063 738 In
1105 714 1192 754 quo
1222 699 1426 756 impletur
1457 713 1497 743 et

4 781 13 786 ’
62 777 183 826 illud,
216 777 334 832 quod
362 775 550 817 Jacobus
578 773 809 828 Apostolus
841 772 961 814 dicit:
990 773 1051 823 „si
1067 773 1112 831 3)
1144 776 1238 831 quis
1255 790 1397 819 autem
1426 779 1495 820 in-

63 855 270 902 firmatur,
300 863 421 893 vocet
450 852 718 908 presbyteros
751 850 969 900 ecclesiae,
1009 861 1049 892 et
1077 850 1307 906 imponant
1338 856 1383 897 eis
1402 874 1495 899 ma-

65 947 159 981 nus,
189 940 391 982 ungentes
422 943 518 968 eum
565 928 662 967 oleo
703 925 747 967 in
785 925 961 968 nomine
989 926 1184 970 Domini.
1250 931 1310 972 Et
1353 935 1494 976 oratio

64 1006 167 1049 fidei
195 1005 371 1048 salvabit
398 1004 641 1053 infirmum,
672 1014 712 1043 et
740 1003 773 1044 si
803 1003 849 1043 in
877 1003 1060 1059 peccatis
1088 1005 1237 1056 fuerit,
1277 1010 1496 1052 remitten-

65 1096 135 1125 tur
166 1083 242 1127 ei.“
308 1082 363 1122 Et
406 1092 454 1122 tu
494 1096 591 1133 ergo
634 1095 731 1120 cum
769 1080 942 1136 venis⁴²)
982 1081 1035 1121 ad
1074 1081 1251 1133 gratiam
1280 1085 1497 1141 baptismi,

63 1160 242 1202 vitulum
283 1156 492 1208 obtulisti,
539 1156 636 1212 quia
686 1156 792 1211 in⁵)
834 1168 1017 1199 mortem
1063 1157 1218 1202 Christi
1256 1162 1496 1219 baptizaris.

68 1236 179 1278 Cum
209 1250 309 1276 vero
341 1235 395 1275 ad
424 1233 676 1292 martyrium
708 1233 895 1283 duceris,
935 1234 1103 1276 hircum
1142 1236 1354 1290 obtulisti,
1396 1243 1496 1298 quia

66 1325 283 1355 auctorem
315 1311 477 1367 peccati
508 1311 729 1352 diabolum
758 1309 968 1367 jugulasti.
1037 1311 1146 1354 Cum
1177 1330 1277 1356 vero
1307 1317 1495 1360 eleemo-

62 1406 210 1448 synam
241 1388 411 1437 feceris,
452 1399 492 1429 et
536 1403 631 1440 erga
669 1387 907 1445 indigentes
943 1389 1144 1429 affectum
1180 1390 1497 1438 misericordiae

67 1466 248 1508 sollicita
277 1464 435 1519 pietate
466 1464 740 1520 dependeris,
784 1465 913 1505 altare
951 1481 1118 1506 sacrum
1148 1466 1298 1511 hoedis
1323 1471 1495 1527 pingui-

63 1544 143 1584 bus
174 1541 371 1588 onerasti,
428 1541 540 1581 Nam
570 1541 604 1582 si
634 1556 681 1582 ex
713 1541 844 1582 corde
875 1541 1082 1584 remiseris
1123 1558 1344 1599 peccatum
1373 1552 1495 1594 fratri

65 1631 156 1669 tuo,
188 1629 226 1659 et
254 1616 501 1658 iracundiae
532 1629 703 1659 tumore
733 1617 942 1674 deposit0‚
973 1618 1121 1660 mitem
1136 1620 1246 1663 intra
1267 1634 1306 1665 te
1326 1637 1366 1666 et
1392 1625 1496 1669 sim·
1552 1666 1554 1668 ,

65 1698 222 1754 plicem
261 1693 526 1745 recollegeris
568 1694 782 1743 animum,
826 1694 1068 1736 immolasse
1108 1706 1150 1737 te
1189 1699 1384 1753 arietem,
1430 1707 1497 1747 vel

67 1789 223 1826 agnum
253 1771 298 1812 in
327 1769 580 1812 sacrificium
622 1769 820 1812 obtulisse
861 1771 1045 1813 confide.
1109 1771 1250 1816 Porro
1291 1790 1432 1821 autem
1461 1783 1497 1824 si

67 1849 217 1892 divinis
253 1846 508 1889 lectionibus
547 1848 773 1889 instructus
820 1847 872 1889 sis
889 1848 934 1903 ὅ)
981 1848 1229 1892 meditando
1255 1854 1385 1896 “sicut
1423 1873 1497 1899 co-

65 1928 228 1976 lumba,
259 1936 299 1967 et
326 1924 371 1965 in
401 1924 490 1976 lege
520 1924 702 1966 Domini
730 1924 944 1976 vigilando
977 1925 1045 1966 die
1074 1942 1123 1968 ac
1152 1941 1302 1981 nocte,
1343 1934 1397 1974 ab
1429 1950 1496 1976 er..

67 2019 168 2045 rore
195 2018 271 2044 suo
303 2000 556 2043 converteris
592 2013 885 2057 peccatorem,
933 2013 972 2043 et
1012 2000 1174 2060 abjecta
1210 2007 1398 2063 nequitia
1439 2011 1495 2052 ad

67 2077 377 2134 simplicitatem
427 2093 522 2118 eum
568 2079 793 2120 columbae
837 2080 1120 2130 revocaveris,
1168 2093 1294 2139 atque
1339 2087 1496 2128 adhae-

68 2155 206 2197 rendo
237 2153 404 2204 sanctis,
432 2154 581 2197 feceris
610 2172 708 2198 eum
737 2156 982 2199 societatem
1008 2158 1185 2200 turturis
1211 2158 1388 2212 imitari,
1419 2180 1497 2219 par

186 2342 231 2396 ¹)
262 2342 374 2384 Edd.
403 2340 600 2382 Merlini:
629 2342 766 2398 panis.

187 2412 418 2468 ²) Psalm.
448 2412 633 2464 XXXII,
662 2415 700 2456 5.
729 2413 940 2470 (XXXI.)

184 2482 231 2538 ³)
263 2481 352 2528 Cfr.
381 2482 533 2524 Jacob.
562 2481 614 2531 V,
644 2482 710 2523 14.

186 2549 232 2605 ⁴)
266 2550 373 2595 Cod.
403 2552 796 2605 sangermanensis:
831 2554 1010 2606 ‚,venis.“
1068 2554 1187 2599 Libri
1229 2556 1328 2600 editi
1367 2559 1427 2616 (v.
1459 2577 1499 2613 c„

73 2607 169 2650 edd.
198 2607 307 2661 M.):
337 2610 564 2657 „veneris.“
594 2609 647 2650 R.

189 2677 234 2731 ⁵)
267 2676 373 2719 Cod.
417 2678 811 2731 sangermanensis:
864 2678 934 2728 „in
973 2685 1184 2723 mortem“
1232 2694 1309 2726 cte.
1379 2684 1498 2727 Libri

73 2732 174 2775 editi
203 2735 262 2790 (e.
294 2750 328 2776 c.
360 2735 456 2775 edd.
485 2735 598 2791 M.:)
630 2734 699 2786 „in
729 2741 896 2776 morte“
925 2746 1001 2778 etc.
1032 2737 1083 2780 R.

189 2802 235 2855 6)
264 2802 395 2844 Deest
423 2804 530 2853 „sis“
568 2805 612 2847 in
651 2816 771 2846 antea
810 2804 929 2846 editis
967 2805 1025 2863 (e.
1055 2823 1088 2851 c.
1118 2807 1162 2849 in
1193 2808 1288 2851 edd.
1317 2808 1429 2865 M.),
1458 2822 1498 2851 at

73 2859 284 2915 reperitur
312 2859 356 2900 in
389 2859 496 2902 Cod.
527 2861 891 2916 Sangermanensi.
918 2862 969 2907 R.

83 2935 309 2980 Omezms
342 2935 514 2980 OPERA.
548 2937 669 2982 ΤοΜ.
701 2938 776 2981 IX.
1117 2941 1172 2986 13
