1752 3136
223 122 310 169 230
817 119 1040 164 Omenms

232 233 447 279 observari
475 231 621 282 voluit,
650 243 699 274 ut
728 233 808 275 soli
837 233 1014 276 masculi
1044 234 1171 275 edant
1203 249 1249 274 ex
1272 248 1337 282 eo,
1367 231 1524 274 semina
1542 234 1660 275 nulla

233 312 460 366 contingat.
518 309 649 352 Addit
677 321 718 353 et
747 311 859 362 hoc,
890 313 1022 367 quod,
1052 311 1124 367 qui
1154 310 1334 364 tetigerit
1378 326 1446 359 ea,
1477 312 1659 352 sanctifi—

234 402 367 431 cetur.
427 388 514 430 Sed
543 387 577 430 si
607 387 783 432 velimus
811 406 928 430 nunc
961 389 1014 430 ab
1046 388 1118 438 iis,
1149 388 1221 443 qui
1252 387 1294 428 in
1327 386 1551 428 manifesto
1583 387 1663 428 Ju-

234 465 330 508 daei
357 453 482 516 sunt,
522 464 739 521 requirere
779 467 833 507 de
872 466 1064 519 singuli5,
1114 482 1195 521 qua
1236 465 1400 506 ratione
1439 463 1547 505 illud
1579 464 1662 505 hoc

233 543 367 585 modo
400 541 561 584 dictum
589 543 654 593 sit,
684 554 757 585 aut
784 543 892 585 illud
924 543 1008 585 alio
1040 544 1190 593 modo,
1219 543 1411 584 absoluta
1441 540 1567 583 nobis
1597 556 1665 581 re-

231 620 466 677 sponsione
494 619 760 669 satisfacient,
793 620 998 662 dicentes:
1028 619 1083 660 ita
1113 619 1247 661 visum
1281 631 1338 660 est
1358 620 1492 671 legem
1524 616 1665 658 danti:

231 713 362 739 nemo
394 696 562 739 discutit
591 696 830 737 Dominum
861 713 998 738 suum.
1064 696 1121 737 Et
1158 696 1256 738 ideo
1299 697 1493 737 cedentes
1533 694 1581 735 iis
1619 694 1665 735 in

233 774 394 823 ceteris,
425 774 477 814 de
510 772 592 812 hoc
620 772 850 814 novissimo
880 787 1079 814 sermone
1107 772 1394 827 requiramus,
1423 783 1470 812 ut
1500 771 1666 813 dicant:

232 850 457 906 quomodo
481 848 633 899 omnis,
663 847 736 904 qui
764 848 943 902 tetigerit
972 865 1017 889 ex
1046 847 1255 890 sacrificio
1281 862 1541 897 sanctorum,
1570 865 1666 890 san-

237 926 459 969 ctificetur.
520 925 568 967 Si
597 926 815 969 homicida
844 925 1047 980 tetigerit,
1089 925 1122 966 si
1152 926 1382 981 profanus,
1421 924 1454 965 si
1485 926 1666 975 adulter,

235 1003 333 1060 si¹)
357 1003 568 1053 incestus,
612 1002 895 1044 sanctificatus
935 1002 1043 1045 erit?
1100 1002 1201 1043 Non
1242 1001 1355 1042 enim
1396 1001 1559 1057 excepit
1589 1001 1666 1042 ali-

237 1096 387 1137 quem,
428 1081 500 1122 sed
531 1078 654 1122 dixit:
694 1079 861 1131 „omnis
877 1079 923 1136 2>
955 1080 1028 1136 qui
1057 1078 1236 1131 tetigerit
1267 1095 1336 1129 ea,
1385 1079 1667 1121 sanctificabi-

234 1162 345 1200 tur.“
403 1157 622 1199 Ponamus
655 1156 782 1206 enim,
814 1157 933 1213 quod
966 1156 1090 1198 etiam
1120 1173 1237 1197 nunc
1266 1155 1428 1208 integer
1458 1157 1508 1198 sit
1537 1168 1665 1199 status

233 1233 347 1278 illius
374 1234 547 1290 templi,
593 1235 832 1275 offerantur
872 1233 1056 1284 hostiae,
1102 1232 1306 1275 sacrificia
1347 1247 1665 1277 consumantur.

234 1311 447 1365 Ingressus
478 1322 540 1352 est
568 1308 718 1365 aIIquis
746 1310 955 1366 templum
986 1312 1202 1359 scelestus,
1233 1309 1425 1366 iniquus,
1455 1311 1666 1367 impurus,

236 1388 399 1430 invenit
426 1402 570 1429 carnes
602 1403 649 1428 ex
676 1385 890 1428 sacrificiis
918 1388 1185 1443 propositas,
1229 1398 1268 1427 et
1296 1387 1429 1439 tetigit
1459 1404 1538 1438 eas,
1571 1405 1667 1430 san-

238 1464 444 1506 ctificatus
474 1463 679 1505 continuo
708 1462 1092 1519 pronuntiabitur?
1121 1463 1353 1504 Enimvero
1375 1464 1496 1505 nullo
1517 1466 1668 1514 modo,

236 1541 304 1583 vel
333 1540 393 1582 rei
423 1552 597 1591 natura,
639 1541 707 1582 vel
736 1539 884 1581 veritas
915 1539 1128 1594 religionis
1160 1541 1245 1582 hoe
1274 1541 1446 1596 recipit:
1487 1552 1528 1582 et
1565 1540 1664 1582 ideo

236 1618 510 1660 redeundum
539 1616 667 1660 nobis
698 1628 758 1659 est
787 1618 842 1658 ad
885 1617 1168 1674 expositiones
1198 1617 1491 1671 Evangelicas,
1539 1629 1667 1674 atque

237 1693 529 1750 Apostolicas,
565 1706 613 1736 ut
649 1694 715 1736 lex
751 1693 883 1750 possit
919 1693 1110 1747 intelligi.
1195 1694 1287 1736 Nisi
1330 1694 1443 1736 enim
1471 1696 1666 1737 velamen

238 1770 460 1812 abstulerit
486 1771 765 1825 Evangelium
797 1772 851 1813 de
878 1770 986 1812 facie
1013 1771 1170 1822 Mosis,
1216 1788 1306 1812 non
1351 1783 1493 1828 potest
1531 1772 1665 1814 videri

238 1847 376 1889 vultus
405 1845 507 1904 ejus,
535 1864 615 1889 nec
642 1863 786 1891 sensus
816 1845 905 1905 ejus
933 1848 1121 1902 intelligi.
1160 1848 1269 1890 Vide
1295 1863 1408 1901 ergo,
1438 1851 1663 1905 quomodo

237 1923 282 1965 in
313 1923 486 1967 ecclesia
517 1912 830 1981 Apostolorum
862 1923 1059 1981 discipuli
1090 1927 1245 1967 adsunt
1274 1925 1351 1975 his,
1381 1942 1490 1982 quae
1518 1927 1664 1969 Moses

238 2000 424 2057 scripsit,
454 2014 494 2044 et
524 2003 764 2044 defendunt
793 2018 862 2052 ea,
892 2002 1011 2057 quod
1043 2013 1082 2043 et
1110 2001 1281 2058 impleri
1311 2014 1489 2059 queant,
1529 2015 1568 2046 et
1597 2021 1665 2046 ra-

236 2076 500 2121 tionabiliter
524 2079 680 2136 scripta
707 2078 864 2133 sint.³)
921 2079 1189 2120 ,Iudaeorum
1233 2096 1331 2121 vero
1365 2082 1584 2131 doctores,
1623 2093 1665 2123 et

236 2154 519 2211 impossibilia
562 2158 690 2209 haec,
747 2168 787 2198 et
831 2155 1162 2207 irrationabilia,
1214 2168 1436 2213 sequentes
1482 2158 1663 2211 literam,

236 2231 407 2274 faciant.

350 2309 394 2355 8.
425 2311 556 2365 Igitur
585 2310 862 2362 sacrificium,
906 2328 987 2368 pro
1029 2327 1115 2368 quo
1147 2312 1252 2354 haec
1287 2312 1431 2353 omnia
1459 2312 1662 2355 sacrificia

236 2387 283 2428 in
312 2400 414 2448 typo
447 2401 488 2432 et
515 2389 651 2442 figura
680 2401 1008 2446 praecesserant,
1039 2407 1197 2440 unum,
1229 2401 1268 2431 et
1296 2390 1549 2445 perfectum,
1580 2390 1661 2432 im-

237 2466 420 2509 molatus
451 2478 510 2510 est
540 2465 743 2509 Christus.
799 2465 938 2524 Hujus
968 2467 1162 2509 sacrificii
1193 2483 1364 2508 earnem
1402 2466 1439 2510 si
1478 2466 1569 2523 quis
1598 2478 1661 2509 te-

356 2661 401 2716 Ι>
434 2662 542 2706 Cod.
574 2665 872 2718 sanger-man:
904 2665 978 2715 '„si
1007 2663 1226 2709 incestus.“
1255 2663 1372 2706 Libri
1404 2663 1505 2707 editi
1533 2662 1592 2719 (ν.
1625 2680 1659 2705 c.

240 2718 335 2761 edd.
366 2717 476 2774 Μ);
506 2721 565 2771 „si
592 2722 895 2765 incestuosus.“
925 2721 974 2764 R.

354 2789 401 2841 2)
431 2790 559 2835 Levit.
589 2790 662 2841 VI,
692 2790 759 2836 18.

353 2858 403 2915 3)
430 2859 513 2904 Ed.
542 2859 677 2904 Ruaei
707 2862 820 2905 sola:
849 2873 958 2905 sunt.
