1752 3136
487 84 533 113 m
563 72 817 113 LEVITlcUM
847 70 1045 113 HommA
1076 72 1148 113 IX.
1444 74 1529 117 359

114 185 272 224 banum
304 184 427 225 nobis
457 184 746 239 quaerendum
781 195 858 230 est,
903 194 944 223 et
973 199 1061 224 non
1093 183 1388 238 qualecunque
1417 184 1524 225 liba-

110 278 228 310 num,
259 262 331 302 sed
362 260 605 302 dilucidum.
675 260 775 300 Non
821 259 907 299 vult
948 275 969 299 a
1009 272 1048 300 te
1085 258 1296 315 suscipere
1333 261 1524 314 pontifex

109 339 339 380 obscurum
370 337 542 392 aliquid,
571 347 642 376 aut
669 336 915 377 sordidum:
948 336 1180 378 dilucidum
1214 337 1390 392 quaerit.
1436 338 1523 378 Sed

111 426 151 454 et
180 416 404 465 galbanum
435 430 457 454 a
488 425 528 454 te
557 412 707 469 poscit,
740 413 856 470 cujus
885 425 1034 454 natura
1066 426 1145 463 est,
1185 426 1232 454 ut
1260 414 1523 456 vehementia

109 490 253 531 odoris
281 491 345 531 sui
372 501 583 546 serpentes
614 489 766 531 noxios
798 492 920 542 fuget.
981 489 1160 546 Quaerit
1189 502 1328 532 autem
1359 508 1382 532 a
1412 504 1453 532 te
1483 503 1524 532 et

108 579 283 607 stacten:
315 567 451 608 colata
483 567 609 617 enim,
641 579 681 609 et
711 568 924 608 defaecata
957 568 1047 609 vult
1078 584 1173 618 esse,
1205 569 1268 608 vel
1290 570 1416 609 verba
1440 586 1521 609 no-

107 655 201 690 stra,
232 644 295 684 vel
335 661 476 699 opera.
549 645 729 698 Quaerit
771 657 811 685 et
850 645 1082 703 onychem,
1124 662 1210 701 quo
1251 646 1363 685 velut
1401 657 1520 687 scuto

76 721 293 775 *quodam
326 723 549 775 obtegatur
570 722 610 777 ι)
643 722 796 771 anima,
825 734 866 763 et
893 722 1034 764 illaesa
1066 733 1323 778 permaneat.
1391 722 1452 763 Ita
1484 734 1523 762 et

105 809 144 837 te
175 798 262 837 vult
290 810 411 840 scuto
444 799 542 840 fidei
573 815 661 840 esse
689 811 944 855 protectum,
977 817 1062 855 quo
1096 800 1240 841 omnia
1271 798 1411 854 jacula
1428 816 1520 841 rna-

105 874 205 927 ligni
235 875 361 928 ignita
391 875 632 928 restinguas.
705 877 821 917 Haec
860 888 1002 917 tamen
1047 877 1193 917 omnia
1233 878 1320 918 vult
1359 876 1442 933 51²)
1481 889 1522 918 te

105 969 190 994 esse
221 954 480 1009 composita:
517 953 578 995 nil
616 953 931 1003 inordinatum,
977 953 1086 994 nihil
1113 952 1373 1009 inquietum,
1414 953 1521 994 nihil

103 1029 315 1079 indecens,
344 1032 417 1072 sed
448 1032 530 1072 hoc
560 1033 657 1080 vult,
688 1043 734 1071 ut
766 1030 909 1072 omnia
926 1042 1070 1070 nostra
1094 1029 1341 1086 composite,
1374 1042 1413 1071 et
1443 1032 1521 1070 ho-

102 1118 217 1146 neste
247 1107 361 1148 fiant.
419 1108 511 1148 Stat
541 1124 638 1159 ergo
679 1108 804 1148 etiam
842 1124 958 1148 nunc
997 1124 1117 1148 verus
1155 1107 1348 1163 pontifex
1379 1119 1522 1148 noster

105 1183 318 1233 Christus,
359 1196 398 1224 et
437 1183 594 1240 repleri
631 1185 719 1225 vult
757 1201 907 1226 manus
937 1202 1031 1226 suas
1071 1184 1244 1226 incenso
1277 1183 1518 1240 composito

102 1260 290 1302 minuto:
333 1273 374 1302 et
414 1262 466 1301 ab
506 1279 761 1317 unaquaque
796 1261 994 1312 ecclesia,
1046 1278 1156 1317 quae
1184 1262 1262 1303 sub
1296 1262 1418 1302 coelo
1451 1272 1521 1309 est,

100 1340 341 1380 considerat
370 1339 473 1395 quid
504 1341 729 1388 offeratur,
782 1356 909 1394 quam
949 1339 1109 1392 integre
1145 1339 1365 1381 incensum
1395 1355 1517 1380 suurn

102 1416 407 1472 diligenterque
439 1428 682 1471 componat,
715 1433 840 1471 quam
872 1416 1085 1457 minutum
1115 1418 1160 1457 id
1189 1415 1342 1464 faciat,
1370 1414 1416 1456 id
1447 1425 1520 1464 est,

103 1495 328 1549 quomodo
365 1494 656 1550 unusquisque
693 1505 887 1534 nostrum
937 1509 1068 1548 opera
1119 1509 1194 1534 sua
1241 1490 1430 1541 ordinet,
1478 1503 1519 1532 et

103 1573 324 1626 quomodo
354 1587 521 1613 sensum
552 1587 599 1611 ae
628 1571 753 1611 verba
786 1570 1104 1636 Scripturarum
1141 1568 1348 1625 spirituali
1378 1566 1520 1624 expla‘-

101 1648 274 1688 natione
303 1648 508 1689 discutiat.
565 1647 655 1687 Nec
685 1635 931 1699 angelorum
963 1645 1191 1689 ministeria
1223 1648 1277 1688 ad
1295 1646 1340 1701 3)
1372 1645 1519 1702 hujus-

101 1723 272 1766 cemodi
304 1724 443 1765 officia
473 1726 636 1765 desunt.
697 1722 848 1775 Angeli
889 1723 999 1763 enim
1032 1723 1113 1764 Dei
1156 1725 1438 1772 adscendunt,
1477 1733 1519 1763 et

101 1802 363 1843 descendunt
403 1802 456 1842 ad
496 1801 632 1841 filium
677 1799 884 1848 hominis,
936 1801 1214 1855 perquirunt,
1267 1811 1308 1841 et
1353 1800 1518 1840 curiose

101 1891 240 1933 agunt,
272 1879 375 1935 quid
404 1879 447 1919 in
479 1893 746 1933 unoquoque
777 1888 973 1917 nostrum
997 1877 1225 1926 inveniant,
1257 1878 1375 1933 quod
1407 1878 1516 1917 offe-

100 1969 197 1998 rant
234 1957 343 1999 Deo.
417 1955 572 1996 Vident
611 1966 650 1995 et
694 1966 1016 2010 perscrutantur
1059 1953 1391 2011 uniuscujusque
1434 1970 1515 1994 no-

98 2046 230 2075 strum
262 2044 462 2082 mentem,
491 2031 525 2073 si
555 2030 767 2086 habeat4)
807 2030 967 2086 aliquid
996 2031 1100 2080 tale,
1144 2031 1178 2072 si
1207 2042 1293 2071 tam
1323 2041 1513 2072 sanctum

99 2109 259 2164 aliquid
289 2109 462 2162 cogitet,
505 2109 622 2164 quod
661 2109 758 2148 Deo
799 2119 1013 2148 mereatur
1051 2108 1208 2149 offerri.
1280 2108 1516 2155 Intuentur‚

100 2199 141 2228 et
172 2187 464 2235 considerant,
503 2185 536 2227 si
567 2187 658 2241 quis
687 2196 882 2226 nostrum
914 2201 961 2225 ex
992 2184 1068 2233 his,
1098 2202 1208 2240 quae
1239 2184 1439 2225 dicuntur
1468 2184 1512 2223 in

101 2264 290 2318 ecclesia,
323 2264 453 2304 corde
485 2263 799 2318 compungitur,
831 2273 871 2303 et
900 2261 1089 2303 animum
1112 2261 1316 2303 convertit
1334 2261 1388 2302 ad
1406 2276 1510 2317 poe-

218 2487 392 2584 ῙὲΜεε.
438 2484 677 2537 „obtegitur
705 2483 860 2526 animal
890 2501 1013 2526 suurn
1056 2494 1096 2523 et
1122 2482 1313 2525 illaesum
1343 2497 1509 2537 perma-

98 2549 209 2586 net.“
282 2577 289 2584 .

217 2614 263 2667 ²)
298 2613 405 2653 Edd.
438 2611 631 2652 Mcrlini:
663 2611 707 2652 in
740 2622 790 2652 te.

214 2683 259 2738 ³)
291 2683 391 2723 Mss.
423 2683 502 2731 „ab
533 2679 827 2737 hujuscemodi
862 2677 1051 2720 officiis.“
1078 2679 1131 2720 R.
1164 2703 1214 2711 —
1252 2677 1365 2721 Edd.
1392 2677 1508 2719 Elet-

97 2739 172 2783 lini
202 2755 446 2796 perperam:
477 2740 558 2787 „ad
588 2735 881 2794 hujuscemodi
913 2734 1103 2777 officiis.“

216 2810 261 2864 4)
293 2809 404 2850 Edd.
435 2807 628 2849 Merlini:
660 2808 797 2848 habet.
