1752 3136
239 79 324 120 362
748 54 760 66 '
839 73 1060 116 ommis

242 190 337 231 Dei.
397 188 442 230 Si
475 188 644 242 diligam
682 190 828 229 fratres
859 204 990 237 meos,
1021 188 1077 228 ita
1110 199 1156 228 ut
1187 186 1370 228 animam
1410 203 1547 228 meam
1582 206 1660 244 po-

240 284 338 308 nam
367 283 447 322 pro
478 267 679 308 fratribus
708 266 823 316 meis,
854 266 887 307 si
918 283 999 322 pro
1032 264 1199 322 justitia,
1229 281 1310 319 pro
1330 263 1499 305 veritate
1528 282 1660 320 usque

237 347 291 386 ad
321 355 504 385 mortem
538 355 772 392 certavero,
815 343 1112 385 holocaustum
1148 341 1285 384 obtuli
1318 343 1371 381 ad
1404 342 1534 382 altare
1563 342 1659 383 Dei.

238 423 285 464 Si
315 422 508 463 membra
551 436 645 462 mea
688 421 740 460 ab
783 421 900 461 omni
933 420 1279 476 concupiscentia
1312 420 1447 460 carnis
1478 420 1661 460 mortifi-

238 517 403 549 cavero,
432 498 465 540 si
498 499 683 539 mundus
714 497 817 540 mihi
849 499 1069 540 crucifixus
1100 498 1162 548 sit,
1194 510 1233 539 et
1263 514 1338 550 ego
1370 498 1552 546 mundo,
1576 497 1657 537 ho-

236 578 475 618 locaustum
509 576 647 617 obtuli
678 577 731 616 ad
761 576 891 617 altare
921 576 1029 627 Dei,
1061 588 1099 616 et
1130 575 1218 631 ipse
1250 592 1370 616 meae
1400 574 1563 616 hostiae
1594 592 1658 615 sa-

235 656 386 696 cerdos
418 654 593 694 efficior.
662 654 759 693 Hoc
800 669 898 705 ergo
929 653 1063 693 modo
1100 654 1386 694 sacerdotium
1429 652 1586 705 geritur
1616 652 1660 693 in

235 732 375 788 prima
407 733 523 780 aede,
556 742 595 770 et
625 730 786 771 hostiae
818 730 1072 778 offeruntur,
1109 741 1149 770 et
1180 747 1226 770 ex
1258 731 1335 772 hac
1367 733 1472 772 aede
1502 730 1660 771 sancti-

233 808 365 850 ficatis
395 808 569 849 inclutus
598 806 852 848 vestimentis
880 807 1072 862 pontifex
1102 807 1409 862 proficiscitur,
1449 820 1489 849 et
1518 808 1657 859 ingre-

235 887 350 927 ditur
388 886 434 926 in
472 883 676 926 interiora
713 884 950 933 velaminis,
993 883 1101 926 sicut
1135 884 1327 938 superius
1369 885 1491 925 Pauli
1530 885 1660 925 verba

232 963 466 1020 posuimus,
496 962 693 1004 dicentis:
725 979 838 1012 „nou
858 962 900 1017 1>
931 961 974 1002 in
1007 979 1138 1002 manu
1171 962 1281 1003 facta
1313 973 1480 1011 sancta,
1509 962 1583 1002 sed
1615 960 1659 1000 in

232 1042 370 1097 ipsum
402 1041 571 1081 coelum
600 1039 854 1096 penetravit,
885 1039 1034 1094 inquit,
1064 1043 1207 1089 Jesus,
1250 1052 1288 1081 et
1320 1050 1496 1095 apparet
1524 1037 1659 1079 vultui

230 1118 315 1160 Dci
345 1136 425 1174 pro
456 1119 621 1160 nobis.“
682 1117 803 1158 Coeli
835 1134 933 1169 ergo
959 1119 1091 1166 locus,
1122 1130 1161 1158 et
1189 1119 1280 1173 ipsa
1305 1115 1389 1156 Dei
1420 1116 1551 1165 sedes,
1583 1131 1661 1170 per

229 1197 445 1238 interioris
475 1196 587 1237 aedis
618 1195 797 1248 figuram
829 1206 955 1250 atque
986 1194 1216 1246 imaginem
1256 1195 1510 1247 designatur.
1571 1192 1656 1232 Sed

230 1276 387 1315 mirum
410 1285 614 1315 contuere
635 1273 831 1313 ordinem
851 1285 1229 1313 sacramentorum.
1277 1271 1523 1324 Ingrediens
1544 1286 1655 1325 pon—

231 1352 330 1392 tifex
360 1351 402 1391 in
433 1362 575 1392 sancta
606 1361 866 1398 sanctorum,
896 1349 1036 1402 ignem
1056 1367 1201 1390 secum
1222 1350 1274 1390 de
1295 1349 1379 1389 hoe
1407 1347 1528 1388 altari
1555 1364 1656 1403 por-

231 1443 313 1480 tat,
359 1441 398 1470 et
437 1430 659 1470 incensum
697 1427 741 1467 in
757 1427 802 1481 ²)
845 1428 923 1467 hac
963 1428 1068 1467 aede
1097 1426 1279 1481 suscipit.
1349 1426 1435 1467 Sed
1467 1437 1507 1466 et
1536 1425 1658 1465 vcsti-

230 1520 386 1557 menta,
419 1506 572 1563 quibus
602 1506 777 1547 indutus
810 1517 885 1550 est,
916 1506 969 1545 de
999 1504 1083 1545 hoc
1114 1504 1213 1544 loco
1243 1502 1401 1545 sumsit.
1471 1501 1659 1543 Putasne

231 1584 475 1638 dignabitur
502 1584 720 1626 Dominus
753 1599 869 1624 meus
909 1598 1031 1622 verus
1070 1581 1262 1637 pontifex
1305 1593 1343 1622 et
1373 1596 1395 1621 a
1428 1596 1497 1620 me
1525 1579 1655 1621 susci-

229 1680 332 1718 pere
361 1674 527 1719 partem
561 1662 749 1717 aliquam
776 1659 939 1703 incensi
971 1659 1295 1715 compositionis
1323 1658 1504 1708 minuti,
1536 1658 1656 1713 quod

228 1759 372 1784 secum
405 1742 566 1781 deferat
597 1741 651 1780 ad
691 1738 883 1794 patrem?
941 1738 1126 1778 Putasne
1163 1735 1348 1777 inveniet
1386 1735 1432 1776 in
1469 1751 1538 1775 me
1579 1733 1656 1774 ali-

232 1821 336 1874 quid
367 1817 552 1870 igniculi,
585 1828 626 1858 et
657 1817 961 1857 holocaustum
991 1832 1134 1856 mcum
1167 1816 1340 1863 ardens,
1383 1825 1430 1853 ut
1461 1813 1656 1865 dignetur

233 1915 280 1937 ex
314 1914 363 1937 eo
395 1894 590 1935 batillum
619 1911 743 1936 suum
774 1893 955 1948 implere
986 1892 1260 1941 carbonibus,
1292 1903 1332 1932 et
1360 1890 1404 1931 in
1433 1889 1534 1945 ipsis
1554 1889 1652 1929 Deo

230 1974 340 2030 patri
371 1975 551 2013 odorem
584 1970 795 2013 suavitatis
837 1970 1024 2011 offerre?
1084 1969 1239 2010 Beatus
1281 1980 1360 2017 est,
1409 1965 1528 2023 cujus
1566 1979 1653 2007 tam

229 2051 366 2099 vivos,
413 2062 585 2106 tamque
621 2048 775 2101 ignitos
815 2047 1052 2089 holocausti
1092 2047 1155 2087 sui
1196 2047 1402 2087 carbones
1433 2043 1654 2093 invenerit,

230 2140 275 2169 ut
307 2145 378 2169 eos
401 2140 521 2183 aptos
550 2125 723 2184 judicet,
755 2142 861 2182 quos
893 2125 1013 2166 altari
1040 2136 1303 2180 superponat
1327 2121 1500 2164 incensi.
1541 2125 1654 2164 Bea-

229 2218 308 2255 tus,
338 2206 382 2246 in
415 2203 534 2261 cujus
565 2206 695 2246 corde
725 2204 932 2245 invenerit
961 2215 1046 2245 tam
1068 2203 1281 2251 subtilem,
1311 2211 1398 2241 tam
1422 2199 1654 2248 minutum,

227 2296 400 2338 tamque
431 2282 693 2338 spiritualem
723 2298 913 2330 sensum,
955 2292 993 2322 et
1029 2281 1084 2322 ita
1128 2280 1290 2321 diversa
1319 2277 1521 2318 virtutum
1555 2292 1651 2317 sua-

228 2361 354 2402 vitate
385 2360 684 2416 compositum,
715 2372 764 2402 ut
792 2360 957 2414 replere
987 2358 1183 2409 dignetur
1213 2373 1259 2397 ex
1290 2372 1341 2396 eo
1362 2371 1512 2396 manus
1540 2370 1650 2402 suas,

230 2440 412 2493 Deoque
441 2438 552 2495 patri
589 2453 759 2480 suavem
801 2437 982 2477 odorem
1014 2433 1312 2485 intelligentiae
1351 2431 1439 2489 ejus
1478 2433 1650 2472 offerre.

230 2519 283 2556 At
314 2528 460 2556 contra
488 2515 632 2556 infelix
664 2514 828 2564 anima,
870 2513 988 2570 cujus
1017 2512 1118 2553 fidei
1148 2512 1252 2564 ignis
1285 2508 1581 2560 exstinguitur,
1612 2518 1651 2548 et

228 2592 457 2644 refrigescit
487 2592 667 2635 caritatis
697 2593 832 2633 calor:
874 2592 926 2633 ad
969 2606 1095 2646 quam
1136 2606 1232 2631 cum
1271 2586 1432 2630 venerit
1462 2584 1650 2628 coelestis

347 2775 390 2829 ¹)
422 2774 553 2814 Hehr.
587 2774 661 2825 IX,
692 2775 757 2816 24.

342 2848 388 2899 ²)
420 2845 529 2888 Edd.
562 2844 758 2886 Merlini:
790 2845 843 2885 de
874 2845 949 2885 hac
982 2845 1098 2886 aede.
