1752 3136
280 107 368 154 214
883 107 1112 150 Offlessms

287 217 451 262 divitias
486 218 707 276 proprias,
745 219 950 276 quasdam
991 236 1093 262 vero
1122 235 1211 262 non
1241 219 1448 277 proprias.
1507 220 1593 267 Sed
1624 222 1708 263 hoc

286 295 520 351 evidentius
558 294 774 338 Dominus
812 296 856 337 in
893 294 1129 348 Evangeliis
1169 298 1421 349 declaravit,
1461 315 1558 341 cum
1588 299 1709 342 dixit:

283 374 430 430 „quod
449 372 492 429 ¹)
519 372 554 415 si
582 372 627 414 in
655 372 795 415 alieno
824 374 970 416 fideles
997 390 1089 415 non
1119 373 1264 425 fuistis,
1294 376 1412 431 quod
1434 387 1615 418 vestrum
1638 387 1711 426 est,

285 449 380 506 quis
409 449 529 492 dabit
568 448 742 493 vobis?“
780 453 1009 494 ostendens
1047 468 1126 508 per
1169 452 1255 494 hoc
1290 453 1521 508 praesentis
1556 436 1713 495 saeculi

285 525 450 568 divitias
479 543 570 568 non
601 542 688 569 esse
716 540 882 570 nostras
912 528 1121 584 proprias,
1150 530 1223 572 sed
1255 529 1424 572 alienas.
1473 528 1714 575 Transeunt

287 603 424 653 enim,
465 614 504 644 et
541 590 647 647 sicut
687 606 840 646 umbra
879 618 1161 661 praetereunt.
1232 605 1442 663 Propriae
1478 623 1578 648 vero
1618 616 1716 648 sunt

284 679 384 722 illae
414 679 595 730 divitiae,
627 681 680 721 de
710 683 863 736 quibus
894 681 1106 737 propheta
1137 682 1258 725 dicit:
1289 683 1418 737 „et²)
1452 685 1505 725 ad
1536 695 1577 724 te
1607 699 1712 724 con-

285 758 468 811 gregabo
501 755 666 798 divitias
696 757 924 810 gentium.“
969 759 1032 799 Ex
1050 758 1114 799 his
1141 754 1315 802 fortasse
1331 760 1482 802 divitiis
1517 772 1556 801 et
1575 761 1715 801 Abra-

285 833 446 884 ham3)
479 832 592 874 dives
621 834 754 875 factus
786 845 854 897 est
875 835 999 875 valde
1028 833 1073 874 in
1106 850 1236 884 auro,
1266 847 1306 876 et
1335 849 1530 890 argento,
1570 848 1610 878 et
1639 853 1715 892 pe-

285 908 481 958 coribus,
508 920 636 966 atque
667 910 786 952 omni
822 909 1085 967 supellectili.
1159 911 1232 953 Vis
1269 911 1345 954 tibi
1386 914 1629 963 ostendam,
1668 929 1716 953 ex

285 985 441 1043 quihus
468 986 674 1030 thesauris
703 988 961 1030 descendant
989 987 1092 1029 istae
1123 986 1319 1032 divitiae?
1376 988 1491 1030 Audi
1527 990 1715 1045 Aposto-

284 1053 376 1105 lum
405 1063 591 1106 Paulum
632 1065 843 1107 dicentem
881 1067 935 1107 de
974 1064 1170 1108 Domino
1209 1065 1312 1107 Jesu
1351 1065 1544 1108 Christo:
1582 1065 1653 1116 „in
1669 1064 1715 1120 ⁴²)

285 1156 373 1196 quo
407 1153 530 1193 sunt,
560 1140 721 1197 inquit,
761 1158 911 1184 omnes
947 1142 1134 1184 thesauri
1173 1141 1405 1198 sapientiae
1446 1155 1485 1184 et
1521 1141 1719 1185 scientiae

285 1217 564 1259 absconditi.“
638 1219 725 1261 Sed
765 1230 805 1260 et
841 1218 885 1260 in
924 1218 1162 1271 Evangeliis
1201 1219 1416 1261 Dominus
1457 1219 1579 1270 dicit,
1618 1220 1716 1276 quia

285 1295 425 1337 scriba
455 1296 567 1338 dives
598 1296 850 1352 „profert⁵)
881 1298 934 1337 de
963 1297 1166 1339 thesauris
1196 1297 1281 1338 suis
1320 1313 1431 1339 nova
1472 1308 1513 1337 et
1541 1302 1720 1338 vetera.“

285 1371 356 1413 De
386 1371 450 1413 his
482 1383 522 1413 et
563 1372 801 1428 Apostolus
841 1373 998 1415 Paulus
1041 1373 1163 1415 dicit:
1203 1373 1331 1430 „quia
1347 1372 1393 1430 ⁶)
1433 1372 1478 1414 in
1517 1373 1718 1415 omnibus

287 1449 434 1491 divites
463 1449 566 1491 facti
595 1448 691 1491 estis
720 1448 765 1490 in
794 1449 884 1501 illo,
914 1449 960 1491 in
990 1449 1111 1492 omni
1141 1451 1287 1500 verb0‚
1318 1461 1359 1491 et
1379 1450 1424 1491 in
1449 1450 1567 1491 omni
1583 1450 1718 1492 scien-

286 1526 386 1568 tia.“
443 1525 506 1568 Ex
536 1526 600 1569 his
631 1542 731 1581 ergo
763 1525 929 1577 divitiis,
959 1543 1069 1583 quae
1099 1527 1152 1567 de
1182 1526 1388 1570 thesauris
1417 1525 1649 1582 sapientiae
1679 1539 1720 1569 et

285 1602 488 1645 scientiae
515 1605 813 1660 proferuntur,
841 1605 1095 1646 mercandus
1124 1603 1250 1645 nobis
1290 1617 1349 1646 est
1379 1604 1455 1645 iste
1485 1603 1616 1656 aries,
1646 1604 1720 1661 qui

288 1680 437 1722 offerri
467 1682 621 1723 debeat
650 1698 732 1737 pro
764 1681 971 1737 peccatis,
1014 1681 1098 1722 illis
1127 1681 1307 1732 scilieet,
1355 1698 1463 1738 quae
1501 1681 1548 1724 in
1577 1695 1721 1724 sancta

287 1757 511 1800 commissa
541 1769 655 1808 sunt,
697 1769 738 1799 et
775 1757 867 1799 sicli
903 1757 1037 1800 sancti
1067 1757 1421 1800 adnumeratione
1449 1760 1718 1801 mercandus.

284 1834 382 1878 Jam
411 1835 606 1890 superius
638 1834 830 1884 diximus,
860 1835 981 1890 quod
1013 1834 1151 1876 omnis
1187 1834 1326 1877 hostia
1356 1846 1506 1894 typum
1537 1847 1651 1889 gerat
1681 1847 1721 1879 et

276 1910 517 1964 imaginem
556 1909 737 1963 Christi,
776 1912 913 1953 multo
952 1910 1082 1964 magis
1123 1911 1252 1961 aries,
1291 1911 1365 1967 qui
1404 1923 1445 1954 et
1480 1929 1561 1969 pro
1603 1913 1720 1955 Isaac

287 1989 511 2044 quondam
551 2005 576 2031 a
614 1988 713 2030 Deo
760 1988 1008 2030 substitutus
1054 1988 1173 2044 est7)
1222 1988 1526 2031 immolandus.
1601 1990 1718 2032 Siclo

286 2064 415 2118 igitur
442 2077 589 2107 sancto
621 2067 936 2122 comparandus
966 2066 1092 2108 nobis
1123 2077 1183 2107 est
1204 2064 1407 2116 Christus,
1439 2066 1512 2121 qui
1543 2079 1719 2123 peccata

287 2153 436 2184 nostra
467 2141 676 2185 dissolvat.
745 2143 882 2185 Siclus
911 2154 1078 2185 sanctus
1108 2142 1209 2185 fidei
1237 2153 1407 2184 nostrae
1435 2145 1620 2185 formam
1656 2156 1718 2187 te-

286 2231 370 2261 net.
431 2220 622 2263 sienim
650 2220 782 2262 fidem
814 2218 1016 2262 obtuleris
1055 2231 1259 2275 tanquam
1298 2219 1507 2276 pretium,
1550 2220 1717 2264 Christo

286 2298 403 2340 velut
432 2296 561 2340 ariete
589 2298 863 2339 immaculato
894 2294 940 2338 in
969 2296 1153 2339 hostiam
1178 2297 1293 2347 dato,
1324 2296 1617 2339 remissionem
1648 2315 1718 2340 ac-

289 2373 417 2430 cipies
447 2387 738 2431 peccatorum.
787 2373 953 2426 Sentio,
984 2375 1102 2430 quod
1131 2374 1175 2415 in
1205 2374 1471 2429 explanando
1502 2373 1607 2416 vires
1636 2391 1719 2415 no-

287 2462 391 2493 stras
424 2454 724 2511 mysteriorum
753 2462 925 2508 superat
955 2450 1218 2502 magnitudo.
1289 2450 1376 2492 Sed
1409 2451 1598 2506 quamvis
1628 2467 1719 2492 nou

407 2640 454 2695 ²)
482 2642 583 2684 Luc.
614 2641 732 2693 XVI,
762 2642 827 2687 12.
946 2640 993 2695 ²)
1026 2639 1112 2682 Cfr.
1143 2639 1322 2684 Zachar.
1353 2639 1470 2682 XIV.

403 2709 452 2764 3)
485 2710 572 2753 Cfn
606 2711 756 2754 Genes.
784 2711 901 2752 XIII.
1020 2709 1066 2767 ⁴)
1098 2709 1261 2752 Coloss.
1292 2709 1346 2760 II,
1373 2710 1413 2753 3.

406 2780 452 2835 ⁵)
485 2779 574 2822 Cfr.
606 2780 756 2822 Matth.
786 2779 906 2832 XIII,
935 2782 1002 2826 52.
1123 2780 1170 2836 αἱ)
1200 2780 1219 2821 Ι
1250 2779 1352 2824 Cor.
1382 2779 1415 2830 I,
1444 2780 1482 2824 5.

410 2849 454 2904 ⁷)
485 2848 572 2893 Cfr.
607 2849 759 2895 Genes.
791 2851 957 2895 XXIIs
