1752 3136
530 145 577 174 m
608 131 864 173 mvn-rcum
895 128 1094 172 HommA
1123 131 1172 170 V.
1485 135 1570 179 245

141 245 306 286 videtur
339 243 510 286 difficile
541 259 624 284 esse
656 241 769 296 ad¹)
798 241 1073 284 intellectum.
1129 240 1241 282 Illud
1274 242 1408 295 enim,
1442 250 1561 301 quod

142 324 363 363 edendum
386 321 497 369 dicit,
528 320 582 359 ad
610 329 832 373 peccatum
865 317 1012 357 referri
1042 317 1230 359 videtur:
1261 320 1369 360 sicut
1394 330 1434 359 et
1457 322 1559 363 alibi

139 399 241 439 dicit
271 400 322 438 de
365 395 651 439 sacerdotibus
691 394 923 449 propheta,
966 394 1064 449 quia
1103 394 1366 450 „peccata²)
1404 398 1559 452 populi

135 475 219 515 mei
251 454 608 516 mandticabuntf‘
674 470 803 510 Unde
845 481 884 510 et
925 468 993 509 hic
1036 471 1242 521 ostendit,
1290 474 1558 516 sacerdotem

133 562 355 606 peccatum
386 547 602 588 offerentis
635 548 860 587 comedere
891 547 1059 591 debere.
1127 548 1264 603 Saepe
1295 549 1557 593 ostendimus

135 644 182 667 ex
212 626 359 666 divinis
388 626 625 680 scripturis,
669 623 887 663 Christum
927 640 1011 664 esse
1043 636 1081 664 et
1111 624 1306 673 hostiam,
1336 642 1445 680 quae
1474 644 1555 682 pro

130 714 304 757 peccato
347 702 499 743 mundi
531 702 732 750 offertur,
772 712 812 741 et
839 703 1126 749 sacerdotem,
1169 702 1241 756 qui
1280 704 1435 744 offerat
1474 705 1555 745 ho-

129 779 262 825 stiam,
326 778 458 832 Quod
490 795 579 818 uno
611 778 741 817 verbo
774 778 1006 832 Apostolus
1038 778 1326 835 explicavit,3)
1360 798 1456 822 cum
1488 782 1553 822 di-

130 855 186 896 cit
205 855 271 910 ⁴):
304 856 465 910 „qui⁵)
497 872 540 897 se
568 855 706 910 ipsum
741 854 894 895 obtulit
928 854 1067 895 Deo.“
1137 854 1218 895 Hie
1259 871 1357 909 ergo
1397 868 1457 898 est
1486 875 1551 899 sa-

129 933 293 981 cerdos,
324 931 396 986 qui
427 943 599 986 peccata
630 930 784 986 populi
814 931 1012 981 comedit,
1052 943 1091 971 et
1123 932 1346 982 consumit,
1379 934 1430 974 de
1462 951 1548 989 quo

129 1007 289 1049 dictum
323 1019 402 1048 est:
443 1007 574 1063 „tufi)
618 1024 657 1048 es
701 1009 900 1048 sacerdos
941 1008 984 1047 in
1024 1017 1265 1057 aeternum,
1311 1011 1550 1051 secundum

127 1085 324 1126 ordinem
351 1084 708 1125 Melchisedech.“
769 1084 965 1124 Salvator
996 1099 1092 1134 ergo
1127 1094 1166 1122 et
1186 1083 1400 1126 Dominus
1430 1101 1550 1128 meus

124 1173 298 1217 peccata
342 1161 495 1216 populi
544 1161 637 1202 edit.
726 1160 968 1214 Quomodo
1017 1159 1103 1200 edit
1143 1172 1318 1215 peccata
1363 1161 1547 1218 populi?

121 1239 238 1279 Audi
269 1237 372 1293 quid
401 1237 700 1293 scriptumest:
731 1236 1116 1292 „Deus,⁷)inquit,
1146 1249 1290 1278 noster
1306 1237 1410 1290 ignis
1439 1255 1544 1279 con-

123 1331 292 1355 sumens
323 1320 421 1356 est.“
490 1313 608 1367 Quid
652 1313 864 1354 consumit
893 1314 1012 1355 Deus
1040 1313 1174 1366 ignis?
1205 1314 1427 1370 Numquid
1457 1326 1546 1356 tam

121 1389 317 1446 inepti3)
350 1391 516 1439 erimus,
546 1402 592 1431 ut
622 1402 830 1447 putemus,
864 1393 982 1446 quod
1012 1391 1130 1431 Deus
1162 1391 1267 1442 ignis
1295 1392 1409 1442 ligna
1439 1408 1544 1433 con—

121 1477 271 1514 sumat,
302 1477 372 1506 aut
401 1465 612 1520 stipulam,
644 1466 774 1521 aut9)
805 1466 1015 1508 foenum?
1071 1466 1159 1507 Sed
1188 1467 1399 1510 consumit
1426 1469 1545 1510 Deus

121 1542 226 1594 ignis
255 1543 442 1583 humana
471 1554 655 1597 peccata,
683 1543 753 1584 illa
785 1544 978 1593 absumit,
1007 1542 1080 1584 illa
1112 1545 1308 1594 devorat,
1337 1544 1409 1586 illa
1437 1562 1541 1601 pur-

122 1631 202 1672 gat,
234 1621 469 1660 secundum
501 1622 618 1675 quod
650 1632 690 1660 et
722 1620 822 1662 alibi
853 1620 974 1662 dicit:
1004 1619 1158 1675 „et¹⁰)
1184 1623 1377 1676 purgabo
1396 1634 1436 1663 te
1454 1622 1539 1676 igni

122 1697 176 1736 ad
208 1700 406 1750 purum.“
479 1695 574 1736 Hoc
608 1708 666 1738 cst
694 1699 953 1738 manducare
982 1709 1204 1752 peccatum
1235 1696 1336 1754 ejus,
1368 1699 1442 1754 qui
1473 1701 1538 1740 of-

119 1774 201 1812 scrt
228 1772 477 1813 sacrificium
509 1791 590 1829 pro
621 1785 807 1828 peccato.
892 1775 988 1830 Ipse
1027 1774 1138 1814 enim
1182 1787 1354 1829 peccata
1392 1788 1536 1823 nostra

118 1851 323 1905 suscepit,
362 1862 401 1890 et
437 1850 481 1890 in
521 1863 653 1891 semet
680 1850 772 1907 ipso
805 1868 853 1893 ea
882 1863 1086 1906 tanquam
1117 1850 1222 1902 ignis
1253 1851 1458 1901 comedit,
1497 1864 1538 1892 et

119 1927 312 1967 absumit.
374 1927 445 1968 Sic
478 1927 662 1983 denique
691 1945 713 1968 e
743 1927 956 1970 contrario
991 1944 1075 1977 eos,
1113 1927 1185 1983 qui
1213 1941 1465 1983 permanent
1491 1929 1535 1970 in

120 2004 313 2057 pcccatis,
344 2022 458 2046 mors
489 2005 642 2046 dicitur
672 2006 912 2058 deglutisse,
954 2003 1061 2046 sicut
1088 2004 1291 2061 scriptum
1323 2017 1399 2047 est:
1431 2008 1533 2056 „de-

237 2192 279 2247 1)
314 2192 419 2233 Cod.
461 2193 731 2245 Sangerman.
773 2194 938 2250 (itemq.
971 2194 1066 2234 edd.
1097 2192 1205 2246 Μ.);
1251 2192 1332 2243 „ad
1366 2191 1530 2233 intelle-

120 2256 272 2290 ctum.“
330 2250 446 2290 Libri
479 2250 597 2291 editi:
628 2254 707 2301 „ad
738 2251 1095 2304 intelligendum.“
1126 2250 1177 2290 R.

234 2319 281 2372 2)
313 2319 415 2360 Hos.
447 2320 517 2369 lV,
549 2319 586 2361 8.

231 2389 279 2442 3)
312 2389 420 2429 Cod.
456 2388 728 2440 Sangerman.
757 2391 997 2446 „explicat.“
1026 2390 1077 2430 R.

231 2459 278 2512 ⁴)
308 2459 418 2500 Edd.
450 2458 648 2500 Mcrlini:
676 2459 788 2500 dixit.
908 2461 953 2515 ⁵)
983 2460 1115 2500 Hebr.
1146 2457 1222 2508 IX,
1253 2458 1318 2503 14.

232 2529 278 2584 ⁶)
310 2529 463 2570 Psalm.
499 2528 589 2578 CX,
619 2531 658 2571 4.
777 2530 822 2586 7)
851 2530 980 2572 Dcut.
1008 2530 1081 2578 IV,
1108 2530 1176 2573 24.

230 2599 277 2654 8)
310 2598 418 2640 Cod.
450 2599 724 2650 Sangcrman.
753 2599 950 2655 ‚,incpti.“
996 2599 1115 2641 Libri
1147 2597 1246 2639 editi
1275 2597 1332 2653 (e.
1364 2613 1398 2638 c.
1431 2598 1524 2641 edd,

117 2656 227 2711 JM.):
257 2655 505 2710 „imperiti.“
534 2657 583 2696 R.

232 2724 278 2779 ⁹)
311 2724 419 2766 Cod.
451 2726 670 2777 Sangcrm.
701 2737 801 2775 „aut
829 2726 1057 2771 foenum?“
1116 2725 1233 2768 Libri
1263 2723 1362 2767 editi
1402 2723 1462 2779 (v.
1493 2738 1527 2763 c.

115 2783 211 2824 cdd.
245 2780 350 2835 M.):
379 2794 480 2832 „aut
507 2782 722 2830 serrum?“
752 2782 800 2825 R.

209 2852 280 2908 ¹⁰)
310 2850 432 2895 Jesai.
464 2852 498 2904 I,
526 2853 592 2896 25.
