<?xml version="1.0" encoding="UTF-8"?>
<!DOCTYPE html PUBLIC "-//W3C//DTD XHTML 1.0 Transitional//EN"
    "http://www.w3.org/TR/xhtml1/DTD/xhtml1-transitional.dtd">
<html xmlns="http://www.w3.org/1999/xhtml" xml:lang="en" lang="en">
 <head>
  <title>
</title>
<meta http-equiv="Content-Type" content="text/html;charset=utf-8" />
  <meta name='ocr-system' content='tesseract 3.04.00' />
  <meta name='ocr-capabilities' content='ocr_page ocr_carea ocr_par ocr_line ocrx_word'/>
</head>
<body>
  <div class='ocr_page' id='page_1' title='image "./operaomniaquaegr09orig_0273.png"; bbox 0 0 1752 3136; ppageno 0'>
   <div class='ocr_carea' id='block_1_1' title="bbox 567 126 1593 188">
    <p class='ocr_par' dir='ltr' id='par_1_1' title="bbox 567 126 1593 188">
     <span class='ocr_line' id='line_1_1' title="bbox 567 126 1593 188; baseline 0.005 -18"><span class='ocrx_word' id='word_1_1' title='bbox 567 141 612 170; x_wconf 81' lang='lat' dir='ltr'>m</span> <span class='ocrx_word' id='word_1_2' title='bbox 643 128 894 188; x_wconf 72' lang='lat' dir='ltr'>anmcum</span> <span class='ocrx_word' id='word_1_3' title='bbox 923 126 1123 168; x_wconf 71' lang='lat' dir='ltr'>Humum</span> <span class='ocrx_word' id='word_1_4' title='bbox 1142 129 1191 168; x_wconf 90' lang='lat' dir='ltr'>V.</span> <span class='ocrx_word' id='word_1_5' title='bbox 1512 132 1593 175; x_wconf 80' lang='lat'>261</span> 
     </span>
    </p>
   </div>
   <div class='ocr_carea' id='block_1_2' title="bbox 134 237 1589 2598">
    <p class='ocr_par' dir='ltr' id='par_1_2' title="bbox 134 237 1589 2598">
     <span class='ocr_line' id='line_1_2' title="bbox 289 237 1589 294; baseline -0.002 -11"><span class='ocrx_word' id='word_1_6' title='bbox 289 244 326 286; x_wconf 83' lang='lat'>9.</span> <span class='ocrx_word' id='word_1_7' title='bbox 358 241 524 283; x_wconf 77' lang='lat' dir='ltr'>Dicitur</span> <span class='ocrx_word' id='word_1_8' title='bbox 562 254 660 290; x_wconf 81' lang='lat' dir='ltr'>ergo</span> <span class='ocrx_word' id='word_1_9' title='bbox 699 238 743 278; x_wconf 88' lang='lat' dir='ltr'>in</span> <span class='ocrx_word' id='word_1_10' title='bbox 782 237 1073 293; x_wconf 84' lang='lat' dir='ltr'>sequentibus:</span> <span class='ocrx_word' id='word_1_11' title='bbox 1123 240 1329 294; x_wconf 82' lang='lat' dir='ltr'>„quod¹)</span> <span class='ocrx_word' id='word_1_12' title='bbox 1370 240 1402 279; x_wconf 88' lang='lat' dir='ltr'>si</span> <span class='ocrx_word' id='word_1_13' title='bbox 1446 254 1589 283; x_wconf 81' lang='lat' dir='ltr'>votum</span> 
     </span>
     <span class='ocr_line' id='line_1_3' title="bbox 178 313 1589 371; baseline -0.001 -11"><span class='ocrx_word' id='word_1_14' title='bbox 178 320 314 369; x_wconf 68' lang='lat' dir='ltr'>suerit,</span> <span class='ocrx_word' id='word_1_15' title='bbox 345 331 414 359; x_wconf 88' lang='lat' dir='ltr'>aut</span> <span class='ocrx_word' id='word_1_16' title='bbox 440 317 473 358; x_wconf 84' lang='lat' dir='ltr'>si</span> <span class='ocrx_word' id='word_1_17' title='bbox 502 313 786 355; x_wconf 79' lang='lat' dir='ltr'>voluntariam</span> <span class='ocrx_word' id='word_1_18' title='bbox 816 314 1104 354; x_wconf 78' lang='lat' dir='ltr'>sacrificaverit</span> <span class='ocrx_word' id='word_1_19' title='bbox 1134 332 1288 357; x_wconf 84' lang='lat' dir='ltr'>munus</span> <span class='ocrx_word' id='word_1_20' title='bbox 1317 331 1454 363; x_wconf 87' lang='lat' dir='ltr'>suum,</span> <span class='ocrx_word' id='word_1_21' title='bbox 1484 333 1589 371; x_wconf 87' lang='lat' dir='ltr'>qua-</span> 
     </span>
     <span class='ocr_line' id='line_1_4' title="bbox 176 389 1589 452; baseline -0.003 -14"><span class='ocrx_word' id='word_1_22' title='bbox 176 413 345 452; x_wconf 77' lang='lat' dir='ltr'>cunque</span> <span class='ocrx_word' id='word_1_23' title='bbox 379 394 445 435; x_wconf 83' lang='lat' dir='ltr'>die</span> <span class='ocrx_word' id='word_1_24' title='bbox 476 389 679 432; x_wconf 82' lang='lat' dir='ltr'>obtulerit</span> <span class='ocrx_word' id='word_1_25' title='bbox 707 389 962 430; x_wconf 79' lang='lat' dir='ltr'>sacrificium</span> <span class='ocrx_word' id='word_1_26' title='bbox 991 408 1136 440; x_wconf 84' lang='lat' dir='ltr'>suum,</span> <span class='ocrx_word' id='word_1_27' title='bbox 1178 394 1346 440; x_wconf 85' lang='lat' dir='ltr'>edetur,</span> <span class='ocrx_word' id='word_1_28' title='bbox 1389 404 1428 433; x_wconf 90' lang='lat' dir='ltr'>et</span> <span class='ocrx_word' id='word_1_29' title='bbox 1458 393 1589 435; x_wconf 82' lang='lat' dir='ltr'>altera</span> 
     </span>
     <span class='ocr_line' id='line_1_5' title="bbox 176 465 1589 524; baseline -0.001 -11"><span class='ocrx_word' id='word_1_30' title='bbox 176 473 255 513; x_wconf 82' lang='lat' dir='ltr'>die.</span> <span class='ocrx_word' id='word_1_31' title='bbox 311 472 366 512; x_wconf 88' lang='lat' dir='ltr'>Et</span> <span class='ocrx_word' id='word_1_32' title='bbox 395 469 512 523; x_wconf 91' lang='lat' dir='ltr'>quod</span> <span class='ocrx_word' id='word_1_33' title='bbox 540 465 797 521; x_wconf 74' lang='lat' dir='ltr'>superfuerit</span> <span class='ocrx_word' id='word_1_34' title='bbox 827 466 880 505; x_wconf 87' lang='lat' dir='ltr'>de</span> <span class='ocrx_word' id='word_1_35' title='bbox 917 468 1119 508; x_wconf 78' lang='lat' dir='ltr'>carnibus</span> <span class='ocrx_word' id='word_1_36' title='bbox 1153 468 1348 510; x_wconf 81' lang='lat' dir='ltr'>sacrificii</span> <span class='ocrx_word' id='word_1_37' title='bbox 1379 486 1513 524; x_wconf 86' lang='lat' dir='ltr'>usque</span> <span class='ocrx_word' id='word_1_38' title='bbox 1541 470 1589 511; x_wconf 83' lang='lat' dir='ltr'>iu</span> 
     </span>
     <span class='ocr_line' id='line_1_6' title="bbox 174 541 1586 598; baseline 0.003 -15"><span class='ocrx_word' id='word_1_39' title='bbox 174 549 285 590; x_wconf 74' lang='lat' dir='ltr'>diem</span> <span class='ocrx_word' id='word_1_40' title='bbox 327 544 519 593; x_wconf 80' lang='lat' dir='ltr'>tertium,</span> <span class='ocrx_word' id='word_1_41' title='bbox 557 544 654 594; x_wconf 78' lang='lat' dir='ltr'>igne</span> <span class='ocrx_word' id='word_1_42' title='bbox 692 542 961 584; x_wconf 80' lang='lat' dir='ltr'>cremabitur.</span> <span class='ocrx_word' id='word_1_43' title='bbox 1048 545 1093 585; x_wconf 90' lang='lat' dir='ltr'>Si</span> <span class='ocrx_word' id='word_1_44' title='bbox 1138 556 1292 598; x_wconf 51' lang='lat' dir='ltr'>autem⁴</span> <span class='ocrx_word' id='word_1_45' title='bbox 1321 541 1586 588; x_wconf 83' lang='lat' dir='ltr'>manducans</span> 
     </span>
     <span class='ocr_line' id='line_1_7' title="bbox 169 608 1585 678; baseline 0 -14"><span class='ocrx_word' id='word_1_46' title='bbox 169 622 482 665; x_wconf 80' lang='lat' dir='ltr'>manducaverit</span> <span class='ocrx_word' id='word_1_47' title='bbox 512 637 558 660; x_wconf 86' lang='lat' dir='ltr'>ex</span> <span class='ocrx_word' id='word_1_48' title='bbox 591 620 787 660; x_wconf 80' lang='lat' dir='ltr'>carnibus</span> <span class='ocrx_word' id='word_1_49' title='bbox 820 619 888 660; x_wconf 81' lang='lat' dir='ltr'>die</span> <span class='ocrx_word' id='word_1_50' title='bbox 918 620 1063 670; x_wconf 80' lang='lat' dir='ltr'>tertia,</span> <span class='ocrx_word' id='word_1_51' title='bbox 1111 608 1214 662; x_wconf 18' lang='lat' dir='ltr'>noni</span> <span class='ocrx_word' id='word_1_52' title='bbox 1243 623 1321 663; x_wconf 85' lang='lat' dir='ltr'>erit</span> <span class='ocrx_word' id='word_1_53' title='bbox 1362 635 1585 678; x_wconf 80' lang='lat' dir='ltr'>acceptum</span> 
     </span>
     <span class='ocr_line' id='line_1_8' title="bbox 168 697 1584 754; baseline 0.001 -14"><span class='ocrx_word' id='word_1_54' title='bbox 168 701 216 750; x_wconf 86' lang='lat' dir='ltr'>ei,</span> <span class='ocrx_word' id='word_1_55' title='bbox 246 698 317 754; x_wconf 87' lang='lat' dir='ltr'>qui</span> <span class='ocrx_word' id='word_1_56' title='bbox 349 700 477 739; x_wconf 86' lang='lat' dir='ltr'>offert</span> <span class='ocrx_word' id='word_1_57' title='bbox 505 697 636 746; x_wconf 85' lang='lat' dir='ltr'>illud,</span> <span class='ocrx_word' id='word_1_58' title='bbox 674 713 763 737; x_wconf 91' lang='lat' dir='ltr'>non</span> <span class='ocrx_word' id='word_1_59' title='bbox 793 698 1060 751; x_wconf 84' lang='lat' dir='ltr'>reputabitur</span> <span class='ocrx_word' id='word_1_60' title='bbox 1089 698 1148 747; x_wconf 87' lang='lat' dir='ltr'>ei,</span> <span class='ocrx_word' id='word_1_61' title='bbox 1191 699 1481 754; x_wconf 72' lang='lat' dir='ltr'><strong>coinquinatio</strong></span> <span class='ocrx_word' id='word_1_62' title='bbox 1513 712 1584 741; x_wconf 85' lang='lat' dir='ltr'>est.</span> 
     </span>
     <span class='ocr_line' id='line_1_9' title="bbox 163 773 1583 831; baseline -0.001 -13"><span class='ocrx_word' id='word_1_63' title='bbox 163 776 317 818; x_wconf 81' lang='lat' dir='ltr'>Anima</span> <span class='ocrx_word' id='word_1_64' title='bbox 348 787 488 816; x_wconf 83' lang='lat' dir='ltr'>autern</span> <span class='ocrx_word' id='word_1_65' title='bbox 516 773 550 815; x_wconf 86' lang='lat' dir='ltr'>si</span> <span class='ocrx_word' id='word_1_66' title='bbox 580 790 662 828; x_wconf 85' lang='lat' dir='ltr'>qua</span> <span class='ocrx_word' id='word_1_67' title='bbox 700 775 1018 816; x_wconf 73' lang='lat' dir='ltr'>manducaverit</span> <span class='ocrx_word' id='word_1_68' title='bbox 1059 791 1106 815; x_wconf 85' lang='lat' dir='ltr'>cx</span> <span class='ocrx_word' id='word_1_69' title='bbox 1137 791 1213 826; x_wconf 89' lang='lat' dir='ltr'>eo,</span> <span class='ocrx_word' id='word_1_70' title='bbox 1254 787 1476 831; x_wconf 85' lang='lat' dir='ltr'>peecatum</span> <span class='ocrx_word' id='word_1_71' title='bbox 1514 793 1583 818; x_wconf 78' lang='lat' dir='ltr'>ac-</span> 
     </span>
     <span class='ocr_line' id='line_1_10' title="bbox 162 851 1581 909; baseline 0.001 -16"><span class='ocrx_word' id='word_1_72' title='bbox 162 853 328 909; x_wconf 84' lang='lat' dir='ltr'>cipiet.“</span> <span class='ocrx_word' id='word_1_73' title='bbox 385 853 482 892; x_wconf 91' lang='lat' dir='ltr'>Hoc</span> <span class='ocrx_word' id='word_1_74' title='bbox 515 861 574 891; x_wconf 89' lang='lat' dir='ltr'>est</span> <span class='ocrx_word' id='word_1_75' title='bbox 603 851 828 900; x_wconf 84' lang='lat' dir='ltr'>nimirum,</span> <span class='ocrx_word' id='word_1_76' title='bbox 867 851 984 905; x_wconf 90' lang='lat' dir='ltr'>quod</span> <span class='ocrx_word' id='word_1_77' title='bbox 1015 862 1055 892; x_wconf 87' lang='lat' dir='ltr'>et</span> <span class='ocrx_word' id='word_1_78' title='bbox 1083 851 1223 892; x_wconf 88' lang='lat' dir='ltr'>David</span> <span class='ocrx_word' id='word_1_79' title='bbox 1255 852 1356 893; x_wconf 81' lang='lat' dir='ltr'>dicit</span> <span class='ocrx_word' id='word_1_80' title='bbox 1385 854 1429 893; x_wconf 90' lang='lat' dir='ltr'>in</span> <span class='ocrx_word' id='word_1_81' title='bbox 1460 853 1581 894; x_wconf 79' lang='lat' dir='ltr'>Psal—</span> 
     </span>
     <span class='ocr_line' id='line_1_11' title="bbox 161 925 1579 983; baseline 0.001 -14"><span class='ocrx_word' id='word_1_82' title='bbox 161 927 260 970; x_wconf 77' lang='lat' dir='ltr'>mis:</span> <span class='ocrx_word' id='word_1_83' title='bbox 291 929 454 983; x_wconf 77' lang='lat' dir='ltr'>,‚fiat2)</span> <span class='ocrx_word' id='word_1_84' title='bbox 487 926 622 968; x_wconf 85' lang='lat' dir='ltr'>oratio</span> <span class='ocrx_word' id='word_1_85' title='bbox 655 925 742 982; x_wconf 86' lang='lat' dir='ltr'>cjus</span> <span class='ocrx_word' id='word_1_86' title='bbox 773 926 815 966; x_wconf 87' lang='lat' dir='ltr'>in</span> <span class='ocrx_word' id='word_1_87' title='bbox 847 930 1294 983; x_wconf 75' lang='lat' dir='ltr'>peccatum2“quand0</span> <span class='ocrx_word' id='word_1_88' title='bbox 1320 946 1410 970; x_wconf 86' lang='lat' dir='ltr'>non</span> <span class='ocrx_word' id='word_1_89' title='bbox 1439 932 1579 971; x_wconf 83' lang='lat' dir='ltr'>solum</span> 
     </span>
     <span class='ocr_line' id='line_1_12' title="bbox 159 1002 1578 1063; baseline 0.002 -18"><span class='ocrx_word' id='word_1_90' title='bbox 159 1005 266 1046; x_wconf 83' lang='lat' dir='ltr'>nihil</span> <span class='ocrx_word' id='word_1_91' title='bbox 296 1003 447 1054; x_wconf 86' lang='lat' dir='ltr'>meriti,</span> <span class='ocrx_word' id='word_1_92' title='bbox 476 1005 548 1044; x_wconf 84' lang='lat' dir='ltr'>scd</span> <span class='ocrx_word' id='word_1_93' title='bbox 581 1002 704 1043; x_wconf 80' lang='lat' dir='ltr'>eliam</span> <span class='ocrx_word' id='word_1_94' title='bbox 737 1005 887 1060; x_wconf 77' lang='lat' dir='ltr'>culpae</span> <span class='ocrx_word' id='word_1_95' title='bbox 916 1006 1100 1045; x_wconf 85' lang='lat' dir='ltr'>multum</span> <span class='ocrx_word' id='word_1_96' title='bbox 1133 1022 1181 1045; x_wconf 83' lang='lat' dir='ltr'>ex</span> <span class='ocrx_word' id='word_1_97' title='bbox 1203 1006 1414 1047; x_wconf 77' lang='lat' dir='ltr'>sacrificiis</span> <span class='ocrx_word' id='word_1_98' title='bbox 1449 1023 1578 1063; x_wconf 83' lang='lat' dir='ltr'>quae-</span> 
     </span>
     <span class='ocr_line' id='line_1_13' title="bbox 157 1078 1578 1138; baseline 0.001 -17"><span class='ocrx_word' id='word_1_99' title='bbox 157 1082 276 1123; x_wconf 87' lang='lat' dir='ltr'>ritur.</span> <span class='ocrx_word' id='word_1_100' title='bbox 337 1080 465 1121; x_wconf 86' lang='lat' dir='ltr'>Audis</span> <span class='ocrx_word' id='word_1_101' title='bbox 495 1079 608 1121; x_wconf 89' lang='lat' dir='ltr'>enim</span> <span class='ocrx_word' id='word_1_102' title='bbox 647 1078 928 1131; x_wconf 78' lang='lat' dir='ltr'>legislatorem</span> <span class='ocrx_word' id='word_1_103' title='bbox 974 1083 1223 1130; x_wconf 80' lang='lat' dir='ltr'><strong>decernere,</strong></span> <span class='ocrx_word' id='word_1_104' title='bbox 1266 1083 1382 1137; x_wconf 83' lang='lat' dir='ltr'>quia,</span> <span class='ocrx_word' id='word_1_105' title='bbox 1420 1083 1455 1123; x_wconf 82' lang='lat' dir='ltr'>si</span> <span class='ocrx_word' id='word_1_106' title='bbox 1486 1085 1578 1138; x_wconf 85' lang='lat' dir='ltr'>quis</span> 
     </span>
     <span class='ocr_line' id='line_1_14' title="bbox 156 1156 1576 1212; baseline 0.001 -14"><span class='ocrx_word' id='word_1_107' title='bbox 156 1156 473 1198; x_wconf 79' lang='lat' dir='ltr'><strong>manducaverit</strong></span> <span class='ocrx_word' id='word_1_108' title='bbox 513 1173 560 1197; x_wconf 86' lang='lat' dir='ltr'>cx</span> <span class='ocrx_word' id='word_1_109' title='bbox 602 1172 674 1204; x_wconf 89' lang='lat' dir='ltr'>eo,</span> <span class='ocrx_word' id='word_1_110' title='bbox 721 1158 840 1211; x_wconf 89' lang='lat' dir='ltr'>quod</span> <span class='ocrx_word' id='word_1_111' title='bbox 877 1159 1134 1212; x_wconf 82' lang='lat' dir='ltr'>superfuerit</span> <span class='ocrx_word' id='word_1_112' title='bbox 1170 1159 1214 1198; x_wconf 87' lang='lat' dir='ltr'>in</span> <span class='ocrx_word' id='word_1_113' title='bbox 1253 1158 1418 1200; x_wconf 79' lang='lat' dir='ltr'>tertiam</span> <span class='ocrx_word' id='word_1_114' title='bbox 1450 1158 1576 1208; x_wconf 83' lang='lat' dir='ltr'>diem,</span> 
     </span>
     <span class='ocr_line' id='line_1_15' title="bbox 151 1223 1576 1292; baseline 0.001 -17"><span class='ocrx_word' id='word_1_115' title='bbox 151 1223 593 1290; x_wconf 67' lang='lat' dir='ltr'>peccatumaccipiet.</span> <span class='ocrx_word' id='word_1_116' title='bbox 651 1232 781 1273; x_wconf 89' lang='lat' dir='ltr'>Unde</span> <span class='ocrx_word' id='word_1_117' title='bbox 811 1235 1157 1291; x_wconf 57' lang='lat' dir='ltr'>cognoqcend-um</span> <span class='ocrx_word' id='word_1_118' title='bbox 1192 1247 1272 1286; x_wconf 84' lang='lat' dir='ltr'>est,</span> <span class='ocrx_word' id='word_1_119' title='bbox 1309 1249 1463 1292; x_wconf 83' lang='lat' dir='ltr'>quanta</span> <span class='ocrx_word' id='word_1_120' title='bbox 1496 1237 1576 1277; x_wconf 90' lang='lat' dir='ltr'>hu-</span> 
     </span>
     <span class='ocr_line' id='line_1_16' title="bbox 153 1310 1572 1366; baseline 0.003 -15"><span class='ocrx_word' id='word_1_121' title='bbox 153 1327 305 1351; x_wconf 81' lang='lat' dir='ltr'>manae</span> <span class='ocrx_word' id='word_1_122' title='bbox 335 1310 573 1352; x_wconf 85' lang='lat' dir='ltr'>conditioni</span> <span class='ocrx_word' id='word_1_123' title='bbox 605 1323 882 1366; x_wconf 87' lang='lat' dir='ltr'>peccatorum</span> <span class='ocrx_word' id='word_1_124' title='bbox 913 1310 1029 1352; x_wconf 81' lang='lat' dir='ltr'>labes</span> <span class='ocrx_word' id='word_1_125' title='bbox 1061 1311 1300 1363; x_wconf 84' lang='lat' dir='ltr'>immincat,</span> <span class='ocrx_word' id='word_1_126' title='bbox 1333 1331 1428 1355; x_wconf 89' lang='lat' dir='ltr'>cum</span> <span class='ocrx_word' id='word_1_127' title='bbox 1463 1315 1572 1356; x_wconf 81' lang='lat' dir='ltr'>oria-</span> 
     </span>
     <span class='ocr_line' id='line_1_17' title="bbox 152 1387 1573 1446; baseline 0.004 -18"><span class='ocrx_word' id='word_1_128' title='bbox 152 1400 222 1428; x_wconf 87' lang='lat' dir='ltr'>tur</span> <span class='ocrx_word' id='word_1_129' title='bbox 252 1388 376 1429; x_wconf 85' lang='lat' dir='ltr'>etiam</span> <span class='ocrx_word' id='word_1_130' title='bbox 406 1387 507 1428; x_wconf 81' lang='lat' dir='ltr'>inde</span> <span class='ocrx_word' id='word_1_131' title='bbox 545 1399 788 1442; x_wconf 86' lang='lat' dir='ltr'>peccatum,</span> <span class='ocrx_word' id='word_1_132' title='bbox 828 1389 943 1429; x_wconf 83' lang='lat' dir='ltr'>unde</span> <span class='ocrx_word' id='word_1_133' title='bbox 980 1387 1120 1429; x_wconf 83' lang='lat' dir='ltr'>hostia</span> <span class='ocrx_word' id='word_1_134' title='bbox 1159 1391 1473 1446; x_wconf 72' lang='lat' dir='ltr'>propitiationis</span> <span class='ocrx_word' id='word_1_135' title='bbox 1507 1394 1573 1433; x_wconf 86' lang='lat' dir='ltr'>os-</span> 
     </span>
     <span class='ocr_line' id='line_1_18' title="bbox 149 1463 1569 1519; baseline 0.003 -14"><span class='ocrx_word' id='word_1_136' title='bbox 149 1467 296 1505; x_wconf 81' lang='lat' dir='ltr'>fcrtur.</span> <span class='ocrx_word' id='word_1_137' title='bbox 355 1464 483 1513; x_wconf 78' lang='lat' dir='ltr'>Haec,</span> <span class='ocrx_word' id='word_1_138' title='bbox 510 1465 652 1513; x_wconf 82' lang='lat' dir='ltr'>credo,</span> <span class='ocrx_word' id='word_1_139' title='bbox 683 1463 954 1506; x_wconf 74' lang='lat' dir='ltr'>considerans</span> <span class='ocrx_word' id='word_1_140' title='bbox 975 1466 1120 1519; x_wconf 84' lang='lat' dir='ltr'>beatus</span> <span class='ocrx_word' id='word_1_141' title='bbox 1144 1466 1295 1518; x_wconf 79' lang='lat' dir='ltr'>David,</span> <span class='ocrx_word' id='word_1_142' title='bbox 1330 1468 1497 1509; x_wconf 84' lang='lat' dir='ltr'>dicebat</span> <span class='ocrx_word' id='word_1_143' title='bbox 1527 1468 1569 1509; x_wconf 88' lang='lat' dir='ltr'>in</span> 
     </span>
     <span class='ocr_line' id='line_1_19' title="bbox 149 1540 1569 1596; baseline 0.003 -14"><span class='ocrx_word' id='word_1_144' title='bbox 149 1540 349 1582; x_wconf 84' lang='lat' dir='ltr'>Psalmis:</span> <span class='ocrx_word' id='word_1_145' title='bbox 386 1552 586 1596; x_wconf 81' lang='lat' dir='ltr'>„peccata</span> <span class='ocrx_word' id='word_1_146' title='bbox 602 1540 647 1595; x_wconf 77' lang='lat'>³)</span> <span class='ocrx_word' id='word_1_147' title='bbox 692 1540 784 1595; x_wconf 80' lang='lat' dir='ltr'>quis</span> <span class='ocrx_word' id='word_1_148' title='bbox 820 1541 1071 1594; x_wconf 82' lang='lat' dir='ltr'>intelligit?“</span> <span class='ocrx_word' id='word_1_149' title='bbox 1139 1543 1242 1584; x_wconf 77' lang='lat' dir='ltr'>Voti</span> <span class='ocrx_word' id='word_1_150' title='bbox 1270 1545 1397 1596; x_wconf 83' lang='lat' dir='ltr'>igitur</span> <span class='ocrx_word' id='word_1_151' title='bbox 1426 1557 1464 1586; x_wconf 86' lang='lat' dir='ltr'>et</span> <span class='ocrx_word' id='word_1_152' title='bbox 1494 1561 1569 1586; x_wconf 84' lang='lat' dir='ltr'>vo-</span> 
     </span>
     <span class='ocr_line' id='line_1_20' title="bbox 148 1616 1567 1674; baseline 0.003 -16"><span class='ocrx_word' id='word_1_153' title='bbox 148 1617 318 1659; x_wconf 84' lang='lat' dir='ltr'>luntatis</span> <span class='ocrx_word' id='word_1_154' title='bbox 346 1616 598 1658; x_wconf 81' lang='lat' dir='ltr'>sacrificium</span> <span class='ocrx_word' id='word_1_155' title='bbox 630 1628 711 1666; x_wconf 86' lang='lat' dir='ltr'>est,</span> <span class='ocrx_word' id='word_1_156' title='bbox 744 1634 830 1672; x_wconf 90' lang='lat' dir='ltr'>quo</span> <span class='ocrx_word' id='word_1_157' title='bbox 863 1629 904 1658; x_wconf 88' lang='lat' dir='ltr'>et</span> <span class='ocrx_word' id='word_1_158' title='bbox 930 1620 1115 1659; x_wconf 80' lang='lat' dir='ltr'>secunda</span> <span class='ocrx_word' id='word_1_159' title='bbox 1146 1619 1319 1674; x_wconf 86' lang='lat' dir='ltr'>quidem</span> <span class='ocrx_word' id='word_1_160' title='bbox 1361 1620 1428 1662; x_wconf 82' lang='lat' dir='ltr'>die</span> <span class='ocrx_word' id='word_1_161' title='bbox 1459 1622 1567 1662; x_wconf 79' lang='lat' dir='ltr'>vesci</span> 
     </span>
     <span class='ocr_line' id='line_1_21' title="bbox 146 1692 1564 1750; baseline 0.003 -15"><span class='ocrx_word' id='word_1_162' title='bbox 146 1696 209 1736; x_wconf 84' lang='lat' dir='ltr'>fas</span> <span class='ocrx_word' id='word_1_163' title='bbox 241 1706 312 1743; x_wconf 84' lang='lat' dir='ltr'>est,</span> <span class='ocrx_word' id='word_1_164' title='bbox 342 1693 507 1748; x_wconf 86' lang='lat' dir='ltr'>penitus</span> <span class='ocrx_word' id='word_1_165' title='bbox 537 1709 636 1733; x_wconf 83' lang='lat' dir='ltr'>vero</span> <span class='ocrx_word' id='word_1_166' title='bbox 675 1692 896 1750; x_wconf 83' lang='lat' dir='ltr'>abjuratur</span> <span class='ocrx_word' id='word_1_167' title='bbox 932 1694 977 1736; x_wconf 88' lang='lat' dir='ltr'>in</span> <span class='ocrx_word' id='word_1_168' title='bbox 1023 1695 1205 1737; x_wconf 78' lang='lat' dir='ltr'>tertiam.</span> <span class='ocrx_word' id='word_1_169' title='bbox 1272 1697 1358 1739; x_wconf 88' lang='lat' dir='ltr'>Sed</span> <span class='ocrx_word' id='word_1_170' title='bbox 1398 1699 1470 1739; x_wconf 84' lang='lat' dir='ltr'>dat</span> <span class='ocrx_word' id='word_1_171' title='bbox 1498 1715 1564 1738; x_wconf 86' lang='lat' dir='ltr'>re-</span> 
     </span>
     <span class='ocr_line' id='line_1_22' title="bbox 145 1758 1561 1825; baseline 0.002 -13"><span class='ocrx_word' id='word_1_172' title='bbox 145 1771 335 1812; x_wconf 83' lang='lat' dir='ltr'>medium</span> <span class='ocrx_word' id='word_1_173' title='bbox 365 1758 679 1823; x_wconf 75' lang='lat' dir='ltr'>neglIgemibus.</span> <span class='ocrx_word' id='word_1_174' title='bbox 726 1769 785 1818; x_wconf 87' lang='lat' dir='ltr'>Si,</span> <span class='ocrx_word' id='word_1_175' title='bbox 814 1769 966 1825; x_wconf 87' lang='lat' dir='ltr'>inquit,</span> <span class='ocrx_word' id='word_1_176' title='bbox 994 1770 1201 1813; x_wconf 80' lang='lat' dir='ltr'>invalidus</span> <span class='ocrx_word' id='word_1_177' title='bbox 1231 1773 1373 1824; x_wconf 86' lang='lat' dir='ltr'>fueris,</span> <span class='ocrx_word' id='word_1_178' title='bbox 1405 1786 1444 1814; x_wconf 83' lang='lat' dir='ltr'>et</span> <span class='ocrx_word' id='word_1_179' title='bbox 1472 1792 1561 1815; x_wconf 86' lang='lat' dir='ltr'>non</span> 
     </span>
     <span class='ocr_line' id='line_1_23' title="bbox 145 1845 1562 1907; baseline 0.002 -19"><span class='ocrx_word' id='word_1_180' title='bbox 145 1848 332 1902; x_wconf 82' lang='lat' dir='ltr'>potueris</span> <span class='ocrx_word' id='word_1_181' title='bbox 364 1863 513 1888; x_wconf 82' lang='lat' dir='ltr'>omnes</span> <span class='ocrx_word' id='word_1_182' title='bbox 544 1863 689 1888; x_wconf 85' lang='lat' dir='ltr'>carnes</span> <span class='ocrx_word' id='word_1_183' title='bbox 717 1845 911 1888; x_wconf 82' lang='lat' dir='ltr'>sacrificii</span> <span class='ocrx_word' id='word_1_184' title='bbox 939 1850 1124 1907; x_wconf 79' lang='lat' dir='ltr'>secunda</span> <span class='ocrx_word' id='word_1_185' title='bbox 1167 1849 1289 1891; x_wconf 83' lang='lat' dir='ltr'>finire</span> <span class='ocrx_word' id='word_1_186' title='bbox 1319 1851 1409 1901; x_wconf 85' lang='lat' dir='ltr'>die,</span> <span class='ocrx_word' id='word_1_187' title='bbox 1454 1850 1562 1893; x_wconf 80' lang='lat' dir='ltr'>nihil</span> 
     </span>
     <span class='ocr_line' id='line_1_24' title="bbox 145 1919 1562 1984; baseline 0.003 -19"><span class='ocrx_word' id='word_1_188' title='bbox 145 1926 198 1966; x_wconf 84' lang='lat' dir='ltr'>de</span> <span class='ocrx_word' id='word_1_189' title='bbox 228 1924 291 1965; x_wconf 84' lang='lat' dir='ltr'>his</span> <span class='ocrx_word' id='word_1_190' title='bbox 319 1925 364 1965; x_wconf 86' lang='lat' dir='ltr'>in</span> <span class='ocrx_word' id='word_1_191' title='bbox 396 1925 464 1965; x_wconf 84' lang='lat' dir='ltr'>die</span> <span class='ocrx_word' id='word_1_192' title='bbox 492 1923 612 1964; x_wconf 78' lang='lat' dir='ltr'>tertIa</span> <span class='ocrx_word' id='word_1_193' title='bbox 649 1925 861 1973; x_wconf 82' lang='lat' dir='ltr'>comedas,</span> <span class='ocrx_word' id='word_1_194' title='bbox 889 1926 962 1966; x_wconf 85' lang='lat' dir='ltr'>sed</span> <span class='ocrx_word' id='word_1_195' title='bbox 990 1926 1074 1977; x_wconf 82' lang='lat' dir='ltr'>igni</span> <span class='ocrx_word' id='word_1_196' title='bbox 1105 1928 1225 1968; x_wconf 84' lang='lat' dir='ltr'>trade</span> <span class='ocrx_word' id='word_1_197' title='bbox 1247 1919 1384 1983; x_wconf 32' lang='lat' dir='ltr'>&#39;quod</span> <span class='ocrx_word' id='word_1_198' title='bbox 1413 1945 1562 1984; x_wconf 83' lang='lat' dir='ltr'>super-</span> 
     </span>
     <span class='ocr_line' id='line_1_25' title="bbox 145 2000 1560 2055; baseline 0.004 -13"><span class='ocrx_word' id='word_1_199' title='bbox 145 2014 216 2042; x_wconf 84' lang='lat' dir='ltr'>est.</span> <span class='ocrx_word' id='word_1_200' title='bbox 275 2001 321 2041; x_wconf 88' lang='lat' dir='ltr'>Si</span> <span class='ocrx_word' id='word_1_201' title='bbox 350 2001 465 2041; x_wconf 85' lang='lat' dir='ltr'>enim</span> <span class='ocrx_word' id='word_1_202' title='bbox 494 2000 674 2042; x_wconf 81' lang='lat' dir='ltr'>volueris</span> <span class='ocrx_word' id='word_1_203' title='bbox 714 2012 812 2055; x_wconf 86' lang='lat' dir='ltr'>post</span> <span class='ocrx_word' id='word_1_204' title='bbox 852 2002 959 2044; x_wconf 85' lang='lat' dir='ltr'>duos</span> <span class='ocrx_word' id='word_1_205' title='bbox 999 2003 1086 2046; x_wconf 84' lang='lat' dir='ltr'>dies</span> <span class='ocrx_word' id='word_1_206' title='bbox 1123 2006 1383 2046; x_wconf 79' lang='lat' dir='ltr'>manducare</span> <span class='ocrx_word' id='word_1_207' title='bbox 1413 2007 1466 2046; x_wconf 87' lang='lat' dir='ltr'>dc</span> <span class='ocrx_word' id='word_1_208' title='bbox 1495 2024 1560 2047; x_wconf 81' lang='lat' dir='ltr'>sa-</span> 
     </span>
     <span class='ocr_line' id='line_1_26' title="bbox 143 2077 1559 2139; baseline 0.004 -21"><span class='ocrx_word' id='word_1_209' title='bbox 143 2078 316 2127; x_wconf 82' lang='lat' dir='ltr'>crificio,</span> <span class='ocrx_word' id='word_1_210' title='bbox 345 2090 564 2131; x_wconf 83' lang='lat' dir='ltr'>peecatum</span> <span class='ocrx_word' id='word_1_211' title='bbox 597 2077 785 2132; x_wconf 73' lang='lat' dir='ltr'>accipies,</span> <span class='ocrx_word' id='word_1_212' title='bbox 843 2083 957 2130; x_wconf 86' lang='lat' dir='ltr'>Ego,</span> <span class='ocrx_word' id='word_1_213' title='bbox 987 2092 1118 2135; x_wconf 88' lang='lat' dir='ltr'>prout</span> <span class='ocrx_word' id='word_1_214' title='bbox 1146 2098 1289 2124; x_wconf 85' lang='lat' dir='ltr'>sensus</span> <span class='ocrx_word' id='word_1_215' title='bbox 1318 2083 1403 2123; x_wconf 87' lang='lat' dir='ltr'>mei</span> <span class='ocrx_word' id='word_1_216' title='bbox 1434 2099 1559 2139; x_wconf 85' lang='lat' dir='ltr'>capa-</span> 
     </span>
     <span class='ocr_line' id='line_1_27' title="bbox 144 2154 1554 2214; baseline 0.005 -20"><span class='ocrx_word' id='word_1_217' title='bbox 144 2156 243 2195; x_wconf 68' lang='lat' dir='ltr'>(ritas</span> <span class='ocrx_word' id='word_1_218' title='bbox 275 2155 413 2203; x_wconf 78' lang='lat' dir='ltr'>habet,</span> <span class='ocrx_word' id='word_1_219' title='bbox 444 2154 487 2194; x_wconf 88' lang='lat' dir='ltr'>in</span> <span class='ocrx_word' id='word_1_220' title='bbox 519 2156 601 2196; x_wconf 86' lang='lat' dir='ltr'>hoc</span> <span class='ocrx_word' id='word_1_221' title='bbox 632 2154 766 2196; x_wconf 80' lang='lat' dir='ltr'>biduo</span> <span class='ocrx_word' id='word_1_222' title='bbox 798 2168 903 2211; x_wconf 85' lang='lat' dir='ltr'>puto</span> <span class='ocrx_word' id='word_1_223' title='bbox 942 2158 1030 2198; x_wconf 89' lang='lat' dir='ltr'>duo</span> <span class='ocrx_word' id='word_1_224' title='bbox 1060 2169 1308 2200; x_wconf 83' lang='lat' dir='ltr'>testamenta</span> <span class='ocrx_word' id='word_1_225' title='bbox 1337 2177 1460 2214; x_wconf 84' lang='lat' dir='ltr'>posse</span> <span class='ocrx_word' id='word_1_226' title='bbox 1489 2160 1554 2201; x_wconf 89' lang='lat' dir='ltr'>in-</span> 
     </span>
     <span class='ocr_line' id='line_1_28' title="bbox 141 2231 1554 2294; baseline 0.004 -22"><span class='ocrx_word' id='word_1_227' title='bbox 141 2232 292 2284; x_wconf 78' lang='lat' dir='ltr'>telligi,</span> <span class='ocrx_word' id='word_1_228' title='bbox 331 2231 375 2272; x_wconf 89' lang='lat' dir='ltr'>in</span> <span class='ocrx_word' id='word_1_229' title='bbox 413 2232 566 2286; x_wconf 82' lang='lat' dir='ltr'>quibus</span> <span class='ocrx_word' id='word_1_230' title='bbox 606 2232 898 2294; x_wconf 20' lang='lat' dir='ltr'>liccatxomne</span> <span class='ocrx_word' id='word_1_231' title='bbox 934 2234 1137 2284; x_wconf 74' lang='lat' dir='ltr'>verbum,</span> <span class='ocrx_word' id='word_1_232' title='bbox 1178 2238 1296 2290; x_wconf 86' lang='lat' dir='ltr'>quod</span> <span class='ocrx_word' id='word_1_233' title='bbox 1328 2238 1378 2277; x_wconf 83' lang='lat' dir='ltr'>ad</span> <span class='ocrx_word' id='word_1_234' title='bbox 1412 2237 1554 2278; x_wconf 78' lang='lat' dir='ltr'>Deum</span> 
     </span>
     <span class='ocr_line' id='line_1_29' title="bbox 139 2308 1552 2367; baseline 0.003 -18"><span class='ocrx_word' id='word_1_235' title='bbox 139 2309 346 2365; x_wconf 85' lang='lat' dir='ltr'>pertinet,</span> <span class='ocrx_word' id='word_1_236' title='bbox 376 2335 431 2345; x_wconf 83' lang='lat'>-—</span> <span class='ocrx_word' id='word_1_237' title='bbox 462 2308 545 2350; x_wconf 89' lang='lat' dir='ltr'>hoc</span> <span class='ocrx_word' id='word_1_238' title='bbox 577 2310 689 2351; x_wconf 84' lang='lat' dir='ltr'>enim</span> <span class='ocrx_word' id='word_1_239' title='bbox 719 2322 778 2352; x_wconf 87' lang='lat' dir='ltr'>est</span> <span class='ocrx_word' id='word_1_240' title='bbox 806 2311 1057 2352; x_wconf 78' lang='lat' dir='ltr'>sacrificium</span> <span class='ocrx_word' id='word_1_241' title='bbox 1092 2336 1169 2361; x_wconf 55' lang='grc' dir='ltr'>-κ,</span> <span class='ocrx_word' id='word_1_242' title='bbox 1198 2313 1368 2367; x_wconf 83' lang='lat' dir='ltr'>requiri,</span> <span class='ocrx_word' id='word_1_243' title='bbox 1398 2325 1438 2353; x_wconf 90' lang='lat' dir='ltr'>et</span> <span class='ocrx_word' id='word_1_244' title='bbox 1469 2314 1552 2354; x_wconf 86' lang='lat' dir='ltr'>dis-</span> 
     </span>
     <span class='ocr_line' id='line_1_30' title="bbox 139 2386 1552 2446; baseline 0.001 -18"><span class='ocrx_word' id='word_1_245' title='bbox 139 2386 248 2437; x_wconf 78' lang='lat' dir='ltr'>cuti,</span> <span class='ocrx_word' id='word_1_246' title='bbox 287 2398 411 2440; x_wconf 88' lang='lat' dir='ltr'>atque</span> <span class='ocrx_word' id='word_1_247' title='bbox 443 2402 490 2425; x_wconf 81' lang='lat' dir='ltr'>cx</span> <span class='ocrx_word' id='word_1_248' title='bbox 520 2387 616 2442; x_wconf 79' lang='lat' dir='ltr'>ipsis</span> <span class='ocrx_word' id='word_1_249' title='bbox 647 2403 820 2428; x_wconf 84' lang='lat' dir='ltr'>omnem</span> <span class='ocrx_word' id='word_1_250' title='bbox 848 2407 990 2430; x_wconf 83' lang='lat' dir='ltr'>rerum</span> <span class='ocrx_word' id='word_1_251' title='bbox 1009 2388 1223 2431; x_wconf 73' lang='lat' dir='ltr'>scientiam</span> <span class='ocrx_word' id='word_1_252' title='bbox 1243 2390 1355 2446; x_wconf 87' lang='lat' dir='ltr'>capi:</span> <span class='ocrx_word' id='word_1_253' title='bbox 1385 2390 1418 2432; x_wconf 87' lang='lat' dir='ltr'>si</span> <span class='ocrx_word' id='word_1_254' title='bbox 1450 2390 1552 2446; x_wconf 83' lang='lat' dir='ltr'>quid</span> 
     </span>
     <span class='ocr_line' id='line_1_31' title="bbox 137 2464 1552 2521; baseline 0.002 -16"><span class='ocrx_word' id='word_1_255' title='bbox 137 2476 276 2505; x_wconf 78' lang='lat' dir='ltr'>autem</span> <span class='ocrx_word' id='word_1_256' title='bbox 307 2464 583 2518; x_wconf 73' lang='lat' dir='ltr'>superfuerit,</span> <span class='ocrx_word' id='word_1_257' title='bbox 623 2467 741 2520; x_wconf 86' lang='lat' dir='ltr'>quod</span> <span class='ocrx_word' id='word_1_258' title='bbox 782 2482 872 2506; x_wconf 91' lang='lat' dir='ltr'>non</span> <span class='ocrx_word' id='word_1_259' title='bbox 912 2465 1051 2506; x_wconf 80' lang='lat' dir='ltr'>divina</span> <span class='ocrx_word' id='word_1_260' title='bbox 1091 2466 1297 2521; x_wconf 80' lang='lat' dir='ltr'>scriptura</span> <span class='ocrx_word' id='word_1_261' title='bbox 1338 2470 1552 2518; x_wconf 82' lang='lat' dir='ltr'>decernat,</span> 
     </span>
     <span class='ocr_line' id='line_1_32' title="bbox 134 2540 1548 2598; baseline 0.002 -17"><span class='ocrx_word' id='word_1_262' title='bbox 134 2541 295 2581; x_wconf 83' lang='lat' dir='ltr'>nullam</span> <span class='ocrx_word' id='word_1_263' title='bbox 329 2540 451 2582; x_wconf 79' lang='lat' dir='ltr'>aliam</span> <span class='ocrx_word' id='word_1_264' title='bbox 486 2542 649 2582; x_wconf 77' lang='lat' dir='ltr'>tertiam</span> <span class='ocrx_word' id='word_1_265' title='bbox 679 2542 926 2598; x_wconf 80' lang='lat' dir='ltr'>scripturam</span> <span class='ocrx_word' id='word_1_266' title='bbox 967 2544 1121 2584; x_wconf 62' lang='lat' dir='ltr'>debere</span> <span class='ocrx_word' id='word_1_267' title='bbox 1162 2546 1215 2585; x_wconf 80' lang='lat' dir='ltr'>ad</span> <span class='ocrx_word' id='word_1_268' title='bbox 1255 2544 1548 2586; x_wconf 82' lang='lat' dir='ltr'>auctoritatem</span> 
     </span>
    </p>
   </div>
   <div class='ocr_carea' id='block_1_3' title="bbox 135 2617 1547 2677">
    <p class='ocr_par' dir='ltr' id='par_1_3' title="bbox 135 2617 1547 2677">
     <span class='ocr_line' id='line_1_33' title="bbox 135 2617 1547 2677; baseline 0.004 -19"><span class='ocrx_word' id='word_1_269' title='bbox 135 2617 330 2659; x_wconf 80' lang='lat' dir='ltr'>scientiae</span> <span class='ocrx_word' id='word_1_270' title='bbox 361 2618 526 2673; x_wconf 82' lang='lat' dir='ltr'>suscipi,</span> <span class='ocrx_word' id='word_1_271' title='bbox 560 2620 657 2677; x_wconf 79' lang='lat' dir='ltr'>quia</span> <span class='ocrx_word' id='word_1_272' title='bbox 687 2621 789 2662; x_wconf 58' lang='lat' dir='ltr'>haec</span> <span class='ocrx_word' id='word_1_273' title='bbox 823 2621 910 2662; x_wconf 79' lang='lat' dir='ltr'>&lt;lies</span> <span class='ocrx_word' id='word_1_274' title='bbox 932 2621 1051 2661; x_wconf 84' lang='lat' dir='ltr'>tertia</span> <span class='ocrx_word' id='word_1_275' title='bbox 1073 2622 1333 2672; x_wconf 75' lang='lat' dir='ltr'>nominatur,</span> <span class='ocrx_word' id='word_1_276' title='bbox 1362 2626 1435 2664; x_wconf 89' lang='lat' dir='ltr'>sed</span> <span class='ocrx_word' id='word_1_277' title='bbox 1462 2624 1547 2676; x_wconf 76' lang='lat' dir='ltr'>igni</span> 
     </span>
    </p>
   </div>
   <div class='ocr_carea' id='block_1_4' title="bbox 320 2722 465 2729">
    <p class='ocr_par' dir='ltr' id='par_1_4' title="bbox 320 2722 465 2729">
     <span class='ocr_line' id='line_1_34' title="bbox 320 2722 465 2729; baseline 0 407"><span class='ocrx_word' id='word_1_278' title='bbox 320 2722 465 2729; x_wconf 95' lang='lat' dir='ltr'> </span> 
     </span>
    </p>
   </div>
   <div class='ocr_carea' id='block_1_5' title="bbox 134 2723 318 2730">
    <p class='ocr_par' dir='ltr' id='par_1_5' title="bbox 134 2723 318 2730">
     <span class='ocr_line' id='line_1_35' title="bbox 134 2723 318 2730; baseline 0 406"><span class='ocrx_word' id='word_1_279' title='bbox 134 2723 318 2730; x_wconf 95' lang='lat' dir='ltr'> </span> 
     </span>
    </p>
   </div>
   <div class='ocr_carea' id='block_1_6' title="bbox 251 2793 1422 2923">
    <p class='ocr_par' dir='ltr' id='par_1_6' title="bbox 251 2793 1422 2923">
     <span class='ocr_line' id='line_1_36' title="bbox 252 2793 1422 2852; baseline 0.009 -22"><span class='ocrx_word' id='word_1_280' title='bbox 252 2793 296 2845; x_wconf 81' lang='lat'>¹)</span> <span class='ocrx_word' id='word_1_281' title='bbox 325 2793 454 2834; x_wconf 77' lang='lat' dir='ltr'>Levit.</span> <span class='ocrx_word' id='word_1_282' title='bbox 483 2793 574 2841; x_wconf 79' lang='lat' dir='ltr'>VH,</span> <span class='ocrx_word' id='word_1_283' title='bbox 607 2795 671 2837; x_wconf 77' lang='lat'>16.</span> <span class='ocrx_word' id='word_1_284' title='bbox 706 2794 766 2836; x_wconf 83' lang='lat'>17.</span> <span class='ocrx_word' id='word_1_285' title='bbox 799 2795 863 2839; x_wconf 85' lang='lat'>18.</span> <span class='ocrx_word' id='word_1_286' title='bbox 981 2797 1028 2852; x_wconf 80' lang='lat'>²)</span> <span class='ocrx_word' id='word_1_287' title='bbox 1057 2797 1209 2841; x_wconf 80' lang='lat' dir='ltr'>Psalm.</span> <span class='ocrx_word' id='word_1_288' title='bbox 1245 2797 1356 2850; x_wconf 89' lang='lat' dir='ltr'>ClX,</span> <span class='ocrx_word' id='word_1_289' title='bbox 1385 2800 1422 2843; x_wconf 81' lang='grc'>7.</span> 
     </span>
     <span class='ocr_line' id='line_1_37' title="bbox 251 2860 961 2923; baseline 0.006 -18"><span class='ocrx_word' id='word_1_290' title='bbox 251 2860 296 2918; x_wconf 82' lang='lat'>³)</span> <span class='ocrx_word' id='word_1_291' title='bbox 328 2862 480 2906; x_wconf 75' lang='lat' dir='ltr'>Psalm.</span> <span class='ocrx_word' id='word_1_292' title='bbox 509 2863 629 2918; x_wconf 77' lang='lat' dir='ltr'>XIX,</span> <span class='ocrx_word' id='word_1_293' title='bbox 659 2865 723 2908; x_wconf 79' lang='lat'>12.</span> <span class='ocrx_word' id='word_1_294' title='bbox 754 2865 961 2923; x_wconf 77' lang='lat' dir='ltr'>(XVIII.)</span> 
     </span>
    </p>
   </div>
  </div>
 </body>
</html>
