1752 3136
241 112 325 156 104
843 112 1063 156 Oxum-:ms

246 225 365 283 quod
395 224 587 275 suaserit,
626 233 727 266 tunc
763 223 849 282 jam
883 237 923 266 et
952 225 1096 281 genuit
1126 242 1217 268 nos.
1289 223 1515 267 Nascimur
1554 224 1666 267 enim

247 302 287 344 ei
322 302 398 344 filii
440 318 519 359 per
555 314 790 358 peccatum.
877 304 1037 344 Verum
1086 301 1290 359 quoniam
1339 314 1563 358 peccantes
1603 302 1670 343 vix

245 380 337 421 sere
367 378 532 429 accidit,
560 389 607 419 ut
636 379 725 420 sine
755 377 952 436 adjutore
981 395 1221 435 peccemus,
1255 379 1328 420 scd
1361 390 1433 419 aut
1454 378 1670 420 ministros

245 455 422 512 peccati,
452 466 525 496 aut
555 454 767 513 adjutores
795 471 965 512 semper
993 456 1270 512 requirimus:
1317 455 1433 495 verbi
1465 471 1608 503 causa,
1638 453 1673 496 si

247 530 503 573 adulterium
535 532 626 588 quis
656 532 861 582 molitur,
891 548 980 572 non
1011 544 1151 588 potcst
1180 534 1263 574 hoc
1293 532 1407 574 solus
1438 530 1674 583 admittere,

249 609 324 650 sed
354 625 520 651 neccsse
551 620 610 651 cst
638 609 762 650 etiam
805 609 1040 649 adulteram
1085 622 1327 650 consortem
1369 608 1462 649 fieri
1492 607 1675 649 sociam-

251 702 335 742 que
364 686 546 742 peccati:
586 697 688 726 tunc
728 697 945 738 praetcrea
977 685 1050 726 etsi
1081 702 1168 726 non
1200 687 1366 741 plures,
1417 701 1502 727 esse
1533 696 1674 725 tamen

247 778 418 805 neccsse
450 773 509 803 est
540 761 748 816 aliquem,
791 761 1076 818 vellaliquam
1108 761 1150 801 in
1173 761 1216 815 ¹)
1246 761 1486 804 ministeriis
1519 763 1572 803 ad
1604 778 1674 803 so-

249 838 442 879 cietatem
474 836 654 894 peccati:
702 837 774 893 qui
817 853 967 878 omnes
997 837 1112 877 velut
1141 854 1251 878 unus
1283 854 1328 878 cx
1361 840 1495 879 altero
1526 855 1678 880 sccun-

250 915 354 956 dum
385 914 670 971 persuasionis
702 914 899 955 ordinem
933 914 1131 967 generati,
1164 930 1209 954 ex
1244 925 1364 970 patre
1387 914 1562 956 diabolo
1592 931 1675 955 no-

249 993 342 1033 xiae
381 991 604 1033 nativitatis
642 991 892 1047 progeniem
935 992 1108 1031 ducunt.
1198 990 1252 1031 Et
1284 1002 1331 1032 ut
1370 993 1424 1032 ad
1456 1008 1526 1041 ea,
1568 1007 1677 1047 quae

248 1069 402 1124 scripta
432 1078 543 1118 sunt,
575 1068 804 1117 veniamus,
832 1068 1050 1109 Dominus
1081 1066 1306 1123 majestatis
1334 1068 1455 1109 Jesus
1487 1046 1678 1110 ChriStsus

248 1145 432 1186 salvator
468 1157 612 1187 noster
652 1143 874 1186 crucifixus
915 1155 985 1186 est.
1057 1143 1199 1202 Hujus
1243 1144 1401 1200 piaculi
1441 1156 1591 1186 auctor
1638 1156 1680 1185 et

249 1233 371 1278 pater
407 1222 575 1264 sceleris
614 1221 703 1262 sine
744 1221 877 1262 dubio
918 1220 1113 1262 diabolus
1144 1231 1215 1262 cst.
1312 1220 1382 1262 Sic
1424 1221 1535 1262 enim
1576 1221 1679 1262 scri-

250 1310 376 1355 ptum
413 1309 492 1340 est:
532 1297 718 1353 ‚,cum²)
758 1309 896 1339 autem
929 1296 1157 1339 introiisset
1191 1296 1389 1340 diabolus
1418 1297 1463 1338 in
1496 1314 1571 1340 cor
1599 1299 1680 1340 Ju-

253 1376 335 1416 dae
364 1374 587 1425 Iscariotis‚
617 1385 665 1416 ut
694 1376 879 1416 traderet
913 1377 1051 1415 cum.“
1109 1373 1237 1415 Pater
1265 1391 1363 1427 ergo
1395 1374 1557 1430 peccati
1588 1375 1680 1416 dia-

251 1452 379 1494 bolus
411 1463 480 1493 est.
539 1451 621 1492 Iste
653 1451 697 1492 in
729 1451 811 1491 hoc
841 1452 1000 1492 scelere
1029 1449 1216 1505 primum
1249 1451 1384 1492 filium
1411 1463 1583 1504 generat
1600 1452 1680 1493 Ju-

251 1528 365 1578 dam,
394 1529 466 1569 sed
496 1528 610 1570 solus
641 1529 724 1568 hoc
756 1527 889 1568 Judas
929 1526 1109 1583 implere
1155 1543 1243 1568 non
1282 1538 1464 1583 poterat.
1552 1528 1672 1585 Quid

251 1619 351 1656 ergo
382 1604 584 1660 scriptum
617 1602 707 1646 est?
735 1602 964 1659 „Ab‘iit,³)
1003 1603 1167 1659 inquit,
1201 1603 1334 1646 Judas
1365 1606 1419 1646 ad
1449 1605 1607 1648 scribas
1639 1617 1680 1647 ct

251 1680 516 1730 Pharisaeos,
547 1692 587 1722 et
617 1683 671 1723 ad
701 1681 950 1737 pontifices,
992 1680 1135 1722 (licens
1166 1681 1240 1722 iis:
1273 1680 1391 1736 Quid
1422 1683 1528 1724 mihi
1559 1683 1679 1734 datis,

252 1770 293 1799 et
321 1774 398 1811 ego
431 1757 549 1798 vobis
581 1773 678 1799 eum
709 1758 874 1798 tradam
887 1755 930 1797 ?“
969 1756 1166 1797 Nascitur
1200 1773 1297 1810 ergo
1331 1774 1378 1799 cx
1408 1759 1523 1802 Juda
1553 1777 1679 1813 gene-

251 1834 361 1875 ratio
392 1833 509 1874 tertia
542 1845 581 1874 et
611 1845 757 1889 quarta
789 1832 966 1888 peccati.
1040 1832 1095 1873 Et
1134 1833 1249 1874 hunc
1290 1835 1487 1877 ordinem
1527 1838 1681 1893 depre-

250 1911 442 1951 bendere
490 1910 649 1966 poteris
698 1909 823 1951 etiam
878 1911 922 1951 in
970 1909 1141 1961 singulis
1196 1911 1435 1968 quibusque
1484 1914 1698 1969 peccatis.-

249 1988 378 2028 Nunc
408 2003 508 2040 crgo
537 1987 753 2029 videamus
781 1988 1016 2029 secundum
1051 1987 1172 2038 hanc,
1206 2004 1334 2042 quam
1368 1989 1549 2032 diximus
1577 2008 1681 2047 pro·

254 2065 444 2116 geniem,
486 2062 710 2120 quomodo
742 2064 860 2105 Deus
900 2075 1070 2119 peccata
1102 2075 1269 2119 patrum
1302 2067 1452 2129 reddat
1480 2067 1524 2108 in
1555 2068 1680 2119 filios,

248 2141 293 2182 in
322 2141 489 2183 tertiam
520 2153 559 2182 et
589 2153 782 2197 quartam
815 2141 1076 2197 progeniem,
1109 2152 1150 2181 et
1180 2141 1224 2183 in
1257 2141 1375 2197 ipsos
1406 2160 1497 2184 non
1527 2145 1680 2186 reddat

250 2230 401 2273 patres.
470 2217 587 2259 Nihil
628 2218 740 2258 enim
781 2218 835 2258 de
875 2216 1067 2272 patribus
1106 2216 1208 2258 dixit
1248 2219 1380 2265 Deus,
1465 2220 1680 2263 Diabolus

253 2310 368 2348 ergo,
406 2295 479 2351 qui
510 2295 721 2350 peccandi
759 2293 846 2352 jam
877 2294 1056 2335 modum
1089 2294 1282 2344 excessit,
1320 2294 1430 2337 sicut
1467 2299 1681 2353 propheta

371 2525 414 2578 ¹)
438 2525 540 2567 Mss.
573 2526 868 2570 Turonenses:
910 2526 992 2576 „de
1033 2525 1233 2568 ministris
1273 2537 1312 2567 et
1342 2525 1500 2568 nuntiis
1532 2542 1580 2568 ac
1609 2545 1680 2571 so-

253 2580 325 2620 ciis
356 2583 562 2635 pcccati.“
595 2583 644 2624 Ρι.
1532 2637 1536 2641 ἱ

367 2650 413 2691 ἣ
446 2650 530 2691 Csr.
563 2668 620 2693 cv.
650 2654 810 2695 Joann.
847 2652 974 2701 XIII,
1017 2655 1058 2695 2.
1100 2653 1197 2696 coll.
1230 2652 1331 2694 [υς.
1372 2652 1515 2704 XXII,
1545 2655 1584 2697 3.
1625 2679 1682 2686 —

186 2738 189 2739 γ
225 2705 362 2772 'Edd.
393 2706 594 2749 Merlini:
625 2710 765 2750 Judae
795 2709 1041 2752 Scariothis.

367 2775 412 2832 ³)
441 2776 592 2818 Mauh.
632 2778 803 2830 XXVI,
844 2779 909 2824 14.
951 2780 1016 2826 15.
1067 2780 1164 2822 coll.
1204 2778 1340 2822 Marc.
1372 2777 1501 2832 XIV,
1544 2782 1609 2826 10.
1641 2791 1682 2822 et

251 2832 353 2874 Luc.
384 2832 524 2883 XXU,
557 2836 594 2875 1.
