1752 3136
541 119 589 148 m
618 106 819 149 Exomm
849 105 1051 149 Honmu.
1081 107 1110 147 Ι.
1512 106 1540 150 9

118 220 263 262 tlffzum
294 217 459 261 scribit:
499 218 752 273 „merum-¹)
792 230 878 261 esto
911 219 1057 260 Jesum
1102 216 1320 258 Christum
1351 234 1539 261 resurre-

117 299 222 339 xisse
254 315 276 339 a
305 296 483 337 mortuis
501 299 537 336 :“
576 295 739 351 dum2)
784 297 886 337 haec
922 294 1117 336 meminit
1155 295 1200 336 in
1239 297 1453 356 Aegypto,
1493 298 1539 339 id

121 387 190 425 est,
219 374 263 415 in
293 389 417 413 carne
445 384 611 423 nostra,
650 371 818 428 spiritus
861 385 1008 414 noster
1047 388 1225 423 regnum
1258 391 1355 415 cum
1384 374 1540 431 justitia

118 462 241 500 tenet,
273 461 313 490 et
340 449 451 490 filios
482 450 622 499 Israel,
654 466 761 506 quos
791 467 915 505 supra
940 450 1118 491 diximus
1141 451 1413 494 rationabiles
1442 469 1538 495 sen-

117 545 196 577 sus,
225 527 291 567 vel
322 526 485 567 animae
515 526 707 576 virtutes,
745 526 788 567 in
828 529 916 569 luto
959 539 999 568 ct
1028 529 1157 568 latere
1188 544 1277 569 non
1311 530 1538 581 consumit,

114 621 191 646 nec
224 603 333 645 curis
365 621 434 646 eos
464 604 640 645 terrenis
672 616 712 645 et
741 604 1099 646 sollicitudinibus
1131 605 1280 645 atterit.
1350 605 1396 647 Si
1437 624 1537 648 vero

112 681 345 737 perdiderit
373 681 527 721 horum
558 679 809 721 memoriam
841 698 984 724 sensus
1013 693 1179 732 noster,
1211 683 1484 725 declinaverit
1515 701 1539 726 a

112 758 234 807 Deo,
263 758 458 799 nescierit
489 757 727 808 Christum,
758 770 860 799 tunc
889 758 1092 814 sapientia
1123 760 1279 811 carnis,
1319 778 1428 817 quae
1456 762 1539 803 ini-

111 835 221 876 mica
254 846 314 877 est
341 836 454 887 Deo,
482 836 671 877 succedit
698 836 743 876 in
773 852 962 888 regnum,
993 849 1031 878 et
1062 838 1295 893 alloquitur
1310 851 1475 890 gentem
1492 839 1538 896 3)

113 929 244 964 suam,
278 929 505 968 corporeas
543 912 700 954 scilicet
737 914 994 969 voluptates,
1041 926 1080 955 et
1119 914 1319 956 vitiorum
1359 917 1538 959 ducibus

116 991 169 1031 ad
185 988 230 1046 ⁴²)
262 989 486 1031 consilium
517 990 780 1039 convocatis,
818 990 948 1031 initur
977 991 1227 1033 deliberatio
1260 994 1457 1035 adversus
1486 997 1537 1036 fi-

114 1067 194 1108 lios
226 1067 380 1117 Israel,
422 1068 644 1122 quomodo
677 1067 1080 1118 circumveniantur,
1129 1071 1351 1125 quomodo
1390 1071 1537 1127 oppri-

112 1156 303 1195 mantur,
333 1156 381 1185 ut
410 1144 501 1185 luto
534 1156 573 1185 et
603 1143 805 1185 lateribus
844 1145 1108 1197 affligantur,
1146 1158 1195 1187 ut
1232 1160 1369 1188 mares
1409 1165 1540 1205 expo-

113 1233 229 1272 nant,
258 1221 436 1263 feminas
467 1222 593 1270 alant,
624 1233 672 1262 ut
702 1222 925 1264 aedificent
955 1222 1137 1265 civitates
1168 1225 1370 1284 Aegypti,
1409 1238 1450 1267 et
1479 1227 1538 1268 ci-

112 1299 256 1342 vitates
295 1298 490 1341 munitas.
569 1300 671 1340 Non
718 1299 844 1340 nobis
883 1301 986 1341 hacc
1024 1302 1077 1341 ad
1127 1300 1346 1343 historiam
1385 1304 1539 1361 scripta

114 1388 232 1425 sunt,
276 1393 417 1432 neque
452 1379 692 1433 putandum
743 1388 802 1418 cst
844 1376 977 1419 libros
1027 1377 1191 1420 divinos
1231 1381 1539 1440 Aegyptiorum

114 1465 224 1505 gesta
254 1470 450 1495 narrare:
493 1455 566 1495 sed
607 1470 715 1509 quae
743 1455 896 1510 scripta
927 1467 1047 1505 sunt,
1092 1457 1208 1511 ad5)
1236 1470 1427 1501 nostram
1458 1461 1539 1502 do-

114 1530 291 1571 ctrinam
323 1542 363 1572 et
393 1529 774 1572 commonitionem
805 1531 958 1587 scripta
988 1545 1106 1573 sunt:
1147 1545 1194 1574 ut
1221 1546 1290 1585 tu,
1320 1537 1405 1591 tqui
1434 1539 1540 1580 haec

114 1607 245 1658 audis,
277 1607 310 1649 si
339 1610 450 1649 forte
478 1607 562 1664 jam
595 1608 767 1661 gratiam
797 1608 997 1664 baptismi
1027 1623 1275 1652 consecutus
1307 1629 1361 1663 es,
1393 1625 1433 1654 ct
1463 1617 1539 1656 ad-

113 1696 358 1725 numeratus
392 1701 433 1726 es
464 1684 575 1725 inter
604 1685 714 1726 filios
745 1685 892 1736 Israel,
925 1702 971 1726 ac
1002 1687 1218 1742 suscepisti
1246 1688 1292 1729 in
1320 1701 1363 1731 tc
1393 1691 1538 1734 Deum

114 1778 278 1815 regem,
321 1774 361 1803 et
396 1773 495 1818 post
524 1763 627 1803 haec
658 1761 870 1802 declinare
910 1763 1093 1804 volucris
1124 1765 1178 1804 ad
1210 1782 1340 1821 opera
1367 1770 1536 1822 sacculi,

115 1856 236 1892 agere
266 1850 380 1880 actus
409 1851 570 1889 terrae,
612 1850 652 1879 et
688 1841 800 1880 lutea
831 1840 999 1895 explere
1027 1840 1271 1893 ministeria,
1289 1842 1333 1900 ⁶)
1364 1845 1468 1888 scias
1497 1859 1537 1889 et

115 1934 336 1970 agnoscas,
382 1916 479 1972 quia
518 1917 696 1958 surrexit
732 1916 778 1957 in
821 1928 863 1958 te
903 1934 974 1958 rex
1014 1917 1143 1968 alius,
1189 1919 1260 1975 qui
1292 1922 1427 1964 nescit
1457 1925 1537 1965 Jo-

113 1995 230 2050 sepb‚
260 2010 330 2035 rex
361 1993 563 2051 Aegypti,
595 2005 635 2034 ct
664 1993 754 2049 ipse
784 2005 824 2034 te
855 1995 966 2046 cogit
997 1997 1049 2037 ad
1082 2012 1211 2051 opera
1246 2015 1342 2048 sua,
1379 2011 1420 2040 ct
1447 2000 1539 2057 ipse

114 2083 155 2112 tc
192 2070 291 2111 facit
329 2072 503 2112 laterem
544 2070 623 2112 sibi
664 2070 832 2127 operari
879 2084 919 2112 et
948 2073 1098 2113 lutum.
1156 2073 1251 2130 Ipsc
1282 2087 1364 2126 est,
1395 2078 1468 2133 qui
1492 2072 1540 2122 ⁵te

114 2147 390 2203 superpositis
418 2147 622 2200 magistris
662 2160 702 2189 et
741 2150 1085 2204 compulsoribus
1125 2152 1180 2191 acl
1212 2169 1342 2207 opera
1370 2166 1539 2199 terrena

114 2224 251 2278 flagris
282 2241 330 2266 ac
359 2226 605 2267 verberibus
635 2225 738 2279 agit,
777 2238 824 2267 ut
861 2226 1054 2269 aedifices
1093 2226 1382 2273 illi'civitates.
1441 2233 1538 2290 Ipse

230 2384 274 2440 ¹)
308 2386 348 2425 11
378 2384 564 2426 'simoni
598 2386 650 2439 11,
681 2387 719 2430 8

228 2454 274 2508 ²)
305 2455 420 2496 Alias
453 2457 510 2511 (v.
543 2473 577 2498 c.
607 2456 651 2497 in
684 2458 778 2498 edd.
811 2458 916 2514 M.):
956 2460 1086 2509 „dum
1117 2459 1186 2501 hic
1218 2458 1316 2502 vivit
1344 2460 1417 2503 in“
1447 2474 1537 2516 etc„

115 2512 188 2553 sed
218 2510 317 2553 Mss.
348 2523 395 2552 ut
422 2512 466 2553 in
498 2524 645 2553 nostro
676 2524 801 2556 textu.
831 2513 884 2556 R.

230 2581 275 2636 3)
305 2581 419 2623 Edd.
449 2581 647 2623 Merlini:
676 2583 729 2623 ad
760 2596 925 2635 gentem
957 2602 1087 2627 suam.

232 2650 277 2705 ⁴)
307 2651 418 2692 Edd.
450 2651 645 2693 Merlini:
674 2653 727 2693 ad
759 2655 987 2697 concilium
1018 2657 1186 2698 vocatis.

231 2721 277 2775 5)
306 2720 417 2762 Edd.
448 2721 643 2763 Merlini:
680 2725 732 2764 ad
756 2737 946 2767 nostram
979 2725 1217 2768 docuinam
1240 2727 1394 2785 scripta
1427 2742 1537 2783 sunt,

117 2789 157 2818 ct
188 2777 582 2828 commonitionem,
612 2791 659 2820 ut
690 2790 768 2825 etc

232 2847 278 2902 θ)
307 2846 415 2891 Edd.
447 2848 639 2891 Merlini:
673 2850 878 2908 mystcxia.
