1752 3136
521 119 567 149 m
595 107 852 147 anrrtcum
881 104 1084 145 HOM1L1A
1107 105 1158 146 V.
1459 108 1543 153 271

137 219 311 262 Grande
342 229 399 262 est
426 217 471 258 in
500 218 582 258 hoc
611 231 809 257 sermone
848 213 1114 271 mysterium,
1160 216 1278 268 quod
1316 216 1443 258 Israel
1481 235 1546 260 se-

137 298 325 341 cundum
354 310 522 336 carnem
550 292 594 332 in
623 308 702 332 usu
730 307 898 333 sensum
928 291 1103 346 quidem
1132 292 1283 341 habet,
1320 294 1393 334 sed
1422 293 1545 335 intel-

135 375 290 415 lectum
317 387 407 412 non
437 370 574 410 habet.
643 367 929 409 Communem
969 368 1119 410 dicunt
1157 381 1197 410 et
1234 369 1298 410 illi
1326 370 1547 412 hominem

136 450 428 496 immundum,
470 447 545 488 sed
583 461 659 486 cur
689 445 929 487 communis
968 445 1154 496 dicatur,
1195 445 1405 499 ignorant.
1462 448 1544 490 Di-

135 537 251 570 scant
278 539 375 576 ergo
406 523 460 564 ab
491 522 685 572 ecclesia,
724 523 822 579 quia
863 523 936 579 qui
970 535 1136 565 sanctus
1177 534 1258 573 est,
1295 524 1425 565 solius
1461 523 1546 565 Dei

136 616 208 654 est,
237 614 277 643 et
304 617 400 642 cum
428 599 549 640 nullo
581 598 619 640 ei
650 599 899 641 communio
933 611 1002 642 est.
1054 599 1142 655 Qui
1174 611 1313 641 autem
1344 614 1547 655 peccator

135 691 196 721 est
224 690 264 719 et
290 676 558 726 immundus,
595 676 834 716 multorum
867 687 938 718 est,
999 675 1127 718 Multi
1165 676 1279 718 enim
1319 677 1548 720 daemones

131 756 350 811 possident
378 770 489 803 eum,
520 764 560 794 et
586 753 684 794 ideo
716 752 954 794 communis
983 755 1233 810 appellatur.
1278 755 1479 811 Denique
1508 767 1548 796 et

130 832 217 882 ille,
247 832 319 888 qui
337 829 380 887 Ι)
409 831 454 872 in
482 830 718 882 Evangeliis
761 847 784 872 a
812 830 1006 872 Domino
1051 845 1219 874 curatus
1249 843 1321 882 est,
1354 849 1450 873 cum
1479 832 1547 873 in-

131 920 363 960 terrogatus
402 919 526 950 esset:
564 909 710 964 „quod
726 908 772 964 2)
811 908 889 949 tibi
925 925 1088 950 nomen
1130 908 1219 950 est?
1261 909 1383 950 dicit:
1422 910 1547 962 legio,

133 985 257 1027 multi
285 985 400 1027 enim
427 990 610 1027 sumus.“
667 983 786 1026 Haec
821 984 921 1026 licet
956 986 1003 1027 in
1040 1002 1209 1027 excessu
1237 987 1439 1041 quodam,
1470 1004 1548 1028 ne-

136 1062 313 1105 cessario
343 1073 485 1104 tamen
515 1059 656 1102 addita
686 1061 904 1112 videntur,
947 1073 996 1102 ut
1032 1063 1279 1122 mysterium
1314 1065 1549 1119 pectusculi

134 1138 433 1196 appositionis,
468 1149 511 1178 et
551 1138 715 1180 brachii
750 1139 1049 1194 separationis,
1091 1156 1223 1195 quare
1251 1141 1455 1197 scriptum
1484 1141 1548 1191 sit,

135 1217 452 1258 dissereremus:
483 1231 592 1271 quae
622 1227 682 1258 cst
713 1228 880 1258 aeterna
898 1216 1040 1272 portio
1057 1217 1344 1260 sacerdotibus
1362 1219 1471 1270 data,
1501 1219 1548 1261 in

132 1310 214 1349 qua
246 1292 394 1345 dignos
423 1309 503 1334 nos
532 1295 671 1334 facere
701 1293 917 1345 dignetur,
954 1292 1060 1349 ut3)
1099 1311 1178 1351 per
1218 1295 1366 1337 cordis
1385 1296 1549 1352 purita-

130 1382 240 1420 tem,
282 1381 323 1411 et
362 1386 542 1426 operum
581 1371 864 1425 probitatem,
902 1370 947 1411 in
978 1370 1119 1412 divino
1153 1372 1358 1414 sacrificio
1389 1372 1552 1429 habere

130 1445 404 1503 participium
419 1463 672 1499 mereamur,
703 1464 781 1503 per
799 1459 1019 1489 aeternum
1042 1448 1290 1504 pontificem
1305 1449 1548 1491 Dominum

133 1534 176 1564 et
204 1523 468 1564 Salvatorem
505 1536 700 1566 nostrum
740 1525 887 1566 Jesum
929 1524 1166 1575 Christum,
1209 1543 1289 1582 per
1324 1543 1450 1583 quem
1490 1539 1549 1568 est

132 1600 230 1641 Deo
262 1600 372 1656 patri
404 1616 499 1641 cum
530 1600 692 1657 Spiritu
720 1614 864 1644 sancto
896 1601 1030 1656 gloria
1062 1613 1102 1645 et
1128 1602 1356 1660 imperium
1385 1603 1430 1645 in
1457 1620 1549 1646 sae-

133 1677 228 1719 cula
257 1678 539 1719 saeculorum.
597 1679 749 1720 Amen.

251 1880 295 1936 ¹)
323 1880 434 1923 Edd.
462 1880 658 1922 'Merlinh
691 1881 765 1936 qui
795 1892 836 1922 et
864 1880 906 1921 in
939 1893 1014 1922 etc.

246 1949 294 2005 2)
323 1951 462 1993 Marc.
494 1952 545 2000 V,
574 1951 614 1994 9.

247 2020 294 2076 3)
329 2021 435 2062 Cod.
468 2021 862 2072 sangermanensis:
893 2034 966 2073 „ut
994 2040 1074 2079 pro
1116 2025 1253 2066 cordis
1283 2026 1477 2082 puritate,
1510 2040 1548 2069 et

135 2092 313 2133 operum
346 2078 598 2134 probitate.“
627 2077 679 2118 R.
