1752 3136
239 114 295 158 18
683 145 685 151 .
847 115 1072 160 Omenms

239 228 501 280 nutriuntur,
527 251 582 259 —-—
614 229 697 271 hoc
728 229 843 272 enirn
882 231 971 272 vult
1011 230 1205 282 Pharao,
1245 247 1343 272 cum
1380 229 1580 274 vivificari
1609 235 1669 274 fe-

239 307 376 350 minas
405 305 524 365 jubet
552 330 622 357 —,
649 307 723 348 sed
751 308 840 349 sola
870 309 1001 350 virtus
1031 308 1249 357 excolitur,
1282 320 1322 350 et
1348 308 1437 365 ipsa
1466 310 1556 351 sola
1586 327 1668 352 nu-

237 384 375 437 tritur.
433 384 595 425 Verum
629 384 732 425 haec
763 386 816 426 ad
840 400 1192 441 unumquemque
1210 397 1404 427 nostrum
1422 387 1667 429 referamus

237 462 294 504 Et
322 473 369 504 tu
397 461 431 504 si
459 461 580 503 times
611 461 779 510 Deum,
821 479 911 503 non
952 463 1052 504 facis
1089 474 1365 518 praeceptum
1395 464 1502 516 regis
1533 465 1669 523 Aegy-

237 540 312 597 pti.
369 539 447 581 Ille
476 539 589 580 enim
622 538 698 580 tibi
731 539 961 595 praecipit,
1000 551 1047 580 ut
1076 539 1119 580 in
1152 540 1311 581 deliciis
1341 540 1463 591 vivas,
1492 553 1540 582 ut
1571 542 1667 583 dili-

216 617 308 671 ⁴gas
337 632 536 673 praesens
565 617 803 666 saeculum,
841 628 887 656 ut
917 617 1152 672 praesentia
1185 617 1475 673 concupiscas.
1536 617 1604 659 Tu
1635 617 1668 661 si

237 695 383 736 Deum
413 694 556 743 times,
603 705 641 734 et
674 692 843 734 exhibes
874 693 1106 735 obstetricis
1139 693 1330 735 officium
1360 694 1527 735 animae
1556 706 1668 744 tuae,

236 771 271 813 si
301 771 339 813 ei
368 773 546 813 salutern
577 771 772 811 conferre
802 771 943 824 cupis,
972 786 1064 811 non
1094 770 1196 812 facis
1226 772 1353 819 haec,
1381 771 1456 812 sed
1485 771 1667 813 vivificas

235 849 496 896 masculum,
528 847 601 903 qui
629 846 672 887 in
704 857 744 887 te
775 856 854 895 est,
891 844 1137 888 interiorem
1169 858 1290 888 tuum
1324 848 1545 889 hominem
1576 865 1665 889 me-

237 924 390 967 dicaris
421 936 460 965 et
488 925 618 972 foves,
649 935 688 964 et
715 921 796 979 ipsi
827 939 905 979 per
934 936 1048 966 actus
1079 935 1156 982 aut*
1176 924 1413 966 intellectus
1434 926 1575 967 bonos
1606 925 1665 966 vi-

233 1013 321 1044 tam
353 1001 573 1056 conquiris
602 1012 830 1041 aeternam.

347 1078 389 1121 3.
421 1078 509 1119 Sed
538 1089 636 1133 post
666 1077 769 1118 haec
798 1076 874 1117 ubi
904 1076 1006 1119 vidit
1036 1078 1229 1128 Pharao,
1268 1080 1386 1134 quod
1417 1094 1495 1134 per
1526 1080 1666 1120 obste-

236 1155 358 1198 trices
389 1172 479 1196 non
509 1166 652 1211 posset
667 1170 820 1195 necare
841 1157 1054 1196 masculos
1072 1156 1221 1196 Israel:
1253 1155 1570 1212 „praecepit,¹)
1602 1156 1668 1197 in-

235 1234 338 1289 quit,
369 1232 488 1275 omni
516 1232 710 1288 populo,
742 1231 908 1272 dicens:
942 1249 1071 1273 omne
1098 1232 1407 1282 masculinum,
1437 1235 1664 1288 quodcun-
1705 1276 1707 1279 Α

237 1326 319 1366 que
349 1321 496 1351 natum
529 1309 656 1350 fuerit
687 1302 918 1359 Hebraeis,
942 1311 986 1350 in
1016 1310 1177 1351 fiumen
1209 1307 1427 1366 projicite,
1465 1322 1506 1350 et
1537 1327 1665 1351 omne

232 1386 488 1428 femininum
521 1386 765 1429 vivificate.“
818 1386 970 1428 Videte
999 1386 1100 1442 quid
1132 1386 1329 1443 princeps
1360 1387 1485 1445 hujus
1515 1388 1666 1429 mundi

231 1464 441 1520 praecipit
469 1464 574 1513 suis,
613 1475 662 1504 ut
705 1465 884 1505 infantes
914 1474 1083 1504 nostros
1115 1463 1299 1519 rapiant,
1341 1476 1382 1505 et
1418 1465 1462 1506 in
1502 1466 1665 1506 flumen

230 1539 484 1597 projiciant,
529 1539 694 1596 primae
733 1539 869 1582 statim
909 1540 1113 1581 nativitati
1143 1553 1389 1582 nostrorum
1421 1542 1667 1585 insidiantes

232 1618 464 1670 continuo,
510 1630 557 1659 ut
596 1619 730 1659 ubera
768 1618 967 1660 ecclesiae
1005 1617 1144 1673 prima
1177 1619 1450 1670 contigerint,
1489 1618 1666 1669 irruant,

232 1694 455 1750 diripiant,
494 1708 827 1751 persequantur,
866 1694 992 1736 undis
1031 1706 1071 1735 ct
1109 1695 1306 1736 fluctibus
1347 1695 1472 1752 hujus
1506 1699 1664 1739 saeculi

232 1771 503 1813 absorbeant.
563 1773 729 1822 Videte,
761 1774 865 1828 quid
897 1771 1096 1820 audiatis,
1128 1771 1332 1826 sapientia
1361 1772 1446 1813 Dei
1475 1790 1554 1828 per
1584 1774 1663 1816 Sa-

229 1847 454 1888 lomonem
486 1848 611 1890 dicit:
642 1848 1047 1903 „intelligibiliter²>
1077 1847 1274 1902 intellige,
1305 1865 1414 1904 quae
1432 1867 1662 1906 apponun-

228 1935 300 1966 tur
327 1925 445 1967 tibi.“
501 1925 633 1993 Vide,
672 1925 807 1966 statim
851 1937 898 1966 ut
935 1937 1079 1974 natus,
1118 1925 1208 1966 imo
1248 1938 1296 1967 ut
1324 1938 1493 1968 renatus
1523 1929 1666 1979 fueris,

230 2001 335 2058 quid
365 2003 440 2044 tibi
471 2002 676 2044 immi'net.
736 2002 833 2043 Hoc
863 2001 971 2044 illud
1002 2015 1080 2053 est,
1114 2004 1231 2058 quod
1262 2003 1307 2044 in
1337 2003 1570 2056 Evangelio
1599 2007 1661 2047 le-

228 2079 301 2132 gis,
332 2080 429 2135 quia
453 2080 573 2121 Jesus
594 2078 742 2129 statim,
774 2091 820 2120 ut
840 2080 1058 2121 adscendit
1084 2081 1137 2120 de
1163 2080 1392 2136 baptismo,
1422 2084 1663 2139 ‚,ductus³)

231 2168 291 2196 est
331 2157 384 2196 ab
439 2156 590 2213 spiritu
636 2155 678 2196 in
730 2158 965 2205 desertum,
1015 2169 1062 2196 ut
1100 2168 1334 2199 tentaretur
1373 2175 1396 2199 a
1443 2159 1663 2202 diabolo.“

227 2231 327 2273 Hoc
360 2249 460 2283 ergo
492 2245 571 2283 est,
612 2235 729 2288 quod
775 2246 814 2273 et
853 2234 935 2274 hoc
974 2235 1072 2274 loco
1112 2234 1283 2276 Pharao
1322 2237 1540 2293 praecepit
1579 2255 1660 2294 po-

226 2310 332 2364 pulo
363 2327 464 2360 suo,
503 2310 726 2352 Hebraeos
766 2311 945 2352 infantes
985 2311 1123 2353 statim
1162 2325 1208 2353 ut
1237 2313 1325 2354 nati
1355 2313 1512 2355 suerint
1540 2313 1658 2356 inva-

227 2386 341 2447 dant,
373 2386 589 2442 diripiant,
622 2389 740 2443 aquis
770 2389 1055 2439 submergant.
1104 2389 1202 2430 Hoc
1220 2391 1406 2431 fortassis
1438 2402 1509 2440 est,
1539 2393 1659 2446 quod

227 2460 325 2517 et⁴)
365 2479 441 2518 per
478 2465 734 2520 prophetam
782 2464 957 2505 dicitur:
998 2467 1185 2521 „quia⁵)
1221 2468 1484 2508 intraverunt
1523 2485 1658 2525 aquae

225 2554 360 2594 usque
392 2541 443 2581 ad
477 2541 663 2583 animam
695 2558 845 2582 meam.
907 2542 1079 2584 Defixus
1109 2560 1203 2585 sum
1233 2543 1277 2585 in
1308 2544 1410 2585 limo
1434 2546 1660 2600 profundi,

345 2721 387 2773 ¹>
419 2721 555 2763 Exod.
589 2721 619 2771 1,
648 2724 714 2764 22.
837 2722 883 2777 2>
914 2723 1042 2768 prov.
1074 2724 1234 2775 xxm,
1265 2729 1301 2769 1.

341 2791 386 2843 ³)
418 2791 566 2832 matth.
598 2791 667 2841 lv,
703 2796 740 2836 1.
860 2792 905 2847 ⁴>
937 2794 1070 2836 Deest
1100 2787 1193 2844 „effi
1224 2794 1267 2837 ῐη
1299 2798 1363 2839 ed.
1401 2796 1447 2839 R.

341 2860 384 2914 ⁵)
416 2859 569 2903 Psalm.
602 2862 756 2913 LXIX,
788 2866 826 2905 1.
855 2864 895 2906 2.
928 2863 1175 2919 (LXVIH.)
