1752 3136
485 133 532 164 m
564 122 767 163 Exonum
795 119 998 162 HommA
1016 122 1069 167 V.
1427 118 1482 166 57

74 233 198 290 hujus
230 233 394 284 mundi,
424 245 464 275 et
491 232 724 289 spirituales
753 231 970 288 nequitias,
1005 232 1157 287 quibus
1194 245 1314 274 antea
1347 235 1486 274 deser-

73 310 174 353 visti.
234 311 356 365 Quae
385 321 594 351 conantur
623 309 794 364 quidem
834 320 875 349 te
904 309 1090 364 insequi,
1129 311 1202 351 sed
1239 321 1285 350 tu
1316 310 1488 365 descen-

77 388 139 428 dis
169 388 213 428 in
244 404 396 443 aquam
428 399 467 428 et
496 386 635 427 evadis
663 386 911 437 incolumis;
948 398 1073 441 atque
1111 387 1263 427 ablutis
1292 387 1488 427 sordibus

73 446 525 519 peccatorumffhomo
557 480 693 505 novus
733 463 974 511 adscendis,
1011 475 1180 518 paratus
1225 464 1276 504 ad
1317 475 1490 503 cantan-

76 541 175 580 dum
210 540 416 581 canticum
446 556 619 580 novum.
687 541 880 597 Aegyptii
918 556 1017 580 vero
1059 552 1156 595 post
1196 552 1235 580 te
1264 540 1489 595 insequen-

74 627 146 665 tes,
177 618 485 669 demergentur(
500 617 544 657 in
576 618 784 674 abyssum,
816 616 976 658 etiarnsi
1005 615 1200 657 videntur
1238 633 1387 668 rogare
1416 617 1488 656 Je-

73 710 180 742 sum‚
209 710 263 733 ne
288 693 457 734 interim
488 693 626 736 mittat
657 710 726 734 cos
756 695 800 735 in
832 696 1038 752 abyssum.
1098 694 1185 735 Sed
1216 705 1254 733 et
1284 694 1410 734 alium
1445 709 1491 732 ex

74 769 137 810 his
168 770 358 827 accipere
387 788 612 826 possumus
641 770 917 815 intellectum.
986 771 1031 812 Si
1072 771 1306 828 Aegyptum
1348 771 1490 822 fugias,

73 845 106 886 si
136 845 398 897 ignorantiae
427 849 621 889 tenebras
651 848 885 903 relinquas,
927 860 964 889 et
1003 845 1189 901 sequaris
1230 848 1365 900 legem
1396 848 1491 898 Dei,

74 922 251 973 blesen,
293 924 434 966 obviet
465 937 605 967 autem
636 926 712 966 tibi
741 942 880 975 mare,
923 938 962 966 et
1002 924 1384 966 contradicentium
1415 925 1495 966 tibi

74 999 227 1041 fluctus
260 1015 497 1053 occurrant,
524 1016 699 1058 percute
725 1014 772 1043 tu
804 1003 1065 1043 obluctantes
1095 1003 1230 1043 undas
1260 1002 1372 1053 virga
1391 1002 1492 1043 'Mo-

76 1077 142 1129 sis‚
174 1078 218 1119 id
250 1091 320 1129 est,
349 1082 479 1120 verbo
511 1079 622 1132 legis,
656 1091 694 1120 et
722 1079 933 1131 vigilantia
974 1079 1279 1133 scripturarum
1309 1080 1388 1120 iter
1417 1079 1494 1120 tibi

76 1155 155 1209 ipsi
186 1156 441 1211 disputando
473 1172 551 1213 per
579 1156 838 1198 adversarios
868 1157 1022 1212 pande,
1054 1157 1204 1196 cedent
1221 1157 1361 1196 undae
1393 1173 1495 1197 con-

76 1232 210 1281 tinuo,
243 1245 281 1274 et
309 1234 496 1290 superati
536 1235 688 1275 fluctus
731 1234 876 1275 locum
916 1232 1147 1274 victoribus
1187 1233 1371 1283 dabunt,
1415 1235 1497 1276 mi-

77 1309 354 1365 rantibusque
385 1321 424 1351 et
463 1311 648 1353 attonitis
679 1328 727 1352 ac
755 1325 930 1367 stupore
959 1309 1102 1351 defixis
1132 1309 1216 1360 his,
1254 1312 1326 1366 qui
1364 1313 1495 1366 paulo

76 1397 173 1427 ante
204 1387 557 1438 adversabantur,
596 1388 789 1441 legitimis
830 1399 876 1428 tu
907 1388 1243 1443 disputationum
1280 1387 1400 1429 lineis
1429 1405 1496 1429 re-

79 1473 192 1503 ctum
224 1462 326 1504 fidei
354 1464 434 1505 iter
465 1462 637 1512 secabis,
669 1476 707 1504 et
736 1465 781 1505 in
810 1477 975 1505 tantum
1002 1465 1222 1505 doctrinae
1241 1465 1371 1504 verbo
1393 1481 1496 1520 pro-

77 1540 213 1589 fici-2⁵,
249 1551 296 1580 ut
334 1541 546 1581 auditores
575 1540 658 1590 tui,
700 1558 806 1596 quos
835 1541 881 1582 in
909 1543 1023 1592 virga
1053 1541 1152 1593 legis
1184 1540 1378 1591 erudisti,
1419 1541 1499 1596 ipsi

78 1614 165 1673 jam
198 1628 344 1658 contra
385 1617 635 1674 Aegyptios,
675 1619 789 1658 velut
825 1617 975 1659 fluctus
1010 1617 1137 1658 maris
1176 1617 1414 1668 insurgant,
1461 1629 1502 1658 et

30 1729 32 1731 ,
80 1710 171 1734 non
201 1694 341 1735 solum
372 1693 622 1749 impugnent
650 1711 734 1743 eos,
765 1696 838 1735 sed
871 1704 911 1735 et
939 1705 1140 1749 superent
1164 1706 1202 1734 et
1225 1694 1499 1747 exstinguant.

79 1770 315 1822 Exstinguit
343 1787 528 1826 namque
559 1772 834 1830 Aegyptium,
881 1770 951 1825 qui
991 1788 1082 1811 non
1114 1769 1194 1822 agit
1225 1787 1353 1826 opera
1386 1783 1502 1812 tene-

80 1849 267 1889 brarum.
327 1847 563 1900 Exstinguit
601 1849 876 1906 Aegyptium,
919 1847 990 1903 qui
1031 1864 1120 1888 non
1154 1847 1402 1898 carnaliter,
1428 1851 1502 1890 sed

81 1924 354 1985 spiritualiter
382 1925 491 1966 vivit.
549 1925 784 1978 Exstinguit
814 1924 1090 1983 Aegyptium,
1124 1924 1195 1980 qui
1227 1926 1502 1977 cogitationes

81 2003 273 2044 sordidas
305 2013 344 2042 et
372 2002 559 2057 impuras
588 2002 653 2042 vel
677 2002 850 2057 depellit
880 2020 925 2042 ex
951 2003 1093 2051 corde,
1124 2002 1190 2042 vel
1215 2002 1392 2043 omnino
1412 2019 1502 2042 non

82 2079 242 2135 recipit,
273 2079 380 2120 sicut
411 2091 450 2120 et
479 2081 707 2134 Apostolus
740 2079 862 2121 dicit:
891 2090 1156 2129 „asumentes
1183 2078 1224 2133 ¹)
1254 2090 1421 2119 scutum
1451 2078 1502 2118 fi-

84 2157 174 2205 dei,
212 2156 258 2196 in
289 2173 373 2212 quo
405 2173 630 2212 possumus
648 2156 692 2211 ²)
736 2155 878 2197 omnia
910 2154 1047 2211 jacula
1077 2153 1248 2206 maligni
1278 2154 1404 2206 ignita
1437 2171 1506 2196 ex-

84 2233 334 2284 stinguere.“
390 2232 489 2273 Hoc
520 2232 630 2274 enim
661 2235 795 2274 modo
835 2249 1059 2288 possumus
1098 2232 1220 2272 etiam
1261 2232 1391 2273 hodie
1422 2235 1507 2273 Ae-

87 2311 248 2368 gyptios
278 2310 419 2351 videre
448 2322 656 2361 mortuos,
687 2322 727 2352 et
747 2309 928 2367 jacentes
952 2310 1005 2350 ad
1030 2309 1138 2358 litus,
1169 2309 1381 2360 submergi
1401 2325 1504 2364 qua-

88 2387 223 2440 drigas
254 2403 403 2428 eorum
435 2399 473 2428 et
506 2404 648 2442 equos.
717 2387 947 2429 Possumus
988 2386 1112 2427 etiam
1143 2385 1281 2441 ipsum
1313 2385 1503 2428 Pharao—

87 2479 184 2503 nem
216 2464 358 2505 videre
389 2463 588 2516 demergi,
619 2463 651 2505 si
681 2475 793 2505 tanta
824 2464 909 2504 fide
939 2463 1148 2513 vivamus,
1178 2475 1224 2504 ut
1255 2463 1371 2504 Deus
1402 2480 1505 2504 con-

90 2540 256 2595 terat3)
287 2540 486 2583 Satanam
516 2542 593 2582 sub
625 2541 807 2596 pedibus
835 2539 990 2582 nostris
1027 2540 1227 2583 velociter
1256 2557 1333 2597 per
1360 2541 1508 2584 Jesum

211 2714 254 2769 ¹)
286 2714 373 2757 Cfr.
402 2715 560 2770 Ephes.
591 2713 661 2764 Vl,
695 2714 760 2757 16.

208 2785 255 2838 ²)
286 2784 395 2827 Edd.
424 2784 616 2826 Merlini:
642 2785 863 2840 possimus.

210 2853 255 2901 ἢ
288 2853 375 2897 Csr.
408 2854 533 2897 Rom.
562 2855 675 2906 XVI,
705 2858 770 2899 20.
