1752 3136
443 168 488 199 m
519 156 720 197 Exonmw
749 153 950 197 HommA
969 153 1043 194 III.
1398 153 1458 197 33

33 267 238 311 servitutis
268 268 525 310 inhaerere.“
581 268 740 308 Iterum
771 265 892 308 dicit:
929 265 1000 315 „in
1019 265 1062 319 ¹)
1097 279 1183 319 quo
1212 250 1380 312 stamus,
1412 276 1452 305 ct

33 345 265 397 gloriamur
293 345 337 385 in
364 361 439 401 spe
469 343 628 397 gloriae
656 342 779 385 Dei.“
839 343 1008 384 stamus
1048 351 1189 381 autern
1228 340 1450 380 confiden-

30 433 107 471 ter,
138 422 170 462 si
209 407 449 463 Dominum
492 422 793 477 deprecemur,
838 431 884 460 ut
922 429 1074 459 statuat
1110 419 1240 473 pedes
1280 427 1449 457 nostros

30 514 158 553 super
186 509 370 553 petram,
419 514 475 538 ne
514 497 639 538 nobis
678 497 786 537 illud
826 496 1009 545 eveniat,
1052 495 1169 551 quod
1199 493 1314 534 idem
1345 509 1450 548 pro-

30 574 156 629 pheta
189 573 309 614 dicit:
341 573 509 628 ‚,mei²)
541 586 681 615 autem
712 574 842 629 paulo
874 573 1014 613 minus
1045 572 1149 612 moti
1183 581 1281 611 sunt
1308 571 1451 625 pedes,

32 662 71 691 et
102 651 232 706 paulo
266 649 405 691 minus
446 650 566 691 effusi
604 662 702 692 sunt
738 667 895 704 gressus
936 650 1060 690 mei.“
1135 649 1301 689 Stemus
1350 638 1457 698 ergo

28 738 128 771 *ante
158 727 440 776 Pharaonem,
471 728 514 768 id
546 739 616 777 est,
650 728 899 769 obsistamus
930 726 965 767 ci
996 725 1039 766 in
1071 724 1312 773 certamine,
1344 723 1450 763 sicut

33 815 72 844 et
99 803 247 844 Petrus
278 804 508 859 Apostolus
540 804 663 845 dicit:
694 804 848 859 ‚,cui·³)
888 802 1060 844 resistite
1090 803 1220 843 sortes
1251 800 1292 840 in
1326 802 1451 841 fidc.“

35 881 121 921 Sed
156 894 193 920 et
223 880 381 921 Paulus
411 881 689 923 nihilominus
722 881 841 922 dicit:
869 891 970 922 state
988 879 1033 932 ⁴)
1063 877 1106 919 in
1127 880 1223 927 fide,
1253 890 1290 917 et
1321 876 1451 917 virili-

30 968 95 997 ter
125 957 270 1008 agite.“
330 957 375 997 Si
408 957 517 998 enim
550 958 715 999 sortiter
741 957 986 1004 steterimus,
1019 966 1301 1010 consequetur
1328 952 1449 1000 illud,

30 1036 149 1090 quod
182 1036 331 1076 orabat
361 1034 516 1075 Paulus
546 1051 626 1090 pro
659 1034 895 1090 discipulis,
929 1033 1084 1079 dicens,
1115 1031 1212 1086 quia
1242 1028 1446 1081 ‚,Deus⁵)

30 1122 223 1170 conteret
271 1112 397 1152 Satan
438 1112 518 1152 sub
558 1110 740 1167 pedibus
781 1109 921 1151 vestris
959 1107 1194 1149 velociter.“
1273 1104 1447 1158 Quanto

29 1188 141 1228 enim
171 1204 249 1229 nos
282 1188 540 1228 constantius
573 1199 612 1228 et
641 1187 789 1229 fortius
818 1186 1067 1233 steterimus,
1094 1194 1213 1224 tanto
1235 1180 1448 1222 infirmior

30 1275 70 1304 et
98 1263 326 1304 invalidior
357 1264 434 1304 erit
462 1265 644 1306 Pharao.
707 1265 752 1306 Si
784 1276 922 1304 autem
952 1279 1034 1303 nos
1063 1261 1127 1301 vel
1159 1257 1315 1299 infirmi
1348 1274 1447 1298 coe-

27 1341 213 1396 perimus
245 1357 342 1390 esse,
373 1341 437 1380 vel
469 1341 600 1388 dubii,
629 1341 702 1382 ille
733 1343 952 1382 adversum
983 1355 1062 1379 nos
1081 1336 1260 1377 validior
1283 1347 1320 1375 et
1343 1351 1447 1374 con-

26 1417 204 1458 stantior
232 1419 315 1459 flet.
373 1418 428 1459 Et
458 1435 554 1459 vere
583 1417 691 1459 illud
720 1415 970 1473 implebitur
1009 1413 1052 1455 in
1088 1413 1237 1461 nobis,
1281 1411 1322 1452 in
1360 1427 1445 1465 quo

27 1493 174 1534 Bloses
206 1495 322 1535 dedit
352 1496 540 1547 figuram.
602 1495 709 1536 Cum
744 1495 854 1535 enim
886 1494 975 1548 ipse
1006 1490 1244 1542 elevaretss)
1285 1505 1453 1535 manus,

27 1569 276 1611 vincebatur
316 1571 530 1612 Amalech.
608 1572 652 1613 Si
683 1588 781 1612 vero
815 1570 926 1609 velut
967 1569 1090 1608 lassas
1135 1564 1356 1619 deiiceret,
1408 1577 1449 1605 et

27 1647 202 1688 brachia
254 1647 420 1688 infirma
472 1649 727 1704 deponeret,
772 1644 1052 1687 invalescebat
1098 1643 1312 1683 Amalech.
1391 1641 1449 1682 lta

28 1739 126 1775 ergo
160 1723 283 1764 etiam
315 1740 393 1765 nos
424 1724 467 1765 in
511 1724 661 1765 virtute
701 1723 834 1764 crucis
868 1720 1022 1762 Christi
1060 1719 1310 1759 extollamus
1350 1719 1450 1758 bra-

29 1800 135 1848 chia,
166 1811 206 1840 et
238 1801 446 1841 elevemus
477 1799 518 1841 in
554 1801 747 1842 oratione
776 1809 937 1841 sanctas
966 1812 1116 1837 manus
1135 1794 1178 1834 in
1199 1793 1318 1834 omni
1348 1794 1447 1834 loco

18 1878 114 1929 ,sine
144 1877 205 1917 ira
237 1888 275 1918 et
306 1876 633 1933 disceptatione,
675 1889 722 1918 ut
752 1875 932 1917 Domini
966 1887 1209 1914 mereamur
1238 1869 1451 1912 auxilium.

26 1954 123 1994 Hoc
153 1953 267 1994 idem
299 1970 484 2009 namque
516 1967 555 1995 et
584 1956 774 1996 ,Iacobus
806 1952 1038 2009 Apostolus
1070 1949 1339 1996 cohortatur,
1383 1947 1448 1987 di-

29 2045 150 2071 cens:
180 2029 443 2085 „resistite⁷)
475 2044 612 2072 autem
635 2031 824 2079 diabolo,
855 2042 893 2070 et
921 2028 1052 2079 fugiet
1083 2043 1103 2067 a
1135 2025 1295 2066 vobis.“
1341 2025 1452 2074 Aga-

26 2123 123 2148 mus
156 2122 254 2157 ergo
288 2107 405 2147 omni
437 2108 534 2157 fide,
564 2121 610 2149 ut
639 2125 729 2149 non
760 2109 897 2149 solum
928 2103 1062 2156 fugiat
1092 2120 1111 2143 a
1138 2101 1275 2150 nobis,
1305 2101 1379 2141 sed
1411 2114 1451 2143 ct

29 2194 272 2223 conteratur
303 2184 477 2226 Satanas
515 2186 592 2226 sub
632 2186 813 2241 pedibus
853 2181 1027 2230 nostris,
1065 2179 1172 2221 sicut
1211 2189 1249 2218 et
1277 2177 1449 2218 Pharao

29 2260 243 2300 demersus
287 2271 346 2300 est
384 2259 425 2301 in
463 2277 604 2308 mare,
653 2273 693 2302 et
723 2263 766 2303 in
800 2259 1020 2317 profundo
1053 2255 1188 2313 abyssi
1217 2254 1451 2315 exstinctus.

27 2336 117 2376 Nos
159 2347 299 2376 autem
340 2337 374 2378 si
412 2339 658 2380 recedamus
713 2339 765 2379 de
804 2340 995 2395 Aegypto
1039 2332 1254 2379 vitiorum,
1299 2332 1451 2371 {luctus

22 2412 186 2453 -saeculi
218 2424 419 2469 tanquam
451 2414 529 2456 iter
558 2414 740 2456 solidum
774 2415 1009 2459 evademus,
1041 2424 1119 2465 per
1147 2410 1292 2450 Jesum
1326 2407 1452 2447 Chri-

911 2471 917 2485 l

149 2599 191 2655 ¹)
226 2598 313 2641 Cfr.
344 2599 469 2640 Rom.
498 2596 550 2645 V,
581 2597 619 2637 2.
737 2595 782 2650 ²)
819 2594 970 2634 Psalm.
1003 2590 1197 2643 LXXIll,
1228 2595 1266 2635 ’2.

152 2669 198 2724 ³)
229 2669 247 2709 Ῑ
277 2669 386 2712 Petr.
417 2666 469 2714 V,
499 2666 538 2708 9.
657 2664 703 2720 ⁴)
734 2665 751 2704 Ῑ
785 2664 886 2705 Cor.
915 2662 1036 2711 XVI,
1068 2664 1131 2704 13.

153 2739 195 2783 5)
227 2738 352 2783 Rom,
386 2733 503 2784 XVI,
536 2737 601 2777 20.

152 2807 198 2863 6)
229 2808 364 2852 Exod.
397 2804 532 2852 XVll,
563 2805 628 2846 11.

155 2877 199 2932 ⁷)
232 2872 489 2922 Jacobjlv,
521 2874 559 2915 ’7.

38 2952 262 2995 Omssssms
296 2955 467 2995 OPERA.
503 2948 622 2990 Tom.
657 2948 726 2988 ΙΧ.
1095 2951 1125 2992 3
