<?xml version="1.0" encoding="UTF-8"?>
<!DOCTYPE html PUBLIC "-//W3C//DTD XHTML 1.0 Transitional//EN"
    "http://www.w3.org/TR/xhtml1/DTD/xhtml1-transitional.dtd">
<html xmlns="http://www.w3.org/1999/xhtml" xml:lang="en" lang="en">
 <head>
  <title>
</title>
<meta http-equiv="Content-Type" content="text/html;charset=utf-8" />
  <meta name='ocr-system' content='tesseract 3.04.00' />
  <meta name='ocr-capabilities' content='ocr_page ocr_carea ocr_par ocr_line ocrx_word'/>
</head>
<body>
  <div class='ocr_page' id='page_1' title='image "./operaomniaquaegr09orig_0234.png"; bbox 0 0 1752 3136; ppageno 0'>
   <div class='ocr_carea' id='block_1_1' title="bbox 165 143 992 189">
    <p class='ocr_par' dir='ltr' id='par_1_1' title="bbox 165 143 992 189">
     <span class='ocr_line' id='line_1_1' title="bbox 165 143 992 189; baseline 0.002 -3"><span class='ocrx_word' id='word_1_1' title='bbox 165 143 250 189; x_wconf 90' lang='grc'>222</span> <span class='ocrx_word' id='word_1_2' title='bbox 769 144 992 189; x_wconf 76' lang='lat' dir='ltr'>Omomus</span> 
     </span>
    </p>
   </div>
   <div class='ocr_carea' id='block_1_2' title="bbox 158 255 1592 2390">
    <p class='ocr_par' dir='ltr' id='par_1_2' title="bbox 158 255 1592 2390">
     <span class='ocr_line' id='line_1_2' title="bbox 166 255 1588 314; baseline 0.001 -15"><span class='ocrx_word' id='word_1_3' title='bbox 166 257 295 300; x_wconf 86' lang='lat' dir='ltr'>Patre</span> <span class='ocrx_word' id='word_1_4' title='bbox 324 267 366 300; x_wconf 85' lang='lat' dir='ltr'>et</span> <span class='ocrx_word' id='word_1_5' title='bbox 395 255 509 299; x_wconf 86' lang='lat' dir='ltr'>Filio</span> <span class='ocrx_word' id='word_1_6' title='bbox 542 256 698 300; x_wconf 87' lang='lat' dir='ltr'>dicitur</span> <span class='ocrx_word' id='word_1_7' title='bbox 723 257 852 301; x_wconf 86' lang='lat' dir='ltr'>nobis</span> <span class='ocrx_word' id='word_1_8' title='bbox 879 274 966 302; x_wconf 83' lang='lat' dir='ltr'>esse</span> <span class='ocrx_word' id='word_1_9' title='bbox 994 257 1190 308; x_wconf 86' lang='lat' dir='ltr'>societas,</span> <span class='ocrx_word' id='word_1_10' title='bbox 1235 257 1457 314; x_wconf 87' lang='lat' dir='ltr'>quomodo</span> <span class='ocrx_word' id='word_1_11' title='bbox 1498 272 1588 301; x_wconf 87' lang='lat' dir='ltr'>non</span> 
     </span>
     <span class='ocr_line' id='line_1_3' title="bbox 166 334 1589 392; baseline 0 -15"><span class='ocrx_word' id='word_1_12' title='bbox 166 347 207 377; x_wconf 90' lang='lat' dir='ltr'>et</span> <span class='ocrx_word' id='word_1_13' title='bbox 234 351 333 378; x_wconf 88' lang='lat' dir='ltr'>cum</span> <span class='ocrx_word' id='word_1_14' title='bbox 361 334 525 386; x_wconf 84' lang='lat' dir='ltr'>sanctis,</span> <span class='ocrx_word' id='word_1_15' title='bbox 551 351 641 376; x_wconf 89' lang='lat' dir='ltr'>non</span> <span class='ocrx_word' id='word_1_16' title='bbox 671 336 813 378; x_wconf 85' lang='lat' dir='ltr'>solum</span> <span class='ocrx_word' id='word_1_17' title='bbox 842 336 917 392; x_wconf 88' lang='lat' dir='ltr'>qui</span> <span class='ocrx_word' id='word_1_18' title='bbox 946 335 990 377; x_wconf 90' lang='lat' dir='ltr'>in</span> <span class='ocrx_word' id='word_1_19' title='bbox 1020 347 1130 378; x_wconf 88' lang='lat' dir='ltr'>terra</span> <span class='ocrx_word' id='word_1_20' title='bbox 1166 347 1285 386; x_wconf 90' lang='lat' dir='ltr'>sunt,</span> <span class='ocrx_word' id='word_1_21' title='bbox 1322 335 1396 376; x_wconf 90' lang='lat' dir='ltr'>sed</span> <span class='ocrx_word' id='word_1_22' title='bbox 1436 346 1478 377; x_wconf 84' lang='lat' dir='ltr'>et</span> <span class='ocrx_word' id='word_1_23' title='bbox 1515 335 1589 392; x_wconf 86' lang='lat' dir='ltr'>qui</span> 
     </span>
     <span class='ocr_line' id='line_1_4' title="bbox 164 410 1591 469; baseline -0.002 -13"><span class='ocrx_word' id='word_1_24' title='bbox 164 414 210 456; x_wconf 81' lang='lat' dir='ltr'>in</span> <span class='ocrx_word' id='word_1_25' title='bbox 240 412 399 455; x_wconf 84' lang='lat' dir='ltr'>coelis?</span> <span class='ocrx_word' id='word_1_26' title='bbox 431 410 530 469; x_wconf 81' lang='lat' dir='ltr'>quia</span> <span class='ocrx_word' id='word_1_27' title='bbox 560 424 601 454; x_wconf 88' lang='lat' dir='ltr'>et</span> <span class='ocrx_word' id='word_1_28' title='bbox 630 411 820 455; x_wconf 82' lang='lat' dir='ltr'>Christus</span> <span class='ocrx_word' id='word_1_29' title='bbox 849 430 928 469; x_wconf 84' lang='lat' dir='ltr'>per</span> <span class='ocrx_word' id='word_1_30' title='bbox 963 412 1208 465; x_wconf 84' lang='lat' dir='ltr'>sanguinem</span> <span class='ocrx_word' id='word_1_31' title='bbox 1237 429 1362 454; x_wconf 82' lang='lat' dir='ltr'>suum</span> <span class='ocrx_word' id='word_1_32' title='bbox 1390 411 1591 468; x_wconf 85' lang='lat' dir='ltr'>pacifica-</span> 
     </span>
     <span class='ocr_line' id='line_1_5' title="bbox 165 488 1590 540; baseline 0.001 -9"><span class='ocrx_word' id='word_1_33' title='bbox 165 491 224 532; x_wconf 84' lang='lat' dir='ltr'>vit</span> <span class='ocrx_word' id='word_1_34' title='bbox 255 488 470 539; x_wconf 82' lang='lat' dir='ltr'>coelestia,</span> <span class='ocrx_word' id='word_1_35' title='bbox 510 501 551 531; x_wconf 85' lang='lat' dir='ltr'>et</span> <span class='ocrx_word' id='word_1_36' title='bbox 578 489 810 540; x_wconf 82' lang='lat' dir='ltr'><strong>terrestria,</strong></span> <span class='ocrx_word' id='word_1_37' title='bbox 842 501 889 532; x_wconf 90' lang='lat' dir='ltr'>ut</span> <span class='ocrx_word' id='word_1_38' title='bbox 919 490 1169 532; x_wconf 82' lang='lat' dir='ltr'>coelestibus</span> <span class='ocrx_word' id='word_1_39' title='bbox 1198 501 1365 531; x_wconf 86' lang='lat' dir='ltr'>terrena</span> <span class='ocrx_word' id='word_1_40' title='bbox 1394 491 1590 532; x_wconf 79' lang='lat' dir='ltr'>sociaret.</span> 
     </span>
     <span class='ocr_line' id='line_1_6' title="bbox 168 566 1590 623; baseline 0 -15"><span class='ocrx_word' id='word_1_41' title='bbox 168 567 303 622; x_wconf 86' lang='lat' dir='ltr'>Quod</span> <span class='ocrx_word' id='word_1_42' title='bbox 333 567 547 609; x_wconf 87' lang='lat' dir='ltr'>evidenter</span> <span class='ocrx_word' id='word_1_43' title='bbox 574 566 747 616; x_wconf 87' lang='lat' dir='ltr'>indicat,</span> <span class='ocrx_word' id='word_1_44' title='bbox 776 566 857 609; x_wconf 18' lang='lat' dir='ltr'>ubi*</span> <span class='ocrx_word' id='word_1_45' title='bbox 883 567 982 608; x_wconf 85' lang='lat' dir='ltr'>dicit</span> <span class='ocrx_word' id='word_1_46' title='bbox 1001 567 1042 623; x_wconf 84' lang='lat'>¹)</span> <span class='ocrx_word' id='word_1_47' title='bbox 1073 566 1271 620; x_wconf 83' lang='lat' dir='ltr'>gaudium</span> <span class='ocrx_word' id='word_1_48' title='bbox 1302 584 1387 609; x_wconf 88' lang='lat' dir='ltr'>esse</span> <span class='ocrx_word' id='word_1_49' title='bbox 1415 567 1459 608; x_wconf 88' lang='lat' dir='ltr'>in</span> <span class='ocrx_word' id='word_1_50' title='bbox 1491 583 1590 608; x_wconf 84' lang='lat' dir='ltr'>coe—</span> 
     </span>
     <span class='ocr_line' id='line_1_7' title="bbox 163 643 1589 700; baseline 0.001 -16"><span class='ocrx_word' id='word_1_51' title='bbox 163 643 216 686; x_wconf 88' lang='lat' dir='ltr'>lis</span> <span class='ocrx_word' id='word_1_52' title='bbox 245 661 374 700; x_wconf 87' lang='lat' dir='ltr'>super</span> <span class='ocrx_word' id='word_1_53' title='bbox 402 660 490 685; x_wconf 91' lang='lat' dir='ltr'>uno</span> <span class='ocrx_word' id='word_1_54' title='bbox 519 655 746 700; x_wconf 81' lang='lat' dir='ltr'>peccatore</span> <span class='ocrx_word' id='word_1_55' title='bbox 773 643 1077 699; x_wconf 79' lang='lat' dir='ltr'>poenitentiam</span> <span class='ocrx_word' id='word_1_56' title='bbox 1108 658 1267 696; x_wconf 79' lang='lat' dir='ltr'>agente.</span> <span class='ocrx_word' id='word_1_57' title='bbox 1336 644 1390 685; x_wconf 90' lang='lat' dir='ltr'>Et</span> <span class='ocrx_word' id='word_1_58' title='bbox 1420 661 1589 685; x_wconf 88' lang='lat' dir='ltr'>rursum</span> 
     </span>
     <span class='ocr_line' id='line_1_8' title="bbox 166 718 1590 777; baseline 0.001 -16"><span class='ocrx_word' id='word_1_59' title='bbox 166 736 262 762; x_wconf 87' lang='lat' dir='ltr'>cum</span> <span class='ocrx_word' id='word_1_60' title='bbox 295 718 453 777; x_wconf 78' lang='lat' dir='ltr'>dicit2)</span> <span class='ocrx_word' id='word_1_61' title='bbox 486 736 580 770; x_wconf 88' lang='lat' dir='ltr'>eos,</span> <span class='ocrx_word' id='word_1_62' title='bbox 629 719 702 775; x_wconf 84' lang='lat' dir='ltr'>qui</span> <span class='ocrx_word' id='word_1_63' title='bbox 741 731 964 773; x_wconf 81' lang='lat' dir='ltr'>resurgunt</span> <span class='ocrx_word' id='word_1_64' title='bbox 1004 736 1026 760; x_wconf 89' lang='lat' dir='ltr'>a</span> <span class='ocrx_word' id='word_1_65' title='bbox 1057 719 1259 771; x_wconf 80' lang='lat' dir='ltr'>mortuis,</span> <span class='ocrx_word' id='word_1_66' title='bbox 1305 722 1470 762; x_wconf 79' lang='lat' dir='ltr'>futuros</span> <span class='ocrx_word' id='word_1_67' title='bbox 1504 736 1590 762; x_wconf 87' lang='lat' dir='ltr'>esse</span> 
     </span>
     <span class='ocr_line' id='line_1_9' title="bbox 165 794 1589 850; baseline 0.001 -13"><span class='ocrx_word' id='word_1_68' title='bbox 165 798 272 839; x_wconf 85' lang='lat' dir='ltr'>sicut</span> <span class='ocrx_word' id='word_1_69' title='bbox 301 797 470 848; x_wconf 85' lang='lat' dir='ltr'>angelos</span> <span class='ocrx_word' id='word_1_70' title='bbox 500 796 584 838; x_wconf 85' lang='lat' dir='ltr'>Dei</span> <span class='ocrx_word' id='word_1_71' title='bbox 612 795 658 836; x_wconf 92' lang='lat' dir='ltr'>in</span> <span class='ocrx_word' id='word_1_72' title='bbox 688 797 833 847; x_wconf 87' lang='lat' dir='ltr'>coelo,</span> <span class='ocrx_word' id='word_1_73' title='bbox 873 808 913 837; x_wconf 88' lang='lat' dir='ltr'>et</span> <span class='ocrx_word' id='word_1_74' title='bbox 942 812 1039 836; x_wconf 90' lang='lat' dir='ltr'>cum</span> <span class='ocrx_word' id='word_1_75' title='bbox 1071 812 1119 836; x_wconf 83' lang='lat' dir='ltr'>ex</span> <span class='ocrx_word' id='word_1_76' title='bbox 1146 794 1310 850; x_wconf 84' lang='lat' dir='ltr'>integro</span> <span class='ocrx_word' id='word_1_77' title='bbox 1342 798 1589 839; x_wconf 82' lang='lat' dir='ltr'>hominibus</span> 
     </span>
     <span class='ocr_line' id='line_1_10' title="bbox 165 871 1592 929; baseline 0 -15"><span class='ocrx_word' id='word_1_78' title='bbox 165 875 386 915; x_wconf 88' lang='lat' dir='ltr'>coclorum</span> <span class='ocrx_word' id='word_1_79' title='bbox 417 888 547 925; x_wconf 84' lang='lat' dir='ltr'>regna</span> <span class='ocrx_word' id='word_1_80' title='bbox 573 871 795 929; x_wconf 85' lang='lat' dir='ltr'>promittit.</span> <span class='ocrx_word' id='word_1_81' title='bbox 862 871 988 913; x_wconf 88' lang='lat' dir='ltr'>Hanc</span> <span class='ocrx_word' id='word_1_82' title='bbox 1019 888 1117 925; x_wconf 83' lang='lat' dir='ltr'>ergo</span> <span class='ocrx_word' id='word_1_83' title='bbox 1157 873 1398 914; x_wconf 88' lang='lat' dir='ltr'>societatem</span> <span class='ocrx_word' id='word_1_84' title='bbox 1429 875 1592 915; x_wconf 89' lang='lat' dir='ltr'>dirum-</span> 
     </span>
     <span class='ocr_line' id='line_1_11' title="bbox 164 949 1592 1007; baseline -0.001 -15"><span class='ocrx_word' id='word_1_85' title='bbox 164 951 250 1007; x_wconf 87' lang='lat' dir='ltr'>pit,</span> <span class='ocrx_word' id='word_1_86' title='bbox 291 961 330 991; x_wconf 89' lang='lat' dir='ltr'>et</span> <span class='ocrx_word' id='word_1_87' title='bbox 358 951 558 1002; x_wconf 82' lang='lat' dir='ltr'>abnegat,</span> <span class='ocrx_word' id='word_1_88' title='bbox 609 951 854 1006; x_wconf 76' lang='lat' dir='ltr'>quicunque</span> <span class='ocrx_word' id='word_1_89' title='bbox 890 949 1011 992; x_wconf 85' lang='lat' dir='ltr'>malis</span> <span class='ocrx_word' id='word_1_90' title='bbox 1041 950 1203 991; x_wconf 87' lang='lat' dir='ltr'>actibus</span> <span class='ocrx_word' id='word_1_91' title='bbox 1232 950 1340 1000; x_wconf 89' lang='lat' dir='ltr'>suis,</span> <span class='ocrx_word' id='word_1_92' title='bbox 1383 949 1592 1005; x_wconf 83' lang='lat' dir='ltr'>malisque</span> 
     </span>
     <span class='ocr_line' id='line_1_12' title="bbox 164 1026 1592 1084; baseline -0.002 -14"><span class='ocrx_word' id='word_1_93' title='bbox 164 1028 355 1070; x_wconf 85' lang='lat' dir='ltr'>sensibus</span> <span class='ocrx_word' id='word_1_94' title='bbox 387 1031 440 1069; x_wconf 91' lang='lat' dir='ltr'>ab</span> <span class='ocrx_word' id='word_1_95' title='bbox 474 1044 624 1069; x_wconf 88' lang='lat' dir='ltr'>eorum</span> <span class='ocrx_word' id='word_1_96' title='bbox 655 1026 963 1084; x_wconf 87' lang='lat' dir='ltr'>conjunctione</span> <span class='ocrx_word' id='word_1_97' title='bbox 992 1039 1222 1083; x_wconf 85' lang='lat' dir='ltr'>separatur.</span> <span class='ocrx_word' id='word_1_98' title='bbox 1269 1026 1374 1068; x_wconf 89' lang='lat' dir='ltr'>Post</span> <span class='ocrx_word' id='word_1_99' title='bbox 1402 1027 1506 1067; x_wconf 86' lang='lat' dir='ltr'>haec</span> <span class='ocrx_word' id='word_1_100' title='bbox 1538 1027 1592 1067; x_wconf 87' lang='lat' dir='ltr'>de</span> 
     </span>
     <span class='ocr_line' id='line_1_13' title="bbox 164 1102 1589 1162; baseline -0.001 -16"><span class='ocrx_word' id='word_1_101' title='bbox 164 1105 313 1162; x_wconf 78' lang='lat' dir='ltr'>rapina</span> <span class='ocrx_word' id='word_1_102' title='bbox 345 1105 525 1146; x_wconf 86' lang='lat' dir='ltr'>dicitur:</span> <span class='ocrx_word' id='word_1_103' title='bbox 555 1116 745 1160; x_wconf 83' lang='lat' dir='ltr'>raptores</span> <span class='ocrx_word' id='word_1_104' title='bbox 776 1117 873 1146; x_wconf 91' lang='lat' dir='ltr'>sunt</span> <span class='ocrx_word' id='word_1_105' title='bbox 902 1105 1017 1153; x_wconf 83' lang='lat' dir='ltr'>mali,</span> <span class='ocrx_word' id='word_1_106' title='bbox 1048 1115 1088 1145; x_wconf 89' lang='lat' dir='ltr'>et</span> <span class='ocrx_word' id='word_1_107' title='bbox 1117 1104 1250 1146; x_wconf 87' lang='lat' dir='ltr'>boni:</span> <span class='ocrx_word' id='word_1_108' title='bbox 1284 1115 1324 1144; x_wconf 90' lang='lat' dir='ltr'>ct</span> <span class='ocrx_word' id='word_1_109' title='bbox 1353 1103 1460 1145; x_wconf 88' lang='lat' dir='ltr'>boni</span> <span class='ocrx_word' id='word_1_110' title='bbox 1494 1102 1589 1159; x_wconf 85' lang='lat' dir='ltr'>qui—</span> 
     </span>
     <span class='ocr_line' id='line_1_14' title="bbox 164 1181 1590 1237; baseline -0.001 -13"><span class='ocrx_word' id='word_1_111' title='bbox 164 1185 263 1224; x_wconf 84' lang='lat' dir='ltr'>dem</span> <span class='ocrx_word' id='word_1_112' title='bbox 293 1181 368 1231; x_wconf 88' lang='lat' dir='ltr'>illi,</span> <span class='ocrx_word' id='word_1_113' title='bbox 399 1182 453 1222; x_wconf 90' lang='lat' dir='ltr'>de</span> <span class='ocrx_word' id='word_1_114' title='bbox 484 1181 638 1237; x_wconf 86' lang='lat' dir='ltr'>quibus</span> <span class='ocrx_word' id='word_1_115' title='bbox 669 1181 830 1237; x_wconf 65' lang='lat' dir='ltr'>dicit-³)</span> <span class='ocrx_word' id='word_1_116' title='bbox 861 1182 1075 1232; x_wconf 83' lang='lat' dir='ltr'>Salvator,</span> <span class='ocrx_word' id='word_1_117' title='bbox 1105 1181 1204 1237; x_wconf 85' lang='lat' dir='ltr'>quia</span> <span class='ocrx_word' id='word_1_118' title='bbox 1234 1197 1412 1234; x_wconf 81' lang='lat' dir='ltr'>regnum</span> <span class='ocrx_word' id='word_1_119' title='bbox 1443 1183 1590 1223; x_wconf 91' lang='lat' dir='ltr'>coelo-</span> 
     </span>
     <span class='ocr_line' id='line_1_15' title="bbox 162 1258 1590 1315; baseline -0.001 -15"><span class='ocrx_word' id='word_1_120' title='bbox 162 1277 258 1300; x_wconf 89' lang='lat' dir='ltr'>rum</span> <span class='ocrx_word' id='word_1_121' title='bbox 291 1258 510 1315; x_wconf 88' lang='lat' dir='ltr'>diripiunt.</span> <span class='ocrx_word' id='word_1_122' title='bbox 569 1258 680 1300; x_wconf 87' lang='lat' dir='ltr'>Sunt</span> <span class='ocrx_word' id='word_1_123' title='bbox 709 1270 851 1299; x_wconf 90' lang='lat' dir='ltr'>autem</span> <span class='ocrx_word' id='word_1_124' title='bbox 883 1270 922 1300; x_wconf 86' lang='lat' dir='ltr'>et</span> <span class='ocrx_word' id='word_1_125' title='bbox 963 1258 1063 1300; x_wconf 89' lang='lat' dir='ltr'>mali</span> <span class='ocrx_word' id='word_1_126' title='bbox 1091 1270 1303 1314; x_wconf 77' lang='lat' dir='ltr'>raptores,</span> <span class='ocrx_word' id='word_1_127' title='bbox 1342 1259 1395 1299; x_wconf 90' lang='lat' dir='ltr'>de</span> <span class='ocrx_word' id='word_1_128' title='bbox 1436 1259 1590 1314; x_wconf 87' lang='lat' dir='ltr'>quibus</span> 
     </span>
     <span class='ocr_line' id='line_1_16' title="bbox 166 1334 1590 1392; baseline -0.002 -15"><span class='ocrx_word' id='word_1_129' title='bbox 166 1336 269 1377; x_wconf 89' lang='lat' dir='ltr'>dicit</span> <span class='ocrx_word' id='word_1_130' title='bbox 295 1335 528 1392; x_wconf 87' lang='lat' dir='ltr'>propheta:</span> <span class='ocrx_word' id='word_1_131' title='bbox 559 1334 686 1389; x_wconf 78' lang='lat' dir='ltr'>„et⁴²)</span> <span class='ocrx_word' id='word_1_132' title='bbox 724 1335 872 1391; x_wconf 85' lang='lat' dir='ltr'>rapina</span> <span class='ocrx_word' id='word_1_133' title='bbox 911 1351 1152 1391; x_wconf 88' lang='lat' dir='ltr'>pauperum</span> <span class='ocrx_word' id='word_1_134' title='bbox 1192 1335 1237 1377; x_wconf 90' lang='lat' dir='ltr'>in</span> <span class='ocrx_word' id='word_1_135' title='bbox 1278 1334 1478 1376; x_wconf 90' lang='lat' dir='ltr'>domibus</span> <span class='ocrx_word' id='word_1_136' title='bbox 1517 1350 1590 1374; x_wconf 91' lang='lat' dir='ltr'>ve-</span> 
     </span>
     <span class='ocr_line' id='line_1_17' title="bbox 161 1411 1589 1468; baseline -0.003 -13"><span class='ocrx_word' id='word_1_137' title='bbox 161 1413 256 1456; x_wconf 83' lang='lat' dir='ltr'>stris</span> <span class='ocrx_word' id='word_1_138' title='bbox 297 1417 398 1454; x_wconf 87' lang='lat' dir='ltr'>est.“</span> <span class='ocrx_word' id='word_1_139' title='bbox 477 1411 715 1466; x_wconf 89' lang='lat' dir='ltr'>Apostolus</span> <span class='ocrx_word' id='word_1_140' title='bbox 753 1427 854 1452; x_wconf 87' lang='lat' dir='ltr'>vcro</span> <span class='ocrx_word' id='word_1_141' title='bbox 893 1413 1073 1466; x_wconf 87' lang='lat' dir='ltr'>abrupte</span> <span class='ocrx_word' id='word_1_142' title='bbox 1108 1411 1380 1468; x_wconf 86' lang='lat' dir='ltr'>pronuntiat,</span> <span class='ocrx_word' id='word_1_143' title='bbox 1422 1411 1589 1451; x_wconf 87' lang='lat' dir='ltr'>dicens:</span> 
     </span>
     <span class='ocr_line' id='line_1_18' title="bbox 158 1487 1590 1545; baseline -0.002 -14"><span class='ocrx_word' id='word_1_144' title='bbox 158 1490 382 1545; x_wconf 85' lang='lat' dir='ltr'>„uolite⁵)</span> <span class='ocrx_word' id='word_1_145' title='bbox 414 1504 577 1538; x_wconf 88' lang='lat' dir='ltr'>errare,</span> <span class='ocrx_word' id='word_1_146' title='bbox 621 1487 719 1544; x_wconf 84' lang='lat' dir='ltr'>quia</span> <span class='ocrx_word' id='word_1_147' title='bbox 747 1504 889 1544; x_wconf 87' lang='lat' dir='ltr'>neque</span> <span class='ocrx_word' id='word_1_148' title='bbox 919 1487 1122 1538; x_wconf 85' lang='lat' dir='ltr'>adulteri,</span> <span class='ocrx_word' id='word_1_149' title='bbox 1150 1504 1291 1544; x_wconf 88' lang='lat' dir='ltr'>neque</span> <span class='ocrx_word' id='word_1_150' title='bbox 1319 1488 1484 1537; x_wconf 90' lang='lat' dir='ltr'>molles,</span> <span class='ocrx_word' id='word_1_151' title='bbox 1513 1504 1590 1528; x_wconf 88' lang='lat' dir='ltr'>ne-</span> 
     </span>
     <span class='ocr_line' id='line_1_19' title="bbox 163 1564 1590 1622; baseline -0.002 -15"><span class='ocrx_word' id='word_1_152' title='bbox 163 1582 246 1622; x_wconf 87' lang='lat' dir='ltr'>que</span> <span class='ocrx_word' id='word_1_153' title='bbox 275 1567 561 1608; x_wconf 89' lang='lat' dir='ltr'>masculorum</span> <span class='ocrx_word' id='word_1_154' title='bbox 595 1564 917 1617; x_wconf 87' lang='lat' dir='ltr'>concubitores,</span> <span class='ocrx_word' id='word_1_155' title='bbox 944 1582 1086 1622; x_wconf 90' lang='lat' dir='ltr'>neque</span> <span class='ocrx_word' id='word_1_156' title='bbox 1114 1567 1252 1616; x_wconf 84' lang='lat' dir='ltr'>fures,</span> <span class='ocrx_word' id='word_1_157' title='bbox 1292 1580 1433 1621; x_wconf 89' lang='lat' dir='ltr'>neque</span> <span class='ocrx_word' id='word_1_158' title='bbox 1463 1580 1590 1620; x_wconf 88' lang='lat' dir='ltr'>rapa-</span> 
     </span>
     <span class='ocr_line' id='line_1_20' title="bbox 164 1641 1592 1699; baseline -0.001 -15"><span class='ocrx_word' id='word_1_159' title='bbox 164 1658 244 1693; x_wconf 78' lang='lat' dir='ltr'>ces,</span> <span class='ocrx_word' id='word_1_160' title='bbox 272 1659 449 1696; x_wconf 81' lang='lat' dir='ltr'>regnum</span> <span class='ocrx_word' id='word_1_161' title='bbox 480 1642 565 1683; x_wconf 81' lang='lat' dir='ltr'>Dei</span> <span class='ocrx_word' id='word_1_162' title='bbox 609 1642 932 1699; x_wconf 84' lang='lat' dir='ltr'>possidebunt.“</span> <span class='ocrx_word' id='word_1_163' title='bbox 990 1643 1064 1684; x_wconf 88' lang='lat' dir='ltr'>Est</span> <span class='ocrx_word' id='word_1_164' title='bbox 1079 1642 1124 1699; x_wconf 75' lang='lat'>⁶)</span> <span class='ocrx_word' id='word_1_165' title='bbox 1162 1655 1308 1684; x_wconf 88' lang='lat' dir='ltr'>tamen</span> <span class='ocrx_word' id='word_1_166' title='bbox 1350 1641 1513 1698; x_wconf 83' lang='lat' dir='ltr'>aliquid</span> <span class='ocrx_word' id='word_1_167' title='bbox 1552 1652 1592 1683; x_wconf 86' lang='lat' dir='ltr'>et</span> 
     </span>
     <span class='ocr_line' id='line_1_21' title="bbox 163 1718 1590 1775; baseline -0.001 -13"><span class='ocrx_word' id='word_1_168' title='bbox 163 1721 399 1769; x_wconf 50' lang='lat' dir='ltr'>secun—dum</span> <span class='ocrx_word' id='word_1_169' title='bbox 441 1719 706 1775; x_wconf 87' lang='lat' dir='ltr'>spiritualem</span> <span class='ocrx_word' id='word_1_170' title='bbox 750 1718 1068 1772; x_wconf 84' lang='lat' dir='ltr'>intelligentiam</span> <span class='ocrx_word' id='word_1_171' title='bbox 1117 1720 1389 1775; x_wconf 88' lang='lat' dir='ltr'>culpabiliter</span> <span class='ocrx_word' id='word_1_172' title='bbox 1427 1735 1590 1775; x_wconf 85' lang='lat' dir='ltr'>rapere,</span> 
     </span>
     <span class='ocr_line' id='line_1_22' title="bbox 163 1794 1590 1852; baseline -0.003 -14"><span class='ocrx_word' id='word_1_173' title='bbox 163 1797 269 1838; x_wconf 82' lang='lat' dir='ltr'>sicut</span> <span class='ocrx_word' id='word_1_174' title='bbox 296 1797 359 1838; x_wconf 86' lang='lat' dir='ltr'>illi</span> <span class='ocrx_word' id='word_1_175' title='bbox 389 1796 660 1838; x_wconf 86' lang='lat' dir='ltr'>laudabiliter</span> <span class='ocrx_word' id='word_1_176' title='bbox 687 1796 858 1852; x_wconf 84' lang='lat' dir='ltr'>rapiunt</span> <span class='ocrx_word' id='word_1_177' title='bbox 886 1813 1014 1849; x_wconf 87' lang='lat' dir='ltr'>regna</span> <span class='ocrx_word' id='word_1_178' title='bbox 1054 1798 1287 1837; x_wconf 82' lang='lat' dir='ltr'>coelorum.</span> <span class='ocrx_word' id='word_1_179' title='bbox 1352 1794 1434 1844; x_wconf 90' lang='lat' dir='ltr'>Ut,</span> <span class='ocrx_word' id='word_1_180' title='bbox 1472 1794 1590 1835; x_wconf 82' lang='lat' dir='ltr'>verbi</span> 
     </span>
     <span class='ocr_line' id='line_1_23' title="bbox 164 1871 1586 1929; baseline -0.001 -15"><span class='ocrx_word' id='word_1_181' title='bbox 164 1889 301 1923; x_wconf 82' lang='lat' dir='ltr'>causa,</span> <span class='ocrx_word' id='word_1_182' title='bbox 333 1873 543 1914; x_wconf 87' lang='lat' dir='ltr'>dicamus:</span> <span class='ocrx_word' id='word_1_183' title='bbox 573 1873 607 1913; x_wconf 88' lang='lat' dir='ltr'>si</span> <span class='ocrx_word' id='word_1_184' title='bbox 639 1873 770 1914; x_wconf 88' lang='lat' dir='ltr'>homo</span> <span class='ocrx_word' id='word_1_185' title='bbox 802 1874 999 1923; x_wconf 84' lang='lat' dir='ltr'>nondum</span> <span class='ocrx_word' id='word_1_186' title='bbox 1037 1885 1238 1929; x_wconf 82' lang='lat' dir='ltr'>purgatus</span> <span class='ocrx_word' id='word_1_187' title='bbox 1269 1889 1291 1914; x_wconf 85' lang='lat' dir='ltr'>a</span> <span class='ocrx_word' id='word_1_188' title='bbox 1321 1871 1442 1921; x_wconf 83' lang='lat' dir='ltr'>vitiis,</span> <span class='ocrx_word' id='word_1_189' title='bbox 1472 1888 1586 1912; x_wconf 87' lang='lat' dir='ltr'>non-</span> 
     </span>
     <span class='ocr_line' id='line_1_24' title="bbox 164 1949 1590 2005; baseline 0 -15"><span class='ocrx_word' id='word_1_190' title='bbox 164 1951 267 1991; x_wconf 90' lang='lat' dir='ltr'>dum</span> <span class='ocrx_word' id='word_1_191' title='bbox 297 1961 532 2002; x_wconf 81' lang='lat' dir='ltr'>segregatus</span> <span class='ocrx_word' id='word_1_192' title='bbox 564 1967 586 1990; x_wconf 90' lang='lat' dir='ltr'>a</span> <span class='ocrx_word' id='word_1_193' title='bbox 617 1950 808 2005; x_wconf 83' lang='lat' dir='ltr'>profanis</span> <span class='ocrx_word' id='word_1_194' title='bbox 827 1961 866 1990; x_wconf 88' lang='lat' dir='ltr'>et</span> <span class='ocrx_word' id='word_1_195' title='bbox 883 1950 1064 1992; x_wconf 86' lang='lat' dir='ltr'>sordidis</span> <span class='ocrx_word' id='word_1_196' title='bbox 1085 1952 1260 2000; x_wconf 87' lang='lat' dir='ltr'>actibus,</span> <span class='ocrx_word' id='word_1_197' title='bbox 1290 1949 1388 1990; x_wconf 87' lang='lat' dir='ltr'>velit</span> <span class='ocrx_word' id='word_1_198' title='bbox 1415 1965 1458 1991; x_wconf 89' lang='lat' dir='ltr'>sc</span> <span class='ocrx_word' id='word_1_199' title='bbox 1491 1966 1590 1990; x_wconf 84' lang='lat' dir='ltr'>coe-</span> 
     </span>
     <span class='ocr_line' id='line_1_25' title="bbox 161 2026 1590 2086; baseline 0 -19"><span class='ocrx_word' id='word_1_200' title='bbox 161 2026 224 2068; x_wconf 84' lang='lat' dir='ltr'>tui</span> <span class='ocrx_word' id='word_1_201' title='bbox 252 2038 498 2067; x_wconf 82' lang='lat' dir='ltr'>sanctorum</span> <span class='ocrx_word' id='word_1_202' title='bbox 530 2037 571 2067; x_wconf 93' lang='lat' dir='ltr'>et</span> <span class='ocrx_word' id='word_1_203' title='bbox 599 2028 889 2082; x_wconf 84' lang='lat' dir='ltr'>perfectorum</span> <span class='ocrx_word' id='word_1_204' title='bbox 917 2028 1096 2086; x_wconf 77' lang='lat' dir='ltr'>latenter</span> <span class='ocrx_word' id='word_1_205' title='bbox 1123 2028 1326 2080; x_wconf 87' lang='lat' dir='ltr'>ingerere,</span> <span class='ocrx_word' id='word_1_206' title='bbox 1357 2039 1397 2067; x_wconf 92' lang='lat' dir='ltr'>et</span> <span class='ocrx_word' id='word_1_207' title='bbox 1425 2043 1590 2068; x_wconf 89' lang='lat' dir='ltr'>sermo-</span> 
     </span>
     <span class='ocr_line' id='line_1_26' title="bbox 161 2101 1588 2162; baseline 0 -18"><span class='ocrx_word' id='word_1_208' title='bbox 161 2120 286 2153; x_wconf 88' lang='lat' dir='ltr'>nem,</span> <span class='ocrx_word' id='word_1_209' title='bbox 325 2120 411 2159; x_wconf 92' lang='lat' dir='ltr'>quo</span> <span class='ocrx_word' id='word_1_210' title='bbox 451 2104 639 2157; x_wconf 87' lang='lat' dir='ltr'>perfecta</span> <span class='ocrx_word' id='word_1_211' title='bbox 683 2115 722 2144; x_wconf 91' lang='lat' dir='ltr'>et</span> <span class='ocrx_word' id='word_1_212' title='bbox 759 2101 932 2162; x_wconf 75' lang='lat' dir='ltr'>mystica</span> <span class='ocrx_word' id='word_1_213' title='bbox 960 2115 1210 2155; x_wconf 83' lang='lat' dir='ltr'>tractantur,</span> <span class='ocrx_word' id='word_1_214' title='bbox 1244 2103 1412 2146; x_wconf 86' lang='lat' dir='ltr'>audire:</span> <span class='ocrx_word' id='word_1_215' title='bbox 1443 2101 1588 2161; x_wconf 87' lang='lat' dir='ltr'>hujus-</span> 
     </span>
     <span class='ocr_line' id='line_1_27' title="bbox 162 2181 1589 2236; baseline 0 -15"><span class='ocrx_word' id='word_1_216' title='bbox 162 2181 283 2222; x_wconf 87' lang='lat' dir='ltr'>modi</span> <span class='ocrx_word' id='word_1_217' title='bbox 327 2181 461 2220; x_wconf 86' lang='lat' dir='ltr'>homo</span> <span class='ocrx_word' id='word_1_218' title='bbox 506 2191 770 2220; x_wconf 88' lang='lat' dir='ltr'>secretorum</span> <span class='ocrx_word' id='word_1_219' title='bbox 816 2190 856 2220; x_wconf 89' lang='lat' dir='ltr'>et</span> <span class='ocrx_word' id='word_1_220' title='bbox 898 2183 1186 2236; x_wconf 81' lang='lat' dir='ltr'>perfectorum</span> <span class='ocrx_word' id='word_1_221' title='bbox 1231 2181 1449 2223; x_wconf 88' lang='lat' dir='ltr'>scientiam</span> <span class='ocrx_word' id='word_1_222' title='bbox 1497 2197 1589 2221; x_wconf 82' lang='lat' dir='ltr'>non</span> 
     </span>
     <span class='ocr_line' id='line_1_28' title="bbox 162 2255 1591 2317; baseline -0.001 -18"><span class='ocrx_word' id='word_1_223' title='bbox 162 2259 273 2299; x_wconf 80' lang='lat' dir='ltr'>bene</span> <span class='ocrx_word' id='word_1_224' title='bbox 302 2257 424 2312; x_wconf 83' lang='lat' dir='ltr'>rapit.</span> <span class='ocrx_word' id='word_1_225' title='bbox 481 2255 728 2317; x_wconf 71' lang='lat' dir='ltr'>Meminisse</span> <span class='ocrx_word' id='word_1_226' title='bbox 758 2257 872 2298; x_wconf 91' lang='lat' dir='ltr'>enim</span> <span class='ocrx_word' id='word_1_227' title='bbox 903 2270 1074 2313; x_wconf 88' lang='lat' dir='ltr'>oportet</span> <span class='ocrx_word' id='word_1_228' title='bbox 1102 2259 1316 2315; x_wconf 84' lang='lat' dir='ltr'>praecepti</span> <span class='ocrx_word' id='word_1_229' title='bbox 1347 2257 1591 2307; x_wconf 80' lang='lat' dir='ltr'>salvatoris,</span> 
     </span>
     <span class='ocr_line' id='line_1_29' title="bbox 163 2333 1588 2390; baseline 0 -16"><span class='ocrx_word' id='word_1_230' title='bbox 163 2351 249 2390; x_wconf 89' lang='lat' dir='ltr'>quo</span> <span class='ocrx_word' id='word_1_231' title='bbox 280 2333 403 2383; x_wconf 87' lang='lat' dir='ltr'>dicit,</span> <span class='ocrx_word' id='word_1_232' title='bbox 447 2334 545 2389; x_wconf 89' lang='lat' dir='ltr'>quia</span> <span class='ocrx_word' id='word_1_233' title='bbox 586 2350 741 2385; x_wconf 88' lang='lat' dir='ltr'>„nemo</span> <span class='ocrx_word' id='word_1_234' title='bbox 760 2333 805 2390; x_wconf 85' lang='lat'>⁷)</span> <span class='ocrx_word' id='word_1_235' title='bbox 854 2335 980 2377; x_wconf 84' lang='lat' dir='ltr'>mittit</span> <span class='ocrx_word' id='word_1_236' title='bbox 1018 2335 1163 2377; x_wconf 73' lang='lat' dir='ltr'>vinum</span> <span class='ocrx_word' id='word_1_237' title='bbox 1200 2353 1360 2378; x_wconf 88' lang='lat' dir='ltr'>novum</span> <span class='ocrx_word' id='word_1_238' title='bbox 1400 2337 1443 2378; x_wconf 89' lang='lat' dir='ltr'>in</span> <span class='ocrx_word' id='word_1_239' title='bbox 1476 2347 1588 2376; x_wconf 88' lang='lat' dir='ltr'>utres</span> 
     </span>
    </p>
   </div>
   <div class='ocr_carea' id='block_1_3' title="bbox 162 2410 1589 2470">
    <p class='ocr_par' dir='ltr' id='par_1_3' title="bbox 162 2410 1589 2470">
     <span class='ocr_line' id='line_1_30' title="bbox 162 2410 1589 2470; baseline 0.001 -19"><span class='ocrx_word' id='word_1_240' title='bbox 162 2422 341 2452; x_wconf 86' lang='lat' dir='ltr'>veteres:</span> <span class='ocrx_word' id='word_1_241' title='bbox 374 2410 565 2466; x_wconf 87' lang='lat' dir='ltr'>alioquin</span> <span class='ocrx_word' id='word_1_242' title='bbox 597 2423 636 2452; x_wconf 89' lang='lat' dir='ltr'>et</span> <span class='ocrx_word' id='word_1_243' title='bbox 663 2423 776 2453; x_wconf 89' lang='lat' dir='ltr'>utres</span> <span class='ocrx_word' id='word_1_244' title='bbox 813 2424 1089 2468; x_wconf 87' lang='lat' dir='ltr'>rumpentur,</span> <span class='ocrx_word' id='word_1_245' title='bbox 1130 2425 1169 2454; x_wconf 90' lang='lat' dir='ltr'>et</span> <span class='ocrx_word' id='word_1_246' title='bbox 1207 2414 1353 2455; x_wconf 85' lang='lat' dir='ltr'>vinum</span> <span class='ocrx_word' id='word_1_247' title='bbox 1381 2411 1538 2470; x_wconf 86' lang='lat' dir='ltr'>peribit</span> <span class='ocrx_word' id='word_1_248' title='bbox 1552 2417 1589 2452; x_wconf 86' lang='lat'>:“</span> 
     </span>
    </p>
   </div>
   <div class='ocr_carea' id='block_1_4' title="bbox 166 2503 296 2508">
    <p class='ocr_par' dir='ltr' id='par_1_4' title="bbox 166 2503 296 2508">
     <span class='ocr_line' id='line_1_31' title="bbox 166 2503 296 2508; baseline 0 0"><span class='ocrx_word' id='word_1_249' title='bbox 166 2503 296 2508; x_wconf 95' lang='lat' dir='ltr'> </span> 
     </span>
    </p>
   </div>
   <div class='ocr_carea' id='block_1_5' title="bbox 239 2543 1289 2737">
    <p class='ocr_par' dir='ltr' id='par_1_5' title="bbox 239 2543 1289 2737">
     <span class='ocr_line' id='line_1_32' title="bbox 281 2543 1289 2601; baseline 0.006 -19"><span class='ocrx_word' id='word_1_250' title='bbox 281 2543 326 2597; x_wconf 79' lang='grc'>1)</span> <span class='ocrx_word' id='word_1_251' title='bbox 355 2543 453 2584; x_wconf 86' lang='lat' dir='ltr'>Luc.</span> <span class='ocrx_word' id='word_1_252' title='bbox 483 2543 579 2593; x_wconf 88' lang='lat' dir='ltr'>XV,</span> <span class='ocrx_word' id='word_1_253' title='bbox 611 2545 677 2587; x_wconf 81' lang='grc'>10.</span> <span class='ocrx_word' id='word_1_254' title='bbox 795 2546 841 2601; x_wconf 88' lang='lat'>²)</span> <span class='ocrx_word' id='word_1_255' title='bbox 871 2546 1024 2588; x_wconf 78' lang='lat' dir='ltr'>Matth.</span> <span class='ocrx_word' id='word_1_256' title='bbox 1054 2547 1193 2597; x_wconf 92' lang='lat' dir='ltr'>XXII,</span> <span class='ocrx_word' id='word_1_257' title='bbox 1222 2548 1289 2590; x_wconf 87' lang='lat'>30.</span> 
     </span>
     <span class='ocr_line' id='line_1_33' title="bbox 278 2613 1231 2673; baseline 0.008 -22"><span class='ocrx_word' id='word_1_258' title='bbox 278 2613 324 2667; x_wconf 78' lang='lat'>³)</span> <span class='ocrx_word' id='word_1_259' title='bbox 356 2613 506 2653; x_wconf 76' lang='lat' dir='ltr'>Matth.</span> <span class='ocrx_word' id='word_1_260' title='bbox 535 2615 611 2664; x_wconf 73' lang='lat' dir='ltr'>XI,</span> <span class='ocrx_word' id='word_1_261' title='bbox 645 2620 712 2660; x_wconf 81' lang='grc'>12.</span> <span class='ocrx_word' id='word_1_262' title='bbox 830 2617 876 2673; x_wconf 67' lang='grc'>4)</span> <span class='ocrx_word' id='word_1_263' title='bbox 908 2618 1031 2659; x_wconf 80' lang='lat' dir='ltr'>Jesai.</span> <span class='ocrx_word' id='word_1_264' title='bbox 1064 2617 1136 2667; x_wconf 85' lang='grc' dir='ltr'><strong>ΙΙΙ,</strong></span> <span class='ocrx_word' id='word_1_265' title='bbox 1167 2617 1231 2659; x_wconf 89' lang='grc'>14.</span> 
     </span>
     <span class='ocr_line' id='line_1_34' title="bbox 239 2683 709 2737; baseline 0.011 -16"><span class='ocrx_word' id='word_1_266' title='bbox 239 2695 242 2698; x_wconf 74' lang='grc'><strong><em>’</em></strong></span> <span class='ocrx_word' id='word_1_267' title='bbox 281 2683 325 2737; x_wconf 85' lang='lat'>⁵)</span> <span class='ocrx_word' id='word_1_268' title='bbox 357 2683 374 2722; x_wconf 92' lang='lat' dir='ltr'>I</span> <span class='ocrx_word' id='word_1_269' title='bbox 408 2683 507 2724; x_wconf 91' lang='lat' dir='ltr'>Cor.</span> <span class='ocrx_word' id='word_1_270' title='bbox 540 2683 610 2733; x_wconf 88' lang='lat' dir='ltr'>VI,</span> <span class='ocrx_word' id='word_1_271' title='bbox 645 2688 709 2729; x_wconf 88' lang='grc'>10.</span> 
     </span>
    </p>
   </div>
   <div class='ocr_carea' id='block_1_6' title="bbox 167 2751 1586 2867">
    <p class='ocr_par' dir='ltr' id='par_1_6' title="bbox 167 2751 1586 2867">
     <span class='ocr_line' id='line_1_35' title="bbox 280 2751 1583 2811; baseline 0.005 -20"><span class='ocrx_word' id='word_1_272' title='bbox 280 2752 326 2807; x_wconf 77' lang='grc'>6)</span> <span class='ocrx_word' id='word_1_273' title='bbox 356 2752 416 2792; x_wconf 83' lang='lat' dir='ltr'>Ita</span> <span class='ocrx_word' id='word_1_274' title='bbox 456 2751 563 2793; x_wconf 89' lang='lat' dir='ltr'>Cod.</span> <span class='ocrx_word' id='word_1_275' title='bbox 603 2754 994 2808; x_wconf 84' lang='lat' dir='ltr'>Sangermanensis,</span> <span class='ocrx_word' id='word_1_276' title='bbox 1035 2756 1135 2799; x_wconf 82' lang='lat' dir='ltr'>libri</span> <span class='ocrx_word' id='word_1_277' title='bbox 1168 2772 1268 2797; x_wconf 88' lang='lat' dir='ltr'>vero</span> <span class='ocrx_word' id='word_1_278' title='bbox 1309 2755 1412 2797; x_wconf 83' lang='lat' dir='ltr'>editi</span> <span class='ocrx_word' id='word_1_279' title='bbox 1449 2755 1508 2811; x_wconf 84' lang='lat' dir='ltr'>(e.</span> <span class='ocrx_word' id='word_1_280' title='bbox 1550 2770 1583 2795; x_wconf 87' lang='lat' dir='ltr'>c.</span> 
     </span>
     <span class='ocr_line' id='line_1_36' title="bbox 167 2807 1586 2867; baseline 0.001 -18"><span class='ocrx_word' id='word_1_281' title='bbox 167 2809 263 2853; x_wconf 84' lang='lat' dir='ltr'>edd.</span> <span class='ocrx_word' id='word_1_282' title='bbox 294 2807 401 2864; x_wconf 81' lang='lat' dir='ltr'>M.):</span> <span class='ocrx_word' id='word_1_283' title='bbox 446 2809 529 2858; x_wconf 86' lang='lat' dir='ltr'>„Et</span> <span class='ocrx_word' id='word_1_284' title='bbox 556 2822 697 2851; x_wconf 87' lang='lat' dir='ltr'>tamen</span> <span class='ocrx_word' id='word_1_285' title='bbox 729 2812 861 2867; x_wconf 84' lang='lat' dir='ltr'>aliqui</span> <span class='ocrx_word' id='word_1_286' title='bbox 890 2813 1029 2856; x_wconf 85' lang='lat' dir='ltr'>sciunt</span> <span class='ocrx_word' id='word_1_287' title='bbox 1062 2826 1103 2856; x_wconf 92' lang='lat' dir='ltr'>et</span> <span class='ocrx_word' id='word_1_288' title='bbox 1131 2814 1391 2856; x_wconf 84' lang='lat' dir='ltr'>secundum“</span> <span class='ocrx_word' id='word_1_289' title='bbox 1430 2824 1505 2854; x_wconf 88' lang='lat' dir='ltr'>etc.</span> <span class='ocrx_word' id='word_1_290' title='bbox 1535 2809 1586 2851; x_wconf 84' lang='lat' dir='ltr'>R.</span> 
     </span>
    </p>
   </div>
   <div class='ocr_carea' id='block_1_7' title="bbox 281 2877 837 2938">
    <p class='ocr_par' dir='ltr' id='par_1_7' title="bbox 281 2877 837 2938">
     <span class='ocr_line' id='line_1_37' title="bbox 281 2877 837 2938; baseline 0.011 -20"><span class='ocrx_word' id='word_1_291' title='bbox 281 2877 326 2934; x_wconf 86' lang='grc'>7)</span> <span class='ocrx_word' id='word_1_292' title='bbox 359 2877 447 2938; x_wconf 65' lang='lat' dir='ltr'>cfr.</span> <span class='ocrx_word' id='word_1_293' title='bbox 476 2877 627 2921; x_wconf 81' lang='lat' dir='ltr'>Matth.</span> <span class='ocrx_word' id='word_1_294' title='bbox 658 2880 733 2931; x_wconf 76' lang='lat' dir='ltr'>lx,</span> <span class='ocrx_word' id='word_1_295' title='bbox 770 2882 837 2926; x_wconf 76' lang='lat'>17.</span> 
     </span>
    </p>
   </div>
  </div>
 </body>
</html>
