1752 3136
257 116 313 158 34
857 116 1081 158 Omossms

262 246 372 276 stum
404 233 645 275 Dominum
677 242 894 281 nostrum,
933 230 1000 271 cui
1042 241 1099 271 cst
1140 228 1274 281 gloria
1322 241 1358 269 ct
1389 228 1615 285 imperium
1650 231 1692 271 in

264 313 429 354 saecula
460 312 743 353 saeculorum.
806 311 955 350 Amen.

609 662 1168 710 HOMILIA
1255 662 1339 710 lv.

380 802 447 841 De
478 801 623 841 decem
657 798 813 855 plagis,
856 798 1009 854 quibus
1040 813 1239 855 percussa
1269 810 1329 840 est
1361 802 1582 858 Aegyptus.

383 921 420 961 1.
454 918 642 961 Historia
676 919 849 975 quidem
883 916 1160 958 famosissima
1192 917 1319 959 nobis
1349 918 1519 959 recitata
1552 932 1621 970 est,
1656 933 1696 961 ct

268 1014 375 1054 quae
405 1014 487 1053 pro
519 997 583 1038 sui
613 995 905 1049 magnitudine
934 995 1134 1036 universo
1151 998 1316 1037 mundo
1336 996 1388 1037 sit
1409 996 1591 1048 cognita,
1620 1015 1696 1053 per

266 1092 393 1131 quam
427 1075 691 1127 designatur,
723 1075 840 1130 quod
871 1072 1111 1126 ingentibus
1141 1074 1361 1126 signorum
1395 1091 1442 1114 ac
1473 1075 1694 1130 prodigio-

265 1170 361 1194 rum
392 1153 640 1193 verberibus
672 1152 884 1211 Aegyptus
915 1166 1012 1191 cum
1038 1149 1269 1192 Pharaone
1293 1166 1389 1202 rege
1409 1152 1602 1204 castigata
1631 1152 1696 1202 sit,

265 1242 313 1270 ut
343 1231 643 1271 Hebraeorum
675 1231 903 1285 populum,
936 1244 1062 1283 quern
1095 1244 1142 1269 ex
1166 1228 1310 1270 liberis
1327 1229 1517 1284 patribus
1546 1242 1693 1271 natum

264 1308 472 1349 violenter
502 1307 547 1347 in
577 1306 817 1348 servitutem
849 1307 1081 1358 redegerat,
1109 1305 1321 1357 ingenitae
1341 1307 1537 1347 redderet
1566 1307 1697 1348 libcr-

264 1384 351 1426 tati.
411 1385 572 1426 Verum
604 1385 660 1426 ita
691 1396 902 1436 gestorum
935 1394 1128 1424 contexta
1162 1383 1350 1425 narratio
1378 1396 1448 1433 est,
1473 1395 1519 1424 ut
1548 1384 1582 1425 si
1611 1384 1696 1426 sin-

263 1462 361 1515 gula
393 1462 615 1514 diligenter
644 1459 864 1516 inspicias,
893 1461 1040 1516 plura,
1068 1460 1112 1501 in
1143 1460 1297 1516 quibus
1330 1461 1500 1502 haereat
1528 1462 1697 1504 intelle-

264 1551 366 1589 ctus,
398 1554 525 1594 quam
558 1538 603 1579 in
635 1538 787 1593 quibus
806 1536 1005 1593 expedire
1033 1553 1077 1578 se
1099 1537 1241 1593 possit,
1270 1536 1470 1580 invenias.
1514 1539 1570 1580 Et
1597 1540 1695 1596 quia

264 1617 440 1667 longum
476 1626 547 1665 est,
578 1614 742 1668 singula
774 1631 852 1670 per
883 1615 1079 1657 ordinem
1112 1615 1359 1672 Scripturae
1391 1616 1500 1658 dicta
1530 1634 1694 1673 propo-

261 1709 378 1743 nere,
409 1692 713 1734 continentiam
744 1690 873 1732 totius
901 1690 1102 1733 historiae
1125 1690 1474 1748 compendiosius
1503 1711 1696 1736 recense-

260 1769 415 1811 bimus.
475 1769 608 1821 Igitur
644 1767 787 1824 primo
819 1767 938 1820 signo
970 1766 1154 1825 projecit
1195 1769 1353 1822 virgam
1383 1787 1501 1811 suam
1533 1773 1695 1824 Aaron,

264 1858 305 1887 et
334 1847 445 1887 facta
477 1858 536 1888 est
566 1847 722 1894 draco,
766 1856 805 1886 et
844 1845 1069 1886 convocati
1108 1846 1392 1887 incantatores
1433 1859 1472 1888 et
1511 1849 1696 1890 malefici

261 1922 572 1982 Aegyptiorum
593 1924 784 1964 fecerunt
798 1921 988 1964 similiter
1008 1939 1055 1963 ex
1073 1921 1195 1975 virgis
1214 1922 1297 1964 suis
1327 1925 1547 1967 dracones.
1608 1926 1695 1967 Sed

263 2003 407 2051 draco,
438 1999 510 2056 qui
534 2016 583 2039 ex
610 2000 721 2052 virga
749 2001 896 2041 Aaron
923 2001 1061 2040 suerat
1084 2001 1271 2049 effectus,
1289 2001 1511 2044 absorbuit
1541 2003 1694 2044 draco-

260 2094 335 2119 nes
362 2076 686 2135 Aegyptiorum.
749 2076 883 2131 Quod
920 2093 1015 2117 cum
1047 2076 1212 2132 stupori
1240 2093 1325 2119 esse
1353 2079 1549 2120 debuerit
1581 2079 1695 2122 Pha-

258 2154 396 2203 raoni,
418 2165 458 2194 et
477 2155 529 2195 ad
553 2154 842 2195 credulitatem
858 2153 1138 2209 proficere,in
1157 2155 1418 2197 contrarium
1439 2173 1606 2198 versum
1623 2170 1695 2200 est.

261 2229 377 2271 Dicit
408 2230 519 2271 enim
553 2229 787 2285 Scriptura,
811 2229 909 2286 quia
939 2229 1273 2286 ‚‚induratum¹)
1305 2245 1363 2274 est
1397 2219 1472 2274 cor
1499 2234 1694 2276 Pharao-

260 2309 336 2356 nis,
367 2318 406 2348 et
436 2323 526 2348 non
557 2307 769 2353 exaudivit
788 2313 897 2348 eos.“
939 2307 994 2347 Et
1019 2308 1086 2349 hic
1108 2308 1281 2364 quidem
1302 2310 1415 2360 dicit,
1445 2312 1542 2367 quia
1562 2311 1690 2353 indu-

256 2393 397 2424 ratum
425 2395 484 2425 est
505 2399 583 2424 cor
601 2383 859 2427 Pharaonis:
879 2386 953 2426 sed
973 2395 1013 2425 et
1033 2384 1077 2426 in
1096 2385 1237 2441 prima
1257 2386 1536 2429 nihilominus
1555 2389 1692 2445 plaga,

218 2469 222 2472 “
256 2459 332 2499 ubi
359 2475 467 2514 aqua
499 2458 542 2499 in
574 2461 820 2514 sanguinem
843 2461 1029 2512 vertitur,
1063 2463 1254 2504 similiter
1269 2464 1519 2520 rescriptum
1550 2477 1621 2516 est,
1653 2479 1692 2508 et

251 2533 298 2574 in
320 2536 505 2576 secunda
526 2552 623 2577 cum
645 2554 774 2579 ranae
801 2538 1053 2588 debulliunt,
1084 2541 1156 2581 sed
1178 2551 1216 2580 et
1235 2539 1281 2580 in
1300 2541 1423 2582 tertia
1454 2558 1551 2583 cum
1584 2543 1689 2584 cini-

251 2609 419 2666 phes2)
450 2611 675 2664 ingruunt;
713 2613 757 2654 in
801 2626 948 2671 quarta
980 2631 1154 2672 quoque
1198 2633 1295 2658 cum
1328 2620 1551 2678 cynomyia
1582 2621 1689 2663 edu-

371 2784 414 2838 ¹)
450 2785 588 2826 Exod.
626 2786 717 2836 VH,
752 2788 816 2830 13.

366 2853 412 2909 ²)
445 2854 555 2897 Edd.
587 2855 763 2899 Merlini
806 2870 1067 2903 constanter:
1098 2860 1292 2919 scinipes.
