1752 3136
424 174 470 204 m
499 160 700 201 Exonum
729 156 928 200 HOMIHA
940 128 1037 197 ‘VIL
1388 156 1445 200 83

29 291 134 318 mus.
193 273 340 316 Sextus
373 273 459 315 dies
500 283 558 313 est
586 271 710 320 haec,
747 268 791 310 in
835 284 918 325 qua
948 284 1064 310 nunc
1093 282 1237 309 sumus
1265 266 1371 308 vitat:
1397 266 1445 308 in

28 368 97 393 sex
128 350 241 392 enim
272 339 418 392 diebus
448 348 662 390 Dominus
687 346 786 389 fecit
813 347 928 388 hunc
952 347 1177 388 mundum.
1219 342 1314 386 Hac
1344 359 1443 397 ergo

30 427 98 470 die
127 439 288 468 tantum
318 442 538 481 reponere,
570 437 609 466 et
635 425 870 466 recondere
890 423 1105 472 debemus,
1137 433 1342 477 quantum
1356 422 1445 463 suf-

29 504 142 547 ficiat
171 516 209 544 et
236 503 280 544 in
312 504 455 543 futuro
491 502 569 543 die.
629 501 675 543 Si
707 500 808 557 quid
840 499 953 540 enirn
984 499 1054 540 hic
1082 499 1187 540 boni
1214 499 1355 555 operis
1375 514 1445 540 ac-

33 580 184 636 quiras,
220 580 253 621 si
274 579 375 635 quid
405 578 595 636 justitiae,
619 577 954 627 misericordiae,
978 588 1018 618 et
1038 576 1203 633 pietatis
1228 576 1449 626 recondas,

31 657 114 697 hoc
145 655 221 696 tibi
250 655 294 696 in
324 657 467 696 futuro
498 656 666 696 saeculo
700 653 777 696 erit
806 653 935 695 cibus.
1002 653 1226 710 Numquid
1264 669 1355 694 non
1393 652 1451 694 ita

31 733 87 774 in-
106 731 319 783 evangelio
350 730 601 787 legimus‚¹)
635 731 731 787 quia
764 733 834 787 qui
867 731 1085 786 acquisivit
1108 731 1179 771 hic
1210 730 1358 771 decern
1386 740 1450 770 ta-

32 810 164 858 lenta,
194 807 254 849 ibi
285 809 446 863 accepit
476 809 623 849 decem
655 809 862 858 civitates,
907 819 944 849 et
985 807 1057 864 qui
1098 805 1314 863 acquisivit
1347 816 1452 861 qua-

0 909 1 915 κ
32 896 141 936 tuor,
173 885 333 941 accepit
362 897 547 941 quatuor
576 884 795 926 civitates?
827 884 923 926 Hoc
942 897 1000 926 est
1018 887 1135 940 quod
1161 895 1200 924 et
1219 899 1297 939 per
1326 882 1452 923 aliam

0 980 3 997 ι
32 962 208 1015 figuram
239 963 468 1018 Apostolus
500 961 620 1003 dicit:
649 961 856 1017 „quod12)
877 961 989 1003 enim
1008 961 1276 1003 seminaverit
1303 960 1453 1009 homo,

0 1051 4 1093 ξ
32 1039 115 1080 hoc
146 1050 185 1080 et
213 1044 382 1079 metet.“
442 1038 560 1093 Quid
592 1055 690 1092 ergo
722 1039 881 1092 agimus
911 1055 1003 1089 nos,
1033 1038 1107 1094 qui
1130 1054 1319 1079 amamus
1347 1035 1456 1077 illud

0 1122 8 1150 F.
34 1116 288 1165 recondere,
321 1117 438 1171 quod
470 1104 794 1172 corrumpaiur,
835 1132 927 1156 non
959 1116 1076 1171 quod
1105 1126 1372 1171 permaneat,
1415 1125 1457 1154 et

0 1161 237 1274 {perduret
273 1193 318 1234 in
360 1191 618 1234 crastinum?
672 1192 832 1234 Divites
878 1191 1002 1248 hujus
1041 1191 1199 1235 saeculi
1227 1208 1274 1232 ea
1305 1206 1456 1233 recon-

2 1280 9 1330 ξ
37 1270 153 1320 dunt,
186 1285 293 1326 quae
321 1269 367 1311 in
397 1270 481 1311 hoc
510 1271 694 1320 saeculo,
723 1272 812 1311 imo
846 1286 944 1311 cum
969 1269 1139 1312 saeculo
1169 1285 1458 1324 corrumpun-

3 1333 11 1397 ξ
35 1357 113 1389 tur.
172 1345 217 1388 Si
249 1363 331 1402 qua
361 1358 502 1387 autem
526 1348 644 1388 bona
672 1363 802 1403 opera
827 1348 1083 1397 recondunt,
1111 1345 1184 1387 illa
1205 1357 1460 1402 permanent

0 1428 2 1470 ᾗ
35 1439 168 1478 usque
194 1422 241 1464 in
273 1425 511 1465 crastinum.

149 1502 189 1543 6.
218 1500 421 1556 Denique
448 1499 506 1541 sic
537 1499 742 1555 scriptum
773 1512 856 1550 est,
896 1501 1016 1556 quod
1045 1498 1119 1556 qui
1146 1497 1340 1540 infideles
1368 1499 1460 1539 fue-

14 1588 150 1626 ³runt,
181 1576 522 1632 servaverunt,3)
551 1576 704 1632 inquit,
736 1578 789 1618 de
817 1593 999 1627 manna,
1033 1588 1073 1617 et
1099 1575 1386 1626 „ebullierunt
1413 1591 1462 1616 ex

15 1660 90 1693 1eo
122 1644 295 1703 vermes,
327 1665 366 1693 et
398 1653 700 1709 computruit.“
766 1654 880 1695 Illud
919 1664 1084 1703 autem,
1128 1654 1247 1708 quod
1282 1668 1363 1707 pro
1395 1651 1464 1694 die

38 1730 202 1772 sabbati
231 1731 540 1785 reponebatur,
579 1747 671 1772 non
712 1742 771 1772 est
811 1741 1087 1786 corruptum,
1129 1745 1273 1784 neque
1302 1745 1463 1771 vermes

43 1807 297 1849 ebullierunt
325 1807 368 1848 in
401 1823 468 1857 eo,
497 1809 570 1849 sed
600 1806 889 1864 permansiff)
918 1806 1143 1860 inlegrum.
1198 1805 1254 1847 Et
1283 1816 1330 1846 tu
1363 1821 1463 1858 ergo

22 1923 23 1928 ,
44 1883 78 1927 si
105 1895 284 1940 propter
311 1896 580 1941 praesentem
600 1886 725 1927 vitam
746 1885 1063 1934 tantummodo,
1095 1895 1134 1925 et
1150 1894 1332 1940 propter
1346 1900 1467 1926 amo-

43 1957 132 2002 rem
162 1962 319 2004 saeculi
348 1962 611 2012 thesaurizes,
643 1962 848 2004 continuo
879 1977 1041 2002 vermes
1073 1961 1294 2002 ebulliunt.
1341 1960 1466 2015 Quo-

43 2041 175 2081 modo
206 2055 366 2081 vermes
396 2038 639 2081 ebulliunt?
670 2040 786 2081 Audi
813 2041 866 2081 de
891 2038 1202 2095 peccatoribus,
1234 2049 1273 2079 et
1299 2037 1361 2088 iis,
1395 2037 1469 2094 qui

28 2132 239 2172 *praesens
269 2111 483 2158 saeculum
517 2117 719 2169 diligunt,
749 2133 857 2173 quae
888 2116 940 2158 sit
968 2116 1206 2172 prophetae
1234 2114 1469 2157 sententia:

30 2193 282 2249 ¹„vermis⁵)
313 2188 440 2242 enim,
469 2193 619 2249 inquit,
650 2211 800 2236 eorum
829 2211 922 2236 non
939 2192 1162 2244 morietur,
1194 2203 1235 2233 et
1259 2191 1364 2245 ignis
1395 2208 1469 2233 eo-

30 2259 142 2312 ¹rum
171 2287 263 2312 non
295 2270 615 2322 exstinguetur.“
678 2271 750 2313 Isti
791 2283 889 2314 sunt
927 2286 1109 2320 vermes,
1152 2286 1260 2326 quos
1300 2281 1473 2322 generat

32 2346 227 2398 avaritia,
257 2347 324 2389 isti
353 2358 452 2389 sunt
484 2363 670 2400 vermes,
710 2365 817 2404 quos
857 2359 1026 2400 generat
1066 2346 1306 2388 divitiarum
1346 2362 1473 2388 caeca

52 2423 258 2479 cupiditas
288 2424 348 2475 iis,
382 2423 454 2480 qui
483 2425 644 2465 habent
672 2424 899 2481 pecunias,
932 2435 972 2465 et
999 2423 1188 2465 videntes
1217 2424 1262 2465 in
1291 2423 1471 2467 necessi-

23 2503 134 2562 {tate
163 2495 311 2543 fratres
342 2518 462 2552 suos,
504 2501 711 2543 claudunt
742 2502 795 2543 ab
825 2501 876 2543 iis
905 2500 1063 2543 viscera
1091 2517 1178 2542 sua.
1237 2501 1474 2558 Propterea

167 2631 212 2686 ¹)
243 2631 330 2675 Cfr.
359 2634 462 2676 Luc.
492 2635 621 2685 XIX,
662 2635 729 2680 11.
769 2650 883 2691 seqq.
929 2630 1026 2675 coll.
1056 2632 1209 2678 Matth.
1238 2632 1378 2684 XXV,
1407 2635 1474 2676 14.

29 2701 214 2812 *seqq-²)
245 2757 383 2800 Galat.
414 2759 486 2811 VI,
516 2762 554 2804 7.
672 2760 720 2816 3)
752 2759 841 2801 Cfr.
871 2759 1007 2801 Exod.
1035 2758 1155 2813 XVI,
1182 2760 1251 2803 20.

168 2825 215 2881 ¹²)
245 2827 359 2870 Alias
388 2828 448 2884 (e.
480 2847 514 2872 c.
544 2830 590 2872 in
622 2832 719 2874 edd.
749 2829 860 2886 M.:)
889 2835 1178 2888 „permanet.“
1206 2830 1260 2873 R.

120 2892 130 2939 ’.
171 2895 216 2952 ⁵)
246 2897 369 2941 Jesai.
401 2898 551 2950 LXVI,
580 2900 646 2944 24.
1059 2904 1062 2907 ’

42 2984 50 3018 ,ι
705 3023 707 3026 f
1083 2975 1112 3018 6
1125 2974 1146 2999 ²*
