1752 3136
465 167 512 197 m
542 154 798 196 Lssvrricum
826 150 1028 193 HommA
1047 152 1163 193 XVI.
1443 151 1525 193 431

103 286 178 311 ore
224 285 346 310 meo:
407 277 669 324 exspectetur
713 266 820 306 sicut
875 265 1019 321 pluvia
1064 263 1282 319 eloquium
1342 267 1526 304 meum.“

102 349 216 387 Num
248 347 352 401 quid
382 361 475 386 mea
516 345 642 385 verba
682 353 780 383 sunt
819 341 927 384 ista?
1001 343 1116 385 Nfin
1163 340 1267 396 quid
1306 339 1527 380 rhetoricis

102 423 360 476 argumentis
405 438 574 464 sensum
625 419 791 462 divinae
834 419 937 471 legis
987 419 1195 459 violenter
1240 415 1529 459 inflectimus?

101 501 261 540 Nonne
290 499 432 541 Nloses
464 512 534 548 est,
567 497 640 554 qui
671 497 770 539 dicit
800 496 990 553 pluviam
1022 512 1121 545 esse,
1153 496 1272 551 quod
1303 493 1525 550 loquitur}>

101 576 426 632 „Exspectetur,
448 577 490 630 ¹)
527 575 687 630 inquit,
730 575 839 616 sicut
869 573 1010 630 pluvia
1040 573 1260 627 eloquium
1290 589 1459 622 meum,
1488 584 1529 613 et

103 655 364 695 descendant
392 653 498 693 sicut
527 670 598 694 ros
629 653 754 693 verba
774 668 881 703 mea,
911 650 1015 693 sicut
1031 650 1169 691 imber
1193 666 1322 705 super
1341 666 1529 702 gramen,

104 743 144 771 et
171 730 277 771 sicut
305 730 377 770 nix
418 748 545 786 super
583 732 804 772 soenum.“
862 730 1041 769 Intende
1070 729 1304 781 diligenter,
1345 727 1531 777 auditor,

102 823 157 848 ne
187 819 308 863 putes
339 824 417 849 nos
448 808 531 849 vim
563 810 702 849 facere
740 808 974 864 scripturae
1009 806 1197 856 divinae,
1239 822 1335 846 cum
1368 807 1531 846 docen-

102 896 163 926 tes
194 884 412 927 ecclesiam
445 885 623 927 dicimus
653 886 718 925 vel
749 901 891 941 aquas,
920 886 985 925 vel
1015 884 1185 932 imbres,
1213 883 1280 923 vel
1306 883 1399 932 alia,
1420 899 1531 938 quae

104 963 387 1017 corporaliter
421 963 502 1003 dici
536 962 756 1011 videntur,
802 961 1076 1017 spiritualiter
1117 959 1351 1002 sentienda.
1410 959 1531 1001 Audi

103 1040 280 1089 Blosen,
320 1040 543 1095 quomodo
584 1040 762 1080 verbum
800 1037 900 1091 legis
940 1054 1056 1078 nune
1094 1036 1283 1093 pluviam
1321 1038 1531 1086 nominat,

103 1135 219 1157 nunc
250 1134 393 1158 rorem
424 1129 557 1166 vocat,
587 1133 704 1157 nunc
733 1115 937 1165 imbrem,
971 1131 1088 1155 nunc
1126 1113 1252 1156 etiam
1289 1115 1429 1156 nivem
1463 1114 1528 1155 di-

105 1195 172 1236 cit.
231 1195 288 1234 Et
316 1195 424 1237 sicut
440 1195 584 1235 Moses
615 1193 727 1234 varia
750 1204 791 1233 et
821 1193 982 1233 diversa
1006 1191 1296 1247 proloquitur,
1324 1203 1532 1247 tanquam

104 1288 152 1312 ex
191 1271 321 1323 gratia
358 1271 633 1312 multiformis
678 1271 761 1312 Dei
799 1269 1031 1325 sapientiae
1066 1269 1356 1324 proloquens,
1402 1270 1459 1309 ita
1491 1280 1532 1309 et

102 1350 247 1392 Esaias
279 1366 377 1390 cum
408 1348 530 1390 dicit:
573 1349 786 1403 ‚,audi,2)
828 1347 1020 1396 coelum,
1059 1358 1099 1386 et
1136 1348 1313 1402 percipe
1346 1348 1533 1396 auribus,

103 1441 229 1477 terra,
260 1426 465 1483 quoniam
495 1426 710 1467 Dominus
740 1427 909 1467 locutus
940 1428 1040 1465 est.“
1113 1424 1202 1464 Sed
1233 1434 1274 1464 et
1302 1424 1532 1480 unusquis-

107 1522 189 1561 que
218 1505 530 1561 prophetarum
561 1519 658 1544 cum
702 1501 915 1559 aperuerit
956 1519 1027 1551 os,
1066 1501 1225 1543 imbres
1257 1502 1430 1543 deducit
1457 1519 1530 1542 su-

104 1599 183 1638 per
199 1583 350 1623 faciem
379 1594 528 1631 terrae,
558 1580 642 1621 hoc
673 1592 746 1631 est,
776 1580 948 1622 auribus
980 1591 1019 1620 et
1050 1578 1252 1620 cordibus
1271 1579 1531 1622 auditorum.

107 1659 204 1701 Hoc
233 1659 368 1701 sciens
411 1670 452 1700 et
488 1660 723 1715 Apostolus
754 1658 912 1700 Paulus
950 1657 1142 1698 dicebat:
1183 1656 1384 1710 „terr-23)
1416 1657 1532 1698 enim

105 1737 346 1778 venientem
375 1736 541 1792 saepius
557 1753 684 1792 super
711 1753 755 1778 se
781 1736 932 1777 bibens
949 1735 1146 1785 imbrem,
1167 1746 1207 1776 et
1229 1735 1467 1786 germinans
1483 1733 1530 1788 4)

106 1816 285 1856 herbam
316 1826 607 1870 opportunam
636 1815 698 1865 iis,
728 1831 753 1855 a
794 1815 946 1871 quibus
977 1813 1142 1864 colitur,
1174 1811 1326 1867 accipit
1354 1811 1534 1852 henedi-

107 1891 267 1934 ctiones
298 1909 320 1932 a
352 1892 472 1932 Deo:
514 1909 621 1949 quae
661 1904 802 1934 autem
844 1891 1073 1948 protulerit
1101 1890 1240 1947 spinas
1271 1901 1310 1931 et
1338 1889 1533 1937 tribulos,

106 1971 294 2027 reproba
326 1982 397 2019 est,
428 1982 466 2011 et
495 1970 725 2012 maledicto
758 1970 968 2025 proxima,
999 1967 1118 2025 cujus
1136 1969 1231 2009 finis
1263 1968 1317 2008 ad
1349 1966 1533 2008 exustio-

108 2052 250 2089 nem.“
305 2047 422 2087 Num
464 2047 568 2103 quid
608 2048 711 2088 haec
753 2048 988 2102 Apostolus
1026 2048 1079 2087 de
1118 2058 1228 2087 terra
1274 2046 1353 2085 hac
1395 2042 1530 2085 dixit?

110 2126 196 2167 Sed
226 2141 305 2165 nec
334 2124 487 2180 accipit
515 2137 624 2166 terra
654 2126 758 2166 haec
788 2124 1107 2165 benedictiones
1138 2139 1160 2164 a
1181 2123 1293 2171 Deo,
1325 2139 1421 2163 cum
1450 2121 1532 2161 im-

108 2204 205 2243 bres
236 2201 403 2251 biberit,
435 2214 474 2242 et
503 2203 689 2243 fructum
719 2203 979 2258 produxerit.
1039 2202 1126 2243 Sed
1159 2216 1300 2255 neque
1328 2198 1362 2240 si
1390 2198 1532 2254 spinas

110 2297 158 2321 ac
187 2278 368 2321 tribulos
397 2291 494 2334 post
530 2279 718 2335 pluviam
747 2280 995 2336 protulerit,
1040 2289 1322 2334 consequetur
1352 2275 1533 2317 maledi-

109 2356 298 2398 ctionem
329 2374 352 2399 a
383 2356 493 2398 Deo.
560 2357 647 2399 Sed
676 2370 820 2399 nostra
849 2370 984 2409 terra,
1022 2357 1066 2399 id
1099 2368 1178 2407 est,
1218 2367 1412 2396 nostrum
1444 2370 1533 2403 cor,

110 2435 145 2476 si
175 2434 375 2490 suscipiat
412 2435 659 2489 frequenter
696 2435 934 2476 venientem
975 2451 1105 2491 super
1141 2450 1185 2475 se
1221 2433 1410 2489 pluviam
1452 2432 1533 2472 do-

112 2511 272 2554 ctrinae
301 2511 414 2563 legiS,
445 2523 486 2552 et
515 2512 699 2553 attulerit
727 2515 915 2554 fructum
943 2529 1138 2568 operum,
1174 2510 1325 2567 accipit
1355 2506 1533 2550 benedi-

110 2588 272 2631 ctiones
303 2606 326 2630 a
357 2589 468 2630 Deo.
541 2590 587 2632 Si
625 2607 725 2632 vero
755 2607 846 2631 non
878 2607 985 2646 opus
1013 2590 1253 2645 spirituale,
1290 2589 1364 2630 sed
1393 2586 1532 2642 spinas

235 2764 278 2817 ¹)
309 2764 437 2806 Deut.
468 2765 652 2817 XXXII,
680 2769 719 2810 2.
838 2766 886 2821 ²)
914 2766 1038 2808 Jcsai.
1068 2767 1102 2818 J,
1130 2767 1170 2808 2.

229 2835 276 2889 ³)
307 2837 439 2878 Hebr.
475 2837 546 2887 Vl,
576 2839 614 2880 7.
645 2838 684 2881 8.

230 2904 276 2960 ⁴)
309 2904 417 2950 Cod.
449 2909 723 2961 sangerman.
753 2912 1022 2963 ‚,generans.“
1052 2906 1102 2948 Ρι.
