1752 3136
217 50 304 94 232
821 48 1041 91 Omenms

224 162 344 205 cibus
371 161 546 213 solidus,
579 178 752 213 eorum,
782 163 854 219 qui
886 181 966 220 pro
997 162 1274 220 possibilitate
1304 164 1498 206 sumendi
1529 180 1646 206 exer-

223 239 368 282 citatos
415 241 574 282 habent
618 257 761 282 sensus
808 241 861 282 ad
913 239 1214 282 discretionem
1261 240 1367 281 boni
1414 256 1462 281 ac
1503 241 1644 282 mali.“

224 316 378 370 Tangit
408 334 506 371 ergo
538 329 576 359 et
604 317 676 358 ille
706 333 875 358 carnem
908 319 1025 360 verbi
1057 317 1162 367 Dei,
1204 317 1275 374 qui
1315 316 1515 358 interiora
1557 317 1644 375 ejus

224 392 405 444 discutit,
439 406 479 435 et
511 395 676 436 occulta
706 406 846 450 potest
876 395 1102 451 explanare
1133 393 1347 451 mysteria.
1418 394 1474 435 Et
1502 411 1581 435 nos
1612 394 1646 436 si

222 470 477 513 haberemus
507 473 632 513 talem
661 470 936 520 intellectum,
967 484 1013 512 ut
1033 472 1075 527 ¹)
1097 489 1316 528 possemus
1344 471 1520 523 singula,
1541 487 1650 526 quae

224 546 470 588 scribuntur
499 548 543 589 in
572 549 675 601 lege,
704 547 912 603 spirituali
942 548 1289 605 interpretatione
1321 549 1582 596 discernere,
1613 557 1652 586 et

226 624 443 665 obtectum
462 623 507 680 ²)
537 623 872 680 uniuscujusque
900 627 1107 667 sermonis
1138 636 1473 673 sacramentum,
1509 623 1553 663 in
1583 623 1651 663 lu-

224 715 318 742 cem
347 700 545 742 scientiae
575 699 806 741 subtilioris
838 703 1041 742 educere:
1080 700 1113 741 si
1151 701 1206 742 ita
1248 704 1404 742 docere
1433 716 1651 756 possemus

226 777 458 825 ecclesiam,
489 788 536 816 ut
564 776 671 816 nihil
702 791 748 816 ex
780 776 856 826 his,
886 792 994 831 quae
1024 777 1131 818 lecta
1166 790 1274 826 sunt,
1296 789 1533 818 remaneret
1563 793 1653 817 am-

225 853 418 905 biguum,
449 851 554 893 nihil
585 851 900 908 relinqueretur
916 853 1169 894 obscurum:
1202 854 1386 894 fortassis
1419 864 1459 894 et
1489 855 1542 893 de
1570 869 1653 892 no-

225 927 290 970 bis
322 927 405 969 dici
436 940 624 984 poterat,
665 928 763 984 quia
796 927 1006 980 tetigimus
1037 944 1182 971 carnes
1221 941 1381 972 sanctas
1411 928 1529 970 verbi
1557 928 1655 978 Dei,

230 1016 272 1048 et
302 1004 549 1048 sanctificati
577 1021 736 1048 sumus.
798 1005 870 1047 Sic
899 1016 1040 1047 autem
1084 1006 1249 1062 accipio
1293 1019 1332 1047 et
1359 1005 1489 1056 illud,
1534 1005 1655 1061 quod

231 1085 393 1125 dictum
431 1094 503 1132 est,
533 1082 696 1138 quia³)
727 1098 874 1124 omnes
906 1082 1083 1123 masculi
1127 1099 1173 1124 ex
1204 1084 1497 1124 sacerdotibus
1530 1083 1658 1123 edent

228 1175 334 1201 eam.
393 1159 521 1200 Nulla
552 1158 664 1200 enim
696 1159 868 1209 femina,
896 1176 976 1200 nec
1009 1158 1180 1201 remissa
1212 1172 1250 1200 et
1281 1159 1481 1201 dissoluta
1516 1158 1656 1199 anima

226 1236 386 1292 poterit
415 1237 540 1278 edere
571 1251 716 1277 carnes
746 1248 908 1277 sanctas
938 1237 1056 1278 verbi
1086 1237 1180 1278 Dei.
1241 1235 1456 1278 Masculus
1488 1235 1656 1291 quaeri-

228 1325 311 1362 tur,
342 1312 415 1368 qui
447 1329 515 1354 eas
549 1314 655 1354 edat.
713 1312 896 1354 Masculi
927 1313 1111 1369 denique
1148 1324 1269 1363 sunt,
1310 1314 1381 1368 qui
1409 1315 1658 1368 perducun-

226 1400 299 1431 tur
336 1390 391 1430 ad
428 1405 681 1431 numerum:
728 1405 941 1444 nusquam
990 1390 1196 1440 feminae,
1243 1405 1453 1444 nusquam
1492 1389 1660 1444 parvuli

228 1477 524 1508 numerantur.
582 1466 719 1507 Unde
742 1477 782 1507 et
811 1467 1046 1522 Apostolus
1079 1465 1269 1507 dicebat:
1307 1482 1431 1516 „cum
1447 1465 1493 1520 ⁴²)
1519 1477 1658 1506 autem

229 1543 366 1584 factus
396 1559 489 1583 sum
521 1542 595 1593 vir,
627 1542 808 1599 deposui
839 1559 949 1599 quae
979 1554 1098 1583 erant
1126 1541 1333 1598 parvuli.“
1403 1541 1519 1586 Talis
1560 1558 1659 1594 ergo

230 1617 308 1661 iste
335 1619 570 1669 masculus,
610 1631 651 1662 et
688 1619 784 1663 talis
823 1619 887 1660 vir
926 1619 1164 1676 quaeritur,
1206 1617 1278 1674 qui
1324 1635 1469 1660 carnes
1498 1631 1660 1661 sanctas

229 1695 364 1752 possit
394 1699 644 1746 comedere,
689 1707 730 1737 et
772 1697 999 1737 comedere
1038 1712 1129 1736 non
1169 1695 1214 1736 in
1257 1712 1515 1751 quocunque
1544 1697 1659 1747 loco,

230 1774 305 1816 sed
334 1773 377 1814 in
408 1775 508 1815 loco
550 1784 720 1823 sancto,
765 1771 876 1813 intra
916 1771 1069 1813 atrium
1106 1771 1383 1813 tabernaculi.
1469 1772 1660 1814 Audiant

231 1850 339 1892 haec
369 1849 442 1906 qui
472 1850 669 1892 scindunt
700 1848 941 1899 ecclesiam,
974 1859 1014 1889 et
1051 1848 1294 1904 peregrinas
1329 1865 1377 1889 ac
1413 1865 1563 1905 pravas
1591 1850 1659 1891 in-

233 1927 435 1968 ducentes
467 1925 682 1968 doctrinas
712 1937 864 1982 putant
892 1942 935 1967 se
963 1941 1099 1967 sacras
1133 1941 1276 1967 carnes
1308 1937 1419 1967 extra
1450 1927 1659 1982 templum

232 2002 333 2054 Dei,
365 2014 406 2044 et
437 2016 548 2045 extra
579 2002 719 2043 aulam
751 2002 1016 2044 dominicam
1047 2018 1169 2057 posse
1187 2003 1424 2043 comedere.
1470 2002 1659 2045 Prosana

231 2090 332 2123 sunt
362 2096 513 2122 eorum
543 2079 772 2130 sacrificia,
804 2095 913 2135 quae
945 2090 1094 2120 contra
1122 2079 1312 2120 mandati
1341 2079 1474 2130 legem
1506 2095 1660 2132 gerun-

232 2167 315 2198 tur.
372 2156 423 2198 In
455 2158 554 2199 loco
585 2169 730 2199 sancto
763 2157 832 2198 edi
860 2155 1084 2213 jubentur,
1117 2155 1226 2196 intra
1257 2154 1359 2197 atria
1394 2156 1661 2198 tabernaculi

232 2232 478 2276 testimonii.
496 2234 541 2290 ⁵)
585 2234 704 2276 Atria
728 2232 994 2275 tabernaculi
1018 2232 1252 2273 testimonii
1281 2244 1390 2283 sunt,
1421 2249 1530 2288 quae
1558 2232 1660 2274 fidei

233 2327 382 2353 murus
411 2311 558 2362 ambit,
585 2310 676 2367 spei
708 2312 935 2353 columnae
963 2311 1249 2365 suspendunt,
1293 2310 1474 2351 caritatis
1505 2309 1657 2364 ampli-

234 2388 341 2430 tudo
375 2388 532 2432 dilatat.
588 2388 677 2430 Ubi
708 2387 810 2428 haec
839 2404 931 2429 non
960 2399 1070 2438 sunt,
1101 2403 1247 2430 carnes
1277 2397 1447 2429 sanctae
1473 2401 1552 2428 nee
1582 2386 1658 2427 ha-

235 2464 330 2506 beri
359 2477 550 2522 possunt,
579 2482 658 2507 nec
690 2464 870 2506 comedi.

353 2584 398 2638 ¹)
429 2585 561 2625 Deest
589 2589 690 2633 ‚‚ut“
721 2581 767 2623 in
795 2583 887 2623 sola
919 2583 982 2624 ed.
1015 2581 1065 2623 R.

351 2652 398 2706 2)
428 2652 540 2694 Edd.
573 2653 748 2695 Merlini
772 2667 1019 2709 perperam:
1054 2649 1281 2707 objectum.

352 2723 400 2778 ³)
430 2723 558 2764 Levit.
593 2723 665 2773 Vl,
693 2724 761 2767 18.
877 2724 924 2779 ⁴³)
954 2723 973 2762 I
1007 2720 1107 2763 Cor.
1138 2719 1255 2774 XIII,
1285 2719 1348 2763 11.

361 2791 407 2848 5>
436 2791 546 2835 Edd.
579 2793 775 2837 Merlini:
807 2790 1037 2838 testimonii
1067 2789 1159 2833 sint.
