1752 3136
480 81 528 110 m
558 69 810 110 Lssvmcum
840 69 1041 109 HommA
1069 67 1185 110 VIII.
1463 73 1546 116 327

125 198 274 222 manae
307 181 534 237 cupiditate
563 178 844 226 succenditur,
875 189 914 218 et
947 178 1018 233 qui
1048 178 1159 228 irae,
1191 180 1255 220 vel
1285 180 1441 223 furoris
1472 199 1541 223 ae-

122 257 254 300 stibus
284 258 580 299 inssammatur.
650 255 781 308 Quod
814 254 846 294 si
877 255 986 295 sorte
1017 267 1187 296 curetur
1215 257 1268 296 ab
1301 256 1363 298 his
1394 258 1540 299 vulne-

57 339 65 342 “
123 333 238 375 ribus
270 334 405 374 anima
437 349 514 387 per
542 332 694 380 fidem,
737 342 775 371 et
805 341 903 386 post
932 331 1151 373 sanitatem
1188 345 1401 389 receptam
1434 351 1540 376 con-

121 422 251 451 temto
286 427 348 458 eo,
380 409 450 464 qui
483 407 600 449 dixit:
633 410 779 457 „e'cce‚
801 406 844 461 ¹)
887 407 971 464 jam
1010 424 1135 449 sanus
1175 411 1306 451 sactus
1347 427 1409 452 es:
1447 412 1538 453 noli

122 502 308 541 peccare,
337 501 390 525 ne
421 484 519 540 quid
556 483 630 524 tibi
663 483 843 524 deterius
885 484 1149 537 contingat:“
1188 486 1363 542 incipiat
1392 487 1538 530 veteris

120 562 206 602 vitii
236 564 392 602 fructus
424 579 469 602 ex
504 562 690 602 obducta
722 560 915 602 cicatrice
937 563 1142 617 preferre,
1173 579 1252 603 nec
1284 576 1540 620 exaequetur

116 637 286 679 cicatrix
316 639 369 678 ad
400 639 552 693 reliqui
584 638 774 693 corporis
807 649 959 686 cutem,
989 640 1062 679 sed
1097 638 1148 679 sit
1170 639 1386 690 humilior,
1417 653 1458 681 et
1487 641 1538 682 il-

117 716 206 755 lum
246 714 385 756 adhuc
425 714 606 757 retineat
645 716 856 763 colorem,
901 732 1027 770 quem
1071 715 1221 758 habuit
1256 719 1400 774 leprae
1429 730 1536 760 tem-

116 807 244 846 pore:
281 792 399 848 lepra
441 790 527 849 ejus
556 792 600 832 in
632 791 856 832 adustione
887 792 1100 843 refloruit,
1139 804 1182 834 et
1220 792 1319 835 ideo
1349 794 1536 836 immun-

117 869 193 910 dus
225 884 247 908 a
279 870 498 910 sacerdote
527 867 753 926 judicatur.

228 946 266 988 9.
300 945 457 1006 Quinta
487 945 646 1000 species
679 946 821 1000 leprae
851 957 934 994 est,
964 963 1062 987 curn
1094 946 1138 987 in
1169 946 1305 1002 capite
1336 947 1533 1001 contagio

115 1022 311 1073 efficitur,
343 1033 414 1061 aut
442 1022 486 1063 in
518 1022 651 1062 barba
682 1022 772 1070 viri,
802 1021 885 1062 sive
914 1022 1113 1072 mulieris,
1142 1023 1199 1064 ita
1222 1035 1268 1064 ut
1295 1023 1398 1065 visio
1431 1042 1535 1066 con-

113 1099 293 1151 tagionis
321 1097 450 1154 ipsius
482 1097 687 1139 humilior
723 1097 775 1140 sit
815 1114 836 1139 a
881 1109 975 1139 cute
1008 1101 1224 1154 corporis:
1272 1111 1313 1140 et
1340 1101 1444 1142 haec
1477 1115 1536 1145 est

113 1177 231 1231 lepra
263 1174 420 1231 capitis,
450 1175 515 1216 vel
544 1175 717 1216 barbae.
786 1174 895 1216 Vide
923 1190 1045 1227 ergo,
1100 1175 1133 1217 si
1165 1188 1307 1232 potest
1334 1178 1449 1229 fieri,
1488 1192 1535 1220 ut

113 1254 231 1308 lepra
264 1251 411 1308 capitis
441 1264 614 1308 putetur
642 1252 685 1294 in
719 1268 793 1303 e0,
839 1252 912 1308 qui
950 1270 1040 1294 non
1084 1253 1211 1295 habet
1250 1266 1377 1310 caput
1408 1255 1533 1298 Chri-

112 1342 235 1379 stum,
265 1330 337 1370 sed
368 1330 497 1371 alium
529 1329 726 1384 aliquem,
755 1329 872 1370 verbi
902 1345 1036 1379 causa,
1070 1329 1308 1385 Epicurum
1337 1333 1534 1390 volupta-

113 1418 197 1447 tem
229 1423 443 1447 summum
463 1406 628 1446 bonum
647 1407 985 1462 praedicantem:
1017 1408 1184 1461 num2)
1213 1407 1290 1448 tibi
1322 1421 1361 1450 et
1393 1423 1533 1466 caput,

112 1494 156 1524 et
185 1483 317 1522 barba
347 1481 438 1523 talis
469 1482 652 1524 hominis
682 1482 848 1524 videtur
878 1483 1131 1526 immunda?
1190 1485 1277 1526 Sed
1307 1497 1346 1526 et
1375 1486 1428 1536 is,
1460 1488 1532 1543 qui

116 1576 211 1599 curn
246 1559 397 1598 debeat
427 1574 513 1600 esse
543 1559 617 1608 vir,
647 1571 688 1599 et
715 1575 836 1611 agere
865 1571 1068 1616 tanquam
1098 1563 1332 1615 perfectus,
1360 1564 1394 1605 si
1423 1566 1533 1606 forte

112 1635 235 1677 facile
266 1647 304 1675 et
333 1646 534 1690 tanquam
566 1652 674 1691 puer
704 1637 896 1678 vincatur
925 1652 947 1677 a
978 1649 1169 1692 peccato,
1198 1638 1324 1680 etiam
1355 1640 1443 1696 ipse
1471 1644 1532 1683 le-

111 1729 234 1769 pram
265 1713 424 1752 barbae
454 1712 611 1752 habere
642 1713 848 1753 dicendus
880 1723 960 1753 est:
1001 1712 1099 1768 quia
1130 1731 1226 1756 cum
1257 1717 1426 1759 vincere
1455 1720 1530 1760 de-

112 1791 230 1831 beret
259 1787 504 1841 malignum,
535 1800 578 1829 et
605 1789 858 1830 sacerdotali
889 1790 1077 1840 honore,
1117 1791 1188 1846 qui
1217 1792 1263 1833 in
1293 1795 1427 1836 barba
1458 1798 1532 1837 de-

105 1867 309 1919 signatur,
338 1865 557 1915 incedere,
598 1865 908 1907 adolescentiae
945 1866 1051 1908 vitiis
1079 1867 1329 1923 impeditus,
1369 1873 1531 1928 lepram

111 1945 271 1986 barbae
299 1942 548 1999 perpetitur.
615 1942 843 1984 Mulierem
875 1956 1014 1984 autem
1046 1944 1231 1986 animam
1262 1946 1304 1987 in
1337 1949 1530 2005 Scriptu-

113 2021 168 2063 ris
197 2019 378 2062 indicari
419 2036 536 2069 eam,
575 2035 684 2075 quae
726 2037 816 2061 non
853 2032 938 2063 tam
979 2024 1176 2077 proferre
1212 2040 1356 2065 semen
1399 2027 1529 2078 verbi,

109 2113 240 2153 quam
269 2096 481 2151 suscipere
510 2108 673 2151 potest,
714 2113 840 2152 saepe
880 2098 1037 2139 dietum
1082 2111 1164 2141 est:
1211 2116 1319 2155 quae
1364 2102 1528 2161 lepram

112 2175 271 2215 habere
301 2172 540 2225 designatur
567 2172 612 2214 in
644 2174 791 2230 capite,
822 2173 855 2215 si
885 2175 1043 2224 virum,
1084 2176 1155 2232 qui
1188 2190 1314 2233 caput
1343 2180 1530 2222 mulieris

110 2263 186 2301 est,
216 2251 258 2293 id
290 2263 361 2299 est,
393 2251 614 2305 doctorem
645 2252 860 2307 pollutum
892 2252 1064 2302 habeat,
1102 2265 1140 2295 et
1169 2254 1453 2307 immundum,
1483 2271 1531 2300 ut

111 2329 394 2376 Marcionem,
410 2338 481 2367 aut
503 2329 789 2379 Valentinum,
809 2342 880 2371 aut
900 2329 1081 2385 aliquem
1103 2330 1313 2388 ejusmodi
1336 2349 1528 2389 sequens.

225 2408 290 2449 10.
322 2406 444 2446 Sexta
476 2401 560 2460 jam
593 2417 633 2446 et
662 2406 811 2448 ultima
840 2406 1001 2462 species
1030 2408 1174 2462 leprae
1202 2409 1390 2464 ponitur,
1421 2428 1530 2468 quae

111 2486 161 2525 fit
189 2481 231 2523 in
247 2483 294 2538 ³)
328 2480 510 2531 calvitie,
557 2483 622 2523 vel
650 2482 880 2525 recalvitie:
912 2499 1020 2539 quae
1050 2500 1136 2534 res,
1179 2497 1384 2540 quantum
1414 2487 1459 2529 in
1487 2506 1532 2531 se

230 2712 276 2767 ¹)
305 2712 380 2752 Ev.
410 2711 566 2755 Joann.
598 2713 647 2764 V,
681 2714 744 2759 14.
863 2713 910 2770 ²)
939 2714 1051 2757 Edd.
1081 2713 1278 2757 Merlini:
1316 2733 1405 2758 non
1443 2715 1532 2761 tibi.

230 2783 279 2838 ³)
309 2783 426 2827 Libri
456 2782 557 2827 editi
586 2784 646 2838 (v,
676 2801 710 2827 c.
743 2785 838 2828 edd.
870 2785 972 2841 Μ.);
1005 2785 1075 2838 „in
1093 2785 1276 2838 calvitio,
1305 2787 1370 2829 vel
1399 2787 1531 2829 recal-
