1752 3136
208 41 292 81 312
802 42 1023 85 Ornet-:ms

214 161 326 199 runt,
357 151 419 192 vel
451 152 504 193 de
533 153 697 195 ratione
728 155 850 207 coeli,
879 158 942 198 vel
975 158 1198 212 quomodo
1217 158 1401 200 mundus
1422 158 1505 200 Dei
1525 176 1626 216 pro-

214 224 396 268 videntia
427 230 706 281 gubernetur:
736 236 971 275 secundum
1004 235 1106 275 haec
1139 251 1237 286 ergo
1276 234 1461 276 volatilia
1490 237 1630 277 nomi-

212 316 383 346 nantur.
442 307 487 349 Si
518 324 617 349 vero
648 306 893 367 hujusmodi
925 311 1119 352 homines
1143 310 1288 366 inique
1307 323 1450 362 agant,
1473 323 1512 352 et
1529 330 1631 353 con-

214 390 277 421 tra
308 381 442 434 legem
473 384 653 435 saciant,
693 387 893 444 diripiant
923 388 1163 444 proximos,
1191 400 1258 438 ut,
1297 405 1393 429 cum
1424 388 1466 430 in
1498 389 1634 431 verbis

217 473 304 498 esse
333 460 526 502 videatur
556 463 738 505 eruditio
772 466 975 515 coelestis,
1004 465 1048 507 in
1079 465 1239 507 actibus
1259 465 1439 506 carnalia
1459 477 1496 506 et
1516 483 1633 506 mor-

215 546 288 576 tua
324 553 451 592 opera
481 552 636 591 gerant,
667 553 777 582 recte
807 542 992 584 vultures
1036 543 1099 583 vel
1132 543 1297 598 aquilae
1328 541 1498 584 dicendi
1528 554 1638 592 sunt,

217 627 327 667 quae
357 616 409 655 de
439 618 606 660 excelsis
637 619 689 659 ad
722 635 865 661 carnes
894 630 1085 660 mortuas
1124 636 1171 660 ac
1211 620 1391 661 foetidas
1428 621 1638 661 delabun-

216 699 298 731 tur.
358 693 426 733 Ad
460 694 544 734 hoc
574 694 795 734 reserenda
838 706 897 734 est
927 706 966 735 et
996 695 1204 749 accipitris
1236 697 1456 752 rapacitas,
1496 708 1535 737 et
1566 712 1636 736 ce-

215 778 405 809 terorum
439 769 654 810 omnium:
701 784 748 810 ex
788 770 942 824 quibus
984 772 1194 825 quaedam
1226 784 1322 813 sunt
1351 772 1537 813 volatilia
1567 789 1635 813 ra-

215 845 390 898 pacitati
420 845 652 894 studentia,
693 847 902 902 quaedam
944 864 1044 888 vero
1089 865 1180 888 non
1224 859 1308 888 tam
1351 848 1638 904 rapacitatem,

217 936 344 975 quam
376 923 675 965 obscuritatem
709 935 750 964 et
777 924 971 966 tenebras
1001 925 1197 966 amantia.
1252 923 1494 978 ‚,Omnis¹)
1527 925 1640 965 enim

217 997 291 1052 qui
319 1000 433 1041 male
462 1000 562 1054 agit,
608 1001 700 1042 odit
736 1001 901 1051 lucem,
941 1013 978 1042 et
1006 1018 1096 1043 non
1139 1000 1253 1042 venit
1283 1001 1336 1042 ad
1367 1001 1504 1041 lucem
1519 1006 1556 1041 :⁸⁸
1593 1012 1640 1042 ut

216 1088 314 1116 sunt
344 1089 529 1118 noctuae
560 1089 600 1118 et
629 1077 965 1133 vespertiliones,
1013 1090 1051 1119 et
1081 1090 1236 1128 cetera,
1279 1093 1387 1133 quae
1429 1078 1495 1118 lex
1534 1093 1637 1133 pro-

214 1153 422 1195 nuntiavit
459 1153 696 1199 immunda.
778 1157 813 1196 A
863 1155 1016 1211 quibus
1066 1156 1266 1197 omnibus
1315 1153 1521 1210 spirituali
1559 1172 1638 1197 nos

218 1230 483 1272 observantia
514 1230 816 1281 custodientes,
862 1242 902 1272 et
931 1232 1074 1274 cibum
1108 1249 1154 1274 ex
1186 1232 1354 1273 mundis
1386 1231 1638 1274 animalibus

217 1319 475 1362 appetentes,
506 1307 629 1349 etiam
660 1307 742 1364 ipsi
768 1309 867 1364 puri
897 1309 1131 1350 efficiemur
1151 1321 1191 1351 et
1219 1309 1384 1359 mundi,
1413 1325 1491 1364 per
1511 1309 1636 1351 Chri-

214 1396 323 1425 stum
355 1385 597 1426 Dominum
625 1396 842 1426 nostrum:
884 1402 962 1441 per
1001 1402 1128 1442 quem
1171 1398 1230 1427 est
1258 1386 1356 1426 Deo
1397 1386 1508 1441 patri
1539 1403 1637 1427 cum

217 1461 379 1517 Spiritu
406 1474 551 1504 sancto
584 1461 730 1515 gloria,
762 1474 802 1503 et
830 1461 1058 1518 imperium
1089 1461 1319 1504 insaecula
1349 1464 1633 1505 saeculorum.

215 1539 369 1580 Amen.

552 1937 596 1985 H
636 1940 678 1985 Ο
717 1934 1046 1985 MILIA
1129 1935 1290 1983 VIII.

214 2056 283 2096 De
315 2073 387 2107 eo,
427 2058 546 2113 quod
585 2057 788 2114 scriptum
821 2069 902 2099 est:
949 2056 1191 2111 „mulier²)
1223 2071 1503 2112 quaecunque
1533 2074 1637 2098 eon·-

214 2133 370 2189 ceperit
392 2150 548 2186 semen,
580 2146 618 2175 ct
639 2135 851 2192 pepererit
869 2135 1117 2184 masculum,
1147 2133 1368 2174 immunda
1387 2133 1465 2173 erit
1479 2146 1638 2189 septem

271 2211 471 2253 diebus:“
506 2224 545 2252 et
575 2214 628 2253 de
659 2212 966 2254 diversitatibus
995 2211 1201 2267 leprae-³⁴¹)
1243 2226 1290 2251 ac
1320 2210 1584 2266 purificatio-

758 2290 883 2331 nibus
914 2289 1086 2345 leprosi.

324 2403 360 2444 1.
391 2400 611 2444 Medicum
642 2401 798 2444 dici-in
837 2400 1052 2457 seripturis
1100 2399 1249 2442 divinis
1280 2398 1520 2441 Dominum
1550 2417 1632 2442 no-

212 2489 344 2519 strum
374 2479 520 2520 Jesum
553 2479 781 2530 Christum,
813 2478 936 2520 etiam
963 2478 1094 2534 ipsius
1113 2476 1295 2519 Domini
1311 2477 1514 2518 sententia
1535 2494 1633 2534 per-

213 2555 431 2606 docemur,
463 2557 569 2597 sicut
600 2557 700 2599 dicit
730 2558 775 2598 in
805 2555 1064 2608 Evangeliis:
1105 2570 1223 2606 „non
1238 2552 1284 2609 ⁴)
1324 2552 1514 2607 indigent
1543 2554 1634 2597 sani

328 2715 371 2768 Ι)
401 2715 477 2756 Ev.
508 2717 666 2757 Joann.
698 2717 770 2766 III,
800 2719 868 2761 20.
989 2717 1036 2771 2)
1066 2715 1194 2757 Levit.
1227 2715 1325 2765 XII,
1353 2717 1392 2758 2.

303 2786 350 2841 ³)
386 2785 475 2827 Cfr.
510 2785 648 2828 Levit.
679 2786 795 2827 Xlll.
920 2787 966 2844 4)
997 2787 1149 2830 Matth.
1179 2786 1257 2837 IX,
1286 2786 1352 2828 12.
1383 2787 1448 2831 13.
