1752 3136
277 140 363 183 212
875 133 1096 175 Omenms

280 251 409 292 habet
447 247 761 306 ἔπίπεμπτον,
813 248 930 304 quod
970 264 1047 288 nos
1088 245 1261 302 quidem
1300 259 1523 300 possumus
1561 245 1702 287 dicere

278 344 433 383 „super
471 327 685 382 quintas:“
728 324 807 366 nisi
848 324 1060 365 diceretur
1098 324 1208 365 istud
1247 322 1438 377 specialis
1481 321 1700 379 cujusdam

278 404 448 446 numeri
478 403 594 459 apud
622 402 718 444 illos
751 417 836 444 esse
865 401 1124 443 vocabulum
1142 432 1152 450 ,
1194 416 1280 455 quo
1320 398 1531 439 indicetur
1551 399 1592 454 ¹)
1619 416 1700 455 pro
1749 421 1752 439 ε

281 480 473 538 quinque
500 479 604 523 alios
635 479 824 535 quinque
855 479 1042 527 dandos,
1088 489 1128 518 et
1157 493 1291 517 unum
1320 491 1470 530 super:
1510 487 1557 516 ut
1585 475 1703 516 verbi
1751 505 1752 509 ,

282 557 412 611 gratia
441 557 712 611 intelligatur,
745 554 817 610 qui
845 555 1008 596 furatus
1038 554 1090 595 sit
1120 554 1307 609 quinque
1335 569 1559 602 nummos,
1589 551 1704 607 ipsos
1750 548 1752 559 ‘

281 634 455 690 quidem
487 634 678 689 quinque
706 632 946 681 restituere,
996 642 1035 672 et
1073 630 1176 672 alios
1216 630 1406 686 quinque
1435 646 1524 670 uno
1555 644 1703 685 super-

282 711 443 753 addito.
515 711 606 750 Nec
633 720 777 749 tamen
807 708 912 747 haec
943 706 1149 748 continuo
1179 723 1260 762 pro
1293 707 1409 748 furtis
1443 718 1514 747 aut
1543 706 1707 747 fraudi-

280 790 360 829 bus
389 787 663 837 intelligenda
694 795 812 833 sunt,
854 784 929 825 sed
963 783 1082 837 quod
1114 781 1239 823 etiam
1268 784 1299 824 si
1331 783 1421 838 quis
1451 799 1530 838 pro
1562 782 1708 823 usibus

282 862 524 906 necessariis
561 860 642 904 sibi
683 861 736 902 de
767 854 916 902 sanctis
946 857 1171 914 pecuniam
1203 860 1372 910 sumsit,
1403 871 1443 899 et
1471 875 1613 900 moras
1645 870 1708 899 at-

281 939 452 982 tulitin
482 937 766 987 restituendo,
810 934 1057 993 hujusmodi
1096 937 1187 988 lege
1216 935 1526 986 constringitur.
1585 934 1710 988 Quae

283 1017 350 1057 lex
389 1014 515 1056 etiam
556 1015 792 1055 secundum
832 1013 999 1054 literam
1049 1012 1274 1053 aedificare
1315 1013 1441 1053 debet
1478 1012 1708 1054 audientes.

280 1093 418 1134 Valde
447 1091 559 1133 enim
589 1089 702 1132 utilis
732 1101 773 1131 et
802 1090 1035 1131 necessaria
1068 1101 1127 1130 est
1159 1090 1419 1138 observatio,
1449 1089 1513 1130 his
1544 1087 1709 1145 praeci-

282 1186 382 1227 pue,
413 1169 486 1225 qui
517 1166 805 1210 ecclesiasticis
837 1165 1221 1223 dispensationibus
1252 1178 1466 1222 praesunt,
1503 1177 1549 1207 ut
1576 1165 1708 1208 sciant

281 1245 361 1288 sibi
393 1245 446 1286 ab
477 1245 553 1294 his,
583 1259 692 1299 quae
720 1243 766 1284 in
789 1260 911 1285 usum
940 1254 1184 1286 sanctorum
1217 1244 1361 1285 oblata
1389 1255 1509 1294 sunt,
1546 1243 1708 1284 cautius

284 1333 323 1363 et
353 1320 591 1375 diligentius
620 1321 947 1363 observandum.

397 1399 435 1440 7.
467 1397 554 1439 Sed
587 1408 627 1437 et
654 1413 748 1446 nos,
780 1396 935 1451 quibus
964 1397 1039 1439 ista
1068 1399 1181 1440 forte
1210 1414 1298 1439 non
1324 1397 1536 1448 accidunt,
1564 1396 1706 1438 videa-

280 1493 389 1525 mus,
421 1491 504 1530 qua
535 1490 582 1515 ex
612 1484 732 1529 parte
771 1489 912 1515 sermo
955 1474 1056 1526 legis
1087 1474 1292 1518 aedificet.
1358 1475 1416 1515 Et
1457 1490 1532 1527 ego
1565 1473 1708 1523 hodie,

280 1553 380 1594 licet
408 1562 612 1608 peccator
639 1550 733 1601 sim,
759 1562 902 1592 tamen
931 1552 1030 1607 quia
1059 1551 1313 1609 dispensatio
1346 1551 1450 1592 mihi
1477 1550 1595 1591 verbi
1627 1551 1708 1591 do-

282 1627 432 1669 minic-i
462 1628 620 1670 credita
663 1639 744 1677 est,
782 1640 923 1669 sancta
951 1628 1048 1670 Dei
1088 1628 1237 1670 videor
1274 1630 1433 1670 habere
1472 1629 1709 1670 commissa.

281 1705 434 1761 Neque
461 1722 578 1746 nunc
607 1705 810 1760 primum,
839 1706 914 1746 sed
941 1721 1067 1761 saepe
1087 1703 1174 1762 jam
1205 1717 1245 1746 et
1265 1705 1367 1746 olim
1392 1704 1708 1760 dispensatione

281 1782 363 1822 hac
386 1796 487 1833 erga
524 1796 598 1821 vos
628 1780 800 1824 utimur.
871 1781 918 1823 Si
957 1781 1049 1838 quis
1089 1797 1188 1833 ergo
1230 1798 1278 1823 ex
1306 1782 1426 1823 vobis
1454 1782 1653 1838 suscipiat
1683 1798 1707 1822 a

281 1874 352 1899 me
382 1855 642 1899 dominicam
670 1857 915 1914 pecuniam,
950 1870 1001 1908 et,
1030 1870 1078 1899 ut
1106 1857 1197 1899 fieri
1212 1860 1334 1910 solet,
1367 1874 1550 1911 egressus
1569 1859 1705 1900 eccle-

279 1935 400 1984 siam,
430 1945 470 1974 et
499 1932 669 1976 diversis
700 1934 1055 1990 occupationibus
1095 1936 1253 1976 saeculi
1283 1948 1441 1992 raptus,
1482 1935 1702 1986 oblivioni,

282 2027 392 2067 quae
421 2009 631 2060 audierat,
664 2012 803 2063 dedit,
841 2028 922 2054 nec
966 2029 1073 2069 opus
1105 2011 1283 2068 aliquod
1314 2029 1361 2054 ex
1390 2013 1546 2063 verbo,
1585 2013 1703 2068 quod

279 2086 474 2143 suscepit,
502 2086 704 2143 implevit,
732 2088 810 2131 iste
847 2100 918 2140 est,
951 2090 1023 2145 qui
1041 2091 1268 2145 pecuniam
1302 2091 1355 2131 de
1384 2090 1536 2131 sanctis
1565 2105 1704 2131 susce-

278 2176 397 2221 ptam
434 2179 526 2205 non
561 2165 761 2208 reddidit.
831 2167 962 2208 Unde
997 2169 1060 2208 vel
1101 2166 1164 2207 his
1196 2166 1348 2209 auditis
1377 2167 1422 2207 in
1451 2165 1705 2208 memoriam

280 2252 466 2291 revocet,
495 2242 614 2297 quod
648 2259 708 2292 ea,
739 2259 848 2299 quae
878 2244 1041 2285 dudum
1073 2243 1153 2285 sibi
1184 2245 1354 2285 fuerant
1381 2244 1425 2285 in
1455 2244 1586 2284 verbo
1619 2242 1703 2283 Dei

282 2318 520 2367 commissa,
547 2319 739 2370 neglexit.
796 2321 966 2364 Reddat
996 2336 1094 2373 ergo
1128 2331 1168 2361 et
1190 2320 1284 2370 hoc,
1316 2321 1434 2375 quod
1459 2319 1632 2374 accepit,
1664 2330 1704 2360 et

282 2397 411 2436 addat
441 2396 495 2436 ad
523 2394 569 2436 id
602 2397 767 2452 quintas
798 2414 848 2440 eo
878 2399 1038 2447 mode,
1071 2414 1156 2453 quo
1187 2409 1284 2438 ante
1312 2395 1397 2454 jam
1427 2397 1628 2439 diximus:
1658 2395 1703 2437 id

282 2484 353 2522 est,
385 2484 432 2514 ut
461 2472 525 2514 bis
557 2473 687 2529 quina
725 2474 826 2525 sint,
868 2486 906 2516 et
944 2491 1054 2515 unus
1091 2474 1413 2530 superaddatur.
1471 2474 1715 2527 Videamus)

280 2564 395 2600 ergo,
426 2550 648 2604 quomodo
681 2551 871 2608 quinque
898 2551 966 2595 isti
994 2553 1238 2593 reddantur.
1317 2550 1521 2606 Quinque
1549 2567 1700 2591 nume-
1751 2601 1752 2606 ¹

279 2642 349 2666 rus
389 2626 652 2681 frequenter,
683 2628 771 2670 imo
808 2645 920 2685 pene
955 2644 1124 2686 semper
1161 2644 1241 2684 pro
1282 2627 1472 2684 quinque
1509 2627 1699 2669 sensibus
1751 2636 1752 2641 ’

394 2821 438 2876 ¹)
469 2821 632 2864 Omnes
661 2820 785 2865 Mss.:
820 2823 1097 2873 „indicetur.“
1153 2823 1271 2866 Libri
1303 2822 1424 2868 editi:
1461 2819 1695 2874 „indicare-

273 2881 383 2920 ται-ἐ*
411 2878 463 2922 R.
497 2903 548 2913 —
579 2877 692 2922 Edd.
725 2879 924 2924 Merlini:
957 2880 1281 2934 „indiceretur.“
1579 2908 1583 2909 ν
