1752 3136
488 119 534 151 m
563 108 813 150 Lssvrraeum
842 106 1043 148 HommA
1066 106 1140 146 111.
1448 104 1534 151 201

115 236 206 262 non
236 221 335 270 mlt,
366 236 463 261 cum
494 221 546 261 ad
578 217 796 261 ecclesiam
827 216 1016 258 delatum
1045 215 1175 256 fuerit
1205 214 1291 272 ejus
1308 231 1543 274 peccatum,

116 296 245 352 possit
273 298 441 338 duobus
472 294 668 336 adhibitis
699 293 871 334 testibus
889 292 1122 334 confutari:
1153 293 1399 348 frequenter
1429 296 1542 337 enim

118 374 280 424 accidit,
310 385 357 414 ut
385 370 590 425 volensl)
627 369 716 425 quis
734 369 1040 422 Evangelicum
1069 369 1247 425 implere
1279 372 1542 420 mandatum,

120 450 402 492 calumniator
421 448 653 496 „videatur‚
683 445 718 487 si
749 445 908 487 crimen
939 447 1101 487 deferat
1139 446 1193 486 ad
1224 447 1463 498 ecclesiam,
1505 459 1545 489 et

120 525 286 567 deficiat
313 524 496 565 testibus.
562 524 628 564 Ne
669 539 767 576 ergo
799 524 884 564 hoc
915 522 1100 572 accidat,
1134 521 1296 563 idcirco
1340 524 1448 566 duos
1479 526 1544 565 vel

116 612 198 643 tres
226 611 345 641 testes
374 600 418 640 in
447 600 633 641 secunda
678 599 961 641 conventione
996 597 1114 655 jussit
1152 598 1358 641 adhiberi.
1432 601 1543 642 Cum

117 692 214 728 ergo
245 675 460 729 Evangelii
488 677 572 717 tale
602 678 851 718 mandatum
882 676 953 727 sit,
984 688 1024 718 et
1052 678 1116 717 lex
1146 676 1399 733 praecipiat,
1431 677 1544 732 quia,

117 750 150 793 si
179 753 365 802 tacuerit,
397 753 575 809 accipiet
600 766 822 809 peccatum
854 751 962 810 ejus:
995 753 1215 795 sciendum
1247 765 1318 804 est,
1352 756 1483 810 quod,
1512 755 1547 795 si

118 827 210 884 quis
242 845 302 879 ea,
333 845 441 886 quae
469 830 583 871 videt
611 830 655 870 in
687 829 840 871 delicto
872 829 1056 886 proximi
1085 829 1171 879 sui,
1211 830 1276 871 vel
1313 848 1403 871 non
1434 831 1545 872 indi-

117 917 184 947 cat
211 907 447 947 secundum
477 906 664 959 regulam
695 905 888 962 superius
911 907 1065 956 datam,
1094 906 1160 948 vel
1180 904 1224 947 in
1254 906 1545 949 testimonium

116 993 301 1032 vocatus,
329 999 420 1023 non
452 999 559 1038 quae
578 999 674 1024 vera
698 994 796 1024 sunt
816 982 978 1033 dixerit,
1009 994 1247 1037 peccatum,
1279 984 1397 1037 quod
1429 1001 1548 1024 com-

116 1057 228 1100 misit
256 1058 349 1108 ille,
390 1075 516 1114 quem
548 1060 675 1109 celat,
713 1058 805 1114 ipse
833 1057 1053 1113 suscipiet,
1098 1069 1136 1098 et
1163 1074 1304 1113 poena
1337 1059 1550 1101 commissi

117 1136 356 1176 revolvetur
385 1136 438 1176 ad
470 1134 700 1177 conscium.
773 1134 1047 1177 Sufficienter
1077 1150 1176 1187 ergo
1207 1133 1252 1175 in
1281 1135 1366 1176 hoc
1401 1135 1548 1191 capite,

115 1210 205 1267 ipse
233 1229 312 1253 nos
342 1211 577 1255 aedificavit
603 1224 736 1253 textus
769 1211 979 1253 historiae.
1026 1211 1139 1252 Puto
1169 1223 1324 1264 tamen,
1358 1214 1476 1268 quod
1509 1225 1550 1255 et

114 1288 187 1329 illa
207 1289 362 1338 anima,
392 1306 500 1345 quae
523 1289 624 1342 legit
649 1289 853 1345 scriptum
872 1288 918 1329 in
944 1289 1035 1340 lege
1053 1288 1151 1338 Dei,
1181 1290 1278 1344 quia
1309 1287 1547 1346 ,‚jurnvit²)

116 1365 347 1415 Dominus,
375 1383 455 1407 nec
487 1383 583 1408 eum
606 1366 865 1422 poenitebit:
890 1376 936 1406 tu
958 1382 998 1407 es
1026 1367 1221 1407 sacerdos
1237 1365 1281 1406 in
1315 1378 1549 1418 aeternum,

116 1443 350 1484 secundum
383 1443 579 1484 ordinem
608 1443 926 1484 Melchisedech
940 1447 976 1483 :“
1004 1442 1124 1483 audit
1141 1459 1288 1483 vocem
1310 1441 1549 1499 juramenti,

118 1530 166 1560 ut
202 1520 365 1561 faciunt
401 1518 562 1560 scribae
609 1530 648 1560 et
686 1517 903 1560 Pharisaei
942 1535 1110 1574 semper
1146 1519 1249 1560 haec
1288 1519 1551 1570 meditantes,

118 1596 192 1637 sed
221 1606 383 1645 tacent,
422 1606 461 1636 et
505 1594 727 1636 enuntiare
760 1595 813 1635 ad
844 1596 1057 1651 populum
1088 1595 1266 1646 nolunt,
1304 1613 1360 1637 ne
1393 1595 1550 1639 Christi

116 1683 319 1713 testentur
347 1674 588 1713 adventum.
646 1673 882 1726 Propterea
913 1687 1012 1724 ergo
1042 1670 1122 1727 ipsi
1159 1671 1367 1727 accipient
1396 1689 1549 1728 pecca-

116 1760 222 1800 tum,
252 1748 298 1790 in
329 1765 413 1805 quo
445 1765 534 1789 non
567 1747 834 1789 enuntiantes
864 1749 919 1789 ad
948 1749 1162 1804 populum
1184 1764 1292 1803 quae
1313 1765 1410 1790 vera
1439 1762 1550 1801 sunt,

117 1842 297 1882 peccare
327 1826 489 1868 faciunt
507 1824 553 1878 ³)
583 1823 722 1866 Israel.

230 1904 271 1946 3.
303 1903 405 1944 Post
443 1903 549 1943 haec
587 1902 668 1944 alia
707 1903 771 1943 lex
810 1901 1119 1958 promulgatur.
1188 1900 1443 1957 ,‚Anima‚⁴²)
1481 1902 1551 1943 in-

122 1981 236 2037 quit,
267 1995 547 2035 quaecunque
586 1978 766 2030 tetigerit
806 1994 979 2020 omnem
1016 1994 1107 2019 rem
1145 1977 1438 2028 immundam,
1479 1991 1553 2019 aut

124 2046 719 2112 morticinum-jumentorum
747 2056 1086 2104 immundorum,
1119 2066 1156 2095 et
1172 2053 1341 2095 latuerit
1370 2069 1480 2103 eum,
1513 2064 1554 2094 et

123 2134 366 2190 inquinatus
400 2143 471 2183 est,
503 2144 575 2173 aut
602 2134 637 2175 si
666 2132 848 2186 tetigerit
878 2133 930 2173 ab
960 2130 1230 2173 immunditia
1268 2130 1466 2179 hominis,
1497 2131 1551 2171 ab

128 2211 247 2253 omni
276 2209 569 2259 immunditia,
609 2227 656 2251 ex
695 2227 777 2266 qua
806 2209 1102 2265 inquinetur‚“
1143 2219 1183 2249 et
1212 2219 1362 2251 cetera.
1434 2206 1554 2248 Haec

125 2288 297 2344 quidem
329 2288 441 2342 apud
486 2287 675 2328 Judaeos
711 2287 957 2328 indecenter
989 2285 1109 2334 satis,
1147 2295 1188 2325 et
1227 2284 1433 2326 inutiliter
1472 2284 1553 2324 ob-

125 2375 352 2407 servantur.
411 2362 472 2404 Ut
503 2363 606 2420 quid
638 2364 749 2406 enim
779 2363 1027 2406 immundus
1056 2363 1285 2413 habeatur,
1314 2361 1386 2418 qui
1416 2360 1569 2403 conti-.

242 2575 287 2628 ¹)
315 2573 426 2615 Edd.
454 2572 630 2615 Merlini
659 2589 906 2629 perperam:
937 2574 1100 2615 nolens.

240 2643 288 2697 2)
320 2643 407 2686 Cfr.
438 2644 590 2686 Psalm.
621 2643 712 2692 CX,
742 2644 780 2685 4.
811 2643 978 2699 (CIX.)

240 2712 288 2769 3)
319 2713 426 2754 Cod.
457 2713 757 2764 sangerman.:
786 2711 1014 2764 „faciunt.“
1044 2709 1163 2756 Libri
1195 2709 1294 2753 editi
1317 2708 1377 2766 (v.
1403 2725 1435 2751 c.
1458 2708 1554 2750 edd.

60 2827 68 2838 l
128 2769 235 2829 M.):
268 2769 571 2819 „faciantf‘R

243 2838 291 2895 ἰ>
323 2837 408 2881 cfr.
442 2836 569 2882 Levit.
599 2840 652 2892 v,
681 2841 722 2887 2.
750 2840 792 2884 3.
