1752 3136
281 101 369 144 31ss
887 100 1107 144 Omenms

283 231 375 254 cam
408 213 541 254 silium
572 225 690 253 tuum
723 212 881 254 illue?“
921 226 959 254 et
997 232 1085 256 non
1118 215 1240 257 dixit:
1280 219 1395 271 quod
1437 218 1469 258 si
1510 219 1697 262 noluerit

280 292 396 342 virgo
431 291 546 346 sequi
577 307 658 331 me.
719 290 832 331 Haec
865 307 962 343 ergo
996 291 1104 334 dicta
1134 292 1215 334 sint
1245 294 1369 335 nobis
1401 296 1452 335 de
1483 311 1546 344 eo,
1578 299 1694 351 quod

279 367 591 409 observavimus
623 368 851 423 scriptum,
885 369 980 424 quia
1010 387 1098 410 non
1131 371 1346 425 superfluo
1379 371 1542 412 addidit
1571 372 1692 424 legis-

274 447 403 488 lator:
435 445 665 498 „mulier-¹)
685 446 717 486 si
739 445 981 500 conceperit
1011 464 1167 496 semen,
1199 459 1238 488 et
1268 447 1481 504 pepererit
1511 448 1695 489 filiumz⁴‘

274 529 348 569 sed
386 542 474 567 esse
513 523 800 578 exceptionem
841 523 1081 581 mysticam,
1124 541 1231 580 quae
1273 526 1408 565 solam
1448 524 1631 566 Mariam
1671 542 1694 565 a

273 603 446 659 reliquis
468 600 716 642 mulieribus
737 613 980 652 segregaret,
1011 600 1129 657 cujus
1160 613 1301 656 partus
1338 619 1427 643 non
1460 619 1505 643 ex
1538 618 1691 643 conce-

270 681 420 736 ptione
450 677 641 725 seminis,
685 678 758 717 sed
789 693 834 717 ex
868 682 1100 733 praesentia
1130 680 1260 719 sancti
1293 679 1496 734 Spiritus,
1538 689 1578 719 et
1608 678 1689 719 vir-

271 770 359 799 tute
392 754 576 797 altissimi
606 755 746 794 suerit.

378 836 417 876 3.
449 833 573 872 Nunc
602 848 702 872 vero
720 830 766 886 ²)
799 831 1064 886 requiramus
1096 830 1219 871 etiam
1251 832 1371 882 illud,
1403 833 1505 887 quid
1539 850 1687 874 causae

262 913 327 961 sit,
359 911 477 966 quod
506 908 682 958 mulier,
727 924 833 963 quae
873 909 916 949 in
956 909 1039 948 hoc
1070 908 1233 948 mundo
1265 909 1531 950 nascentibus
1560 909 1685 950 mini—

261 989 434 1032 sterium
465 987 654 1043 praebet,
681 1001 769 1025 non
804 985 966 1034 solum,
1006 1002 1102 1026 cum
1142 1001 1286 1025 semen
1315 987 1566 1040 susceperit,
1605 986 1684 1026 im-

261 1068 421 1108 munda
453 1065 545 1105 fieri
577 1062 742 1111 dicitur,
773 1064 844 1103 sed
878 1075 917 1103 et
950 1078 1045 1102 cum
1076 1060 1299 1117 pepererit.
1374 1062 1501 1103 Unde
1532 1073 1572 1103 et
1601 1079 1681 1119 pro

258 1142 556 1201 purificatione
584 1157 657 1181 sua
687 1139 858 1196 jubetur
889 1140 1047 1180 offerre
1076 1139 1218 1194 pullos
1266 1139 1559 1190 columbinos,
1612 1150 1683 1180 aut

256 1234 438 1263 turtures
468 1236 548 1274 pro
581 1229 771 1272 peccam,
803 1218 855 1257 ad
889 1216 1042 1257 ostium
1073 1217 1334 1258 tabernaculi
1361 1216 1605 1264 testimonii,
1635 1229 1681 1256 ut

256 1297 506 1355 repropitiet
527 1313 605 1351 pro
638 1296 728 1348 ipsa
757 1295 972 1335 sacerdos:
1005 1293 1122 1349 quasi
1144 1312 1251 1349 quae
1280 1292 1676 1348 repropitiationem

255 1379 421 1423 debeat,
453 1385 491 1414 ct
520 1371 860 1427 purificationem
893 1371 1053 1425 peceati
1096 1389 1175 1426 pro
1209 1388 1283 1419 eo,
1329 1372 1446 1426 quod
1487 1369 1675 1412 nascenti

253 1456 297 1495 in
328 1455 411 1493 hoc
442 1450 607 1490 mundo
650 1447 817 1488 homini
853 1447 1131 1488 ministerium
1170 1448 1378 1502 praebuit.
1448 1448 1520 1488 Sic
1562 1450 1673 1489 enim

251 1532 456 1586 scriptum
488 1538 565 1569 est:
611 1525 741 1578 „et³)
780 1523 1081 1579 repropitiabit
1125 1541 1205 1579 pro
1236 1524 1324 1578 ipsa
1356 1526 1576 1574 sacerdos,
1634 1537 1674 1566 et

248 1592 565 1650 mundabiturf‘
623 1603 714 1654 Ego
755 1602 798 1643 in
835 1601 988 1642 talibus
1018 1601 1124 1641 nihil
1156 1603 1293 1642 audeo
1327 1601 1490 1654 dicere,
1535 1602 1670 1644 sentio

246 1699 386 1727 tamen
419 1683 585 1724 occulta
614 1681 659 1720 in
689 1679 749 1720 his
781 1681 987 1734 quaedam
1019 1679 1212 1737 mysteria
1245 1679 1473 1728 contineri,
1516 1692 1555 1720 et
1587 1697 1671 1723 esse

247 1763 409 1817 aliquid
439 1757 602 1804 latentis
635 1758 789 1806 arcani,
821 1763 900 1811 pro
933 1773 1019 1811 quo
1053 1767 1092 1795 et
1123 1755 1287 1804 mulier,
1319 1773 1427 1810 quae
1459 1773 1666 1813 concepe-

244 1840 297 1881 rit
329 1856 374 1879 ex
405 1836 577 1884 semine,
609 1847 648 1875 et
676 1832 902 1889 pepererit,
932 1834 1154 1873 immunda
1186 1832 1361 1882 dicatur,
1394 1845 1433 1873 et
1462 1845 1664 1889 tanquam

240 1914 404 1974 peccati
434 1931 503 1955 rea
536 1914 693 1953 offerre
721 1910 919 1968 jubeatur
964 1909 1143 1950 hostiam
1184 1926 1265 1963 pro
1297 1923 1497 1965 peccato,
1538 1923 1577 1952 et
1606 1912 1662 1952 ita

238 1991 467 2051 purificari.
527 1990 613 2031 Sed
645 2000 683 2029 et
712 1988 784 2028 ille
812 1988 915 2043 ipse,
947 1987 1020 2042 qui
1049 1986 1253 2034 nascitur,
1284 1986 1367 2028 sive
1399 1988 1549 2038 virilis,
1578 1990 1661 2030 sive

238 2070 409 2113 feminei
437 2085 555 2109 sexus
583 2065 654 2116 sit,
685 2065 938 2121 pronuntiat
980 2066 1032 2104 dc
1066 2080 1114 2104 eo
1149 2065 1393 2119 Scriptura,
1432 2064 1529 2120 quia
1567 2083 1658 2106 non

234 2149 286 2190 sit
316 2143 586 2198 ‚,mundus‘²)
618 2160 638 2182 a
670 2143 820 2193 sorde,
863 2141 1020 2183 etiamsi
1060 2141 1182 2182 unius
1225 2142 1308 2181 diei
1338 2141 1387 2182 sit
1418 2141 1496 2182 vita
1529 2141 1656 2198 ejus.“

234 2226 288 2265 Et
318 2237 364 2265 ut
393 2224 509 2269 scias,
540 2237 627 2261 esse
656 2221 699 2260 in
730 2221 813 2260 hoc
844 2221 1003 2270 grande
1025 2218 1167 2260 n‘escio
1197 2218 1313 2275 quid,
1344 2230 1382 2258 et
1412 2219 1506 2267 tale,
1538 2222 1656 2274 quod

232 2302 339 2343 nulli
368 2312 614 2342 sanctorum
644 2314 690 2338 ex
715 2296 930 2350 ,sententia
969 2297 1148 2347 venerit,
1196 2291 1326 2337 nemo
1367 2313 1413 2336 ex
1454 2297 1653 2338 omnibus

230 2380 382 2421 sanetis
416 2375 628 2418 invenitur
673 2374 785 2415 diem
831 2375 1005 2424 festum,
1053 2375 1115 2414 vel
1162 2373 1400 2414 convivium
1449 2389 1650 2425 magnum

230 2458 356 2508 egisse
386 2456 428 2495 in
460 2453 528 2495 die
559 2452 707 2493 natalis
737 2451 814 2501 sui,
843 2467 972 2492 nemo
999 2451 1209 2492 invenitur
1234 2450 1427 2492 habuisse
1446 2450 1646 2492 laetitiam

345 2655 388 2705 ¹)
419 2654 546 2695 Levit.
577 2655 673 2705 XII,
703 2661 741 2701 2,

339 2727 386 2780 2)
419 2725 525 2764 Cod.
569 2726 809 2778 Sangerm.:
841 2730 1011 2775 „verost
1069 2724 1185 2766 LIbri
1227 2724 1325 2765 editi
1365 2725 1427 2781 (v.
1469 2742 1503 2766 c.
1546 2724 1639 2765 edd.

223 2782 331 2839 EID:
364 2786 531 2833 ‚,ergO.“
560 2781 612 2821 R.

339 2852 385 2908 ³)
415 2850 542 2894 Levit.
574 2850 669 2903 XII,
700 2852 736 2894 7.
857 2851 902 2906 ⁶²)
933 2852 1032 2894 Job.
1064 2849 1178 2905 XIV,
1210 2849 1246 2892 4.
1278 2851 1315 2893 5.
