1752 3136
483 135 528 165 m
558 122 763 163 Exonum
792 118 993 159 HommA
1017 119 1071 159 11.
1494 118 1551 163 15

127 239 199 296 qui
232 236 389 287 omnia,
419 250 527 292 quae
557 232 711 287 scripta
741 241 852 279 sunt,
881 245 973 270 non
1002 245 1084 284 pro
1116 228 1433 270 narrationibus
1473 246 1548 270 an-

124 315 380 371 tiquitatum,
406 313 478 353 sed
510 327 590 366 pro
622 307 842 363 disciplina
874 319 915 348 et
943 307 1124 347 utilitate
1152 317 1298 346 nostra
1329 303 1553 348 didicimus

125 393 290 448 scripta,
320 391 436 438 haec,
466 403 576 443 quae
605 387 826 438 leguntur,
870 383 992 425 ctiam
1024 399 1138 423 nunc
1168 382 1260 423 fieri
1289 399 1381 423 non
1409 383 1552 424 solum

125 469 169 510 in
200 470 282 508 hoc
313 466 502 513 mundo,
547 462 620 518 qui
662 464 876 519 Aegyptus
916 460 1148 512 figuraliter
1188 460 1360 509 dicitur,
1404 460 1478 500 sed
1508 458 1554 500 in

126 562 213 587 uno
246 558 420 599 quoque
454 552 648 582 nostrum
680 538 1051 594 deprehendimus.
1124 536 1408 591 Requiramus
1441 553 1554 589 ergo,

127 616 453 676 quomodorex
488 617 688 673 Aegypti,
719 616 790 670 qui
822 627 879 656 est
906 616 1105 670 princeps
1135 612 1260 670 hujus
1290 613 1463 662 mundi,
1494 613 1555 654 vi-

126 696 284 739 vificari
313 712 449 736 mares
481 712 570 735 non
591 695 691 743 vult,
721 691 902 733 feminas
924 693 1022 734 vult.
1080 692 1125 733 Si
1147 690 1408 740 meministis,
1429 707 1554 746 saepe

128 773 388 815 ostendimus
418 772 699 827 disputantes,
740 772 856 825 quod
897 770 941 811 in
982 769 1149 811 feminis
1180 785 1278 809 caro
1312 780 1351 808 et
1380 770 1556 810 affectus

128 849 263 892 carnis
295 849 555 900 designatur,
598 848 660 889 vir
692 860 831 889 autem
862 846 1126 889 rationabilis
1155 863 1321 895 sensus,
1363 857 1402 886 et
1431 845 1557 886 intel-

129 928 321 969 lectualis
361 927 413 967 sit
450 927 632 982 spiritus.
713 925 894 966 Sensum
934 936 1072 965 autem
1111 922 1435 973 rationabilem,
1483 921 1558 978 qui

128 1016 268 1062 potest
297 1002 493 1046 coelestia
524 1019 694 1058 sapere,
744 1001 816 1057 qui
859 1012 1000 1057 potest
1038 999 1274 1051 intelligere
1304 1000 1473 1051 Deum,
1517 1010 1559 1041 et

132 1098 239 1138 quae
277 1098 443 1123 sursum
479 1092 577 1122 sunt
616 1095 843 1135 quaerere,
887 1079 1001 1118 hunc
1043 1078 1135 1118 odit
1174 1077 1365 1128 Pharao,
1409 1094 1480 1118 rex
1519 1088 1559 1118 et

129 1159 327 1215 princeps
360 1158 561 1217 Aegypti,
600 1159 715 1198 hunc
759 1155 903 1196 necari
937 1155 1054 1209 cupit
1085 1166 1125 1196 et
1154 1154 1350 1196 interimi.
1428 1154 1559 1211 Cupit

131 1247 272 1278 autem
303 1252 583 1292 quaecunque
614 1235 748 1275 carnis
778 1246 877 1274 sunt
907 1233 1066 1281 vivere,
1104 1243 1144 1272 et
1183 1249 1291 1287 quae
1331 1234 1385 1273 ad
1423 1244 1558 1274 mate-

131 1314 237 1355 riam
267 1314 481 1369 pertinent
513 1312 807 1368 corporalem,
849 1312 952 1351 haec
989 1327 1081 1350 non
1109 1310 1249 1350 solum
1279 1309 1441 1361 vivere,
1483 1311 1560 1352 sed

134 1402 174 1432 et
204 1391 344 1442 augeri
376 1402 417 1430 ct
446 1390 580 1431 excoli
614 1389 738 1445 cupit.
813 1389 917 1429 Vult
955 1386 1081 1436 enim,
1114 1398 1162 1427 ut
1194 1404 1341 1429 omnes
1372 1388 1560 1429 carnalia

131 1468 318 1523 sapiant,
357 1466 610 1523 temporalia
651 1467 910 1516 desiderent,
958 1481 1067 1520 quae
1101 1482 1229 1519 supra
1267 1478 1423 1506 terram
1461 1476 1562 1507 sunt

134 1556 359 1600 quaerant,
388 1560 517 1585 nemo
551 1543 681 1585 elevet
712 1545 765 1584 ad
795 1544 963 1585 coelum
996 1543 1145 1582 oeulos
1173 1559 1295 1592 suos,
1331 1558 1461 1583 nemo
1492 1558 1560 1584 re-

136 1621 276 1677 quirat
305 1623 420 1662 unde
450 1622 534 1661 huc
565 1620 737 1669 venerit,
766 1636 895 1660 nemo
927 1619 1108 1675 patriam
1140 1618 1383 1674 paradisum
1416 1636 1561 1660 recor-

136 1699 269 1741 detur.
330 1697 441 1738 Cum
473 1713 571 1749 ergo
605 1695 756 1737 videris
788 1696 982 1738 homines
1012 1696 1055 1736 in
1088 1695 1373 1751 voluptatibus
1414 1707 1454 1738 et
1485 1698 1561 1737 de-

133 1776 236 1818 liciis
267 1776 393 1817 vitam
427 1775 604 1823 ducere,
644 1774 744 1814 luxu
773 1773 954 1823 fluitare,
985 1773 1144 1829 epulis,
1183 1773 1306 1822 vino,
1345 1773 1562 1823 conviviis,

136 1853 348 1896 cubilibus
379 1862 420 1894 et
447 1850 722 1907 impudicitiis
754 1867 931 1906 operam
964 1853 1078 1901 dare,
1107 1852 1153 1893 in
1177 1852 1263 1893 istis
1291 1850 1406 1901 scias,
1442 1853 1561 1907 quod

135 1949 205 1973 rex
230 1929 409 1989 Aegypti
442 1929 653 1970 masculos
682 1940 817 1977 necat,
851 1940 890 1969 et
918 1928 1098 1970 vivificat
1126 1929 1320 1970 seminas.
1384 1929 1430 1970 Si
1460 1945 1560 1970 vero

135 2025 280 2051 rarum
312 2023 525 2063 quemque
556 2006 696 2046 videas
727 2023 860 2047 unum
892 2023 940 2047 ex
969 2007 1086 2048 mille
1119 2009 1172 2049 ad
1191 2006 1432 2048 Dominum
1457 2022 1563 2046 con-

135 2085 262 2136 verti,
302 2085 450 2126 oculos
490 2101 657 2126 sursum
696 2082 874 2134 erigere,
921 2100 1029 2139 quae
1058 2096 1264 2141 perpetua
1296 2095 1395 2126 sunt
1423 2094 1463 2124 et
1493 2098 1562 2123 ae-

136 2174 256 2204 terna
291 2178 506 2218 quaerere,
539 2161 822 2216 contemplari
859 2178 949 2202 non
985 2178 1054 2212 ea,
1094 2178 1203 2217 quae
1232 2161 1448 2208 videntur,
1488 2160 1561 2201 sed

137 2257 245 2297 quae
275 2256 364 2280 non
395 2239 616 2287 videntur,
656 2237 791 2280 odisse
832 2239 1027 2289 delicias,
1070 2256 1214 2280 amare
1246 2238 1562 2289 continentiam,

136 2316 346 2358 luxuriam
378 2317 536 2367 fugere,
566 2315 758 2356 excolere
789 2314 980 2366 virtutes,
1008 2315 1133 2358 istum
1166 2317 1285 2372 quasi
1312 2318 1564 2368 masculum,

139 2393 257 2450 quasi
287 2393 425 2434 virum
455 2391 598 2433 necari
630 2392 746 2447 cupit
774 2391 969 2442 Pharao,
1000 2393 1290 2449 persequitur,
1320 2394 1562 2444 insectatur,

137 2471 255 2512 mille
294 2472 491 2512 adversus
533 2487 631 2511 eum
678 2469 884 2511 machinis
921 2482 1094 2526 pugnat.
1178 2470 1283 2512 Odit
1326 2474 1449 2521 tales,
1498 2471 1561 2512 vi-

138 2564 234 2589 vere
275 2565 346 2590 eos
384 2547 429 2588 in
467 2550 658 2606 Aegypto
698 2563 788 2588 non
837 2547 947 2589 sinit,
1019 2548 1127 2590 Inde
1165 2565 1264 2601 ergo
1306 2561 1386 2598 est,
1443 2549 1562 2604 quod

138 2625 184 2666 in
225 2626 309 2666 hoc
348 2627 513 2667 mundo
553 2624 660 2667 servi
700 2624 808 2674 Dei,
844 2637 884 2665 et
914 2642 1085 2674 omnes,
1131 2626 1204 2682 qui
1245 2626 1389 2667 Deum
1428 2641 1559 2681 quae-

140 2714 263 2752 runt,
308 2701 525 2758 despectui
555 2702 778 2752 habentur,
811 2713 853 2742 et
883 2703 1128 2746 contemtui.
1201 2703 1308 2744 Inde
1339 2714 1562 2744 contume-

140 2778 206 2821 liis
238 2778 414 2835 expositi
450 2789 570 2828 sunt,
608 2779 710 2820 inde
740 2780 958 2835 replentur
996 2781 1265 2837 opprobriis,
1317 2780 1419 2821 inde
1462 2778 1560 2820 odia

140 2854 185 2896 in
228 2871 298 2898 eos
340 2869 379 2898 et
419 2855 734 2912 persecutiones
778 2855 1011 2910 agitantur,
1060 2858 1290 2914 quiadodit
1330 2874 1402 2900 eos
1447 2856 1561 2898 Pha-
