1752 3136
527 127 574 156 m
604 115 804 156 Exonnm
834 112 1034 155 HommA
1064 112 1134 157 IV.
1482 113 1539 157 45

122 228 224 268 dum
258 225 300 267 in
332 224 544 267 erroribus
581 224 679 266 vivit
712 237 750 266 et
779 223 1017 277 ignorantia
1048 222 1242 273 veritatis,
1269 223 1312 265 in
1346 225 1536 283 Aegypto

120 303 257 359 posita
289 313 358 344 est.
418 301 529 342 Huic
560 301 592 342 si
614 301 960 357 appropinquare
993 299 1182 356 coeperit
1203 300 1267 340 lex
1286 300 1381 349 Dei,
1411 317 1540 357 aquas

123 380 160 420 ei
190 379 312 420 vertit
339 377 383 417 in
411 377 671 430 sanguinem,
700 378 743 418 id
776 390 846 426 cst,
875 377 1051 417 fluidam
1083 388 1122 417 et
1152 377 1361 419 lubricam
1392 377 1541 436 juven-7

121 456 218 497 tutis
248 455 371 495 vitam
401 454 606 496 convertit
644 454 687 495 in
729 453 975 506 sanguinem
1005 454 1151 495 veteris
1191 455 1256 495 vel
1284 455 1384 496 novi
1413 468 1540 499 testa-

120 531 263 572 menti.
340 531 453 571 Tum
494 532 650 572 deinde
690 530 829 572 educit
870 548 916 572 ex
948 547 994 572 ea
1024 530 1174 572 vanam
1206 543 1245 572 et
1274 532 1444 574 inanem
1473 535 1540 574 lo·-

123 608 388 664 quacitatem,
421 619 459 648 et
489 609 710 649 adversum
741 607 824 648 Dei
855 608 1167 664 providentiam
1198 625 1397 652 ranarum
1426 609 1541 652 simi-

121 685 202 725 lem
237 685 464 740 querelam.
539 685 697 738 Purgat
737 686 861 726 etiam
901 685 1103 738 malignas
1133 685 1406 738 cogitationes
1437 686 1541 744 ejus,

123 774 162 803 et
181 761 223 818 ¹)
257 762 474 818 ciniphum
506 762 773 804 mordacitati
802 761 957 804 similes
988 762 1224 804 calliditatis
1254 765 1423 805 aculeos
1456 763 1540 806 dis-

122 838 240 881 cutit.
316 838 561 880 Libidinum
601 854 773 893 quoque
802 855 967 880 morsus
1005 840 1254 898 cynomyiae
1280 840 1450 896 spiculis
1485 839 1541 881 si-

121 916 241 958 miles
274 916 459 971 depellit,
490 913 794 970 stultitiamque
823 916 865 956 in
899 933 969 968 ea,
1011 928 1051 957 et
1079 917 1338 958 intellectum
1361 917 1540 973 pecudi-

122 994 201 1034 bus
230 991 409 1034 similem
442 993 572 1043 delet;
603 1008 681 1047 per
712 994 896 1048 quem2)
926 994 1086 1043 „homo
1105 995 1149 1047 ³)
1175 1010 1270 1034 cum
1299 994 1343 1034 in
1374 995 1541 1035 honore

124 1081 239 1119 esset,
270 1087 360 1111 non
389 1068 602 1118 intellexit,
630 1071 704 1126 sed
735 1081 1005 1125 comparatus
1036 1082 1095 1121 est
1113 1067 1312 1126 jumentis
1340 1070 1543 1126 insipien-

122 1147 256 1196 tibus,
296 1158 335 1188 et
372 1146 515 1188 similis
556 1148 686 1188 sactus
719 1159 778 1188 est
808 1146 929 1188 illis.“
1003 1147 1154 1198 Arguit
1186 1146 1296 1188 enim
1329 1158 1370 1188 et
1398 1148 1543 1190 ulcera

123 1236 420 1280 pcccatorum,
462 1235 587 1278 atque
624 1224 889 1275 arrogantiae
926 1235 1137 1266 tumorem
1170 1227 1468 1280 fervoremque
1497 1224 1544 1266 in

126 1317 171 1342 ea
201 1301 358 1341 furoris
389 1298 621 1352 exstinguit.
691 1300 879 1342 Adhibet
914 1313 1011 1356 post
1049 1302 1154 1342 haec
1185 1300 1308 1342 etiam
1339 1318 1460 1343 voces
1492 1303 1544 1342 fi-

123 1378 279 1419 liorum
309 1375 512 1425 tonitrui,
543 1375 585 1417 id
618 1389 689 1428 est,
721 1378 977 1430 evangelicas
1016 1377 1352 1435 apostolicasque
1383 1379 1542 1421 doctri-

124 1471 211 1496 nas.
279 1453 364 1495 Sed
405 1465 443 1494 et
484 1453 797 1506 castigationem
829 1455 1043 1507 grandinis
1083 1457 1299 1506 admovet,
1342 1467 1388 1498 ut
1417 1457 1542 1497 luxu-

124 1530 230 1572 riam
271 1519 591 1584 voluptatesque
631 1543 836 1573 coerceat.
921 1533 1110 1574 Adhibet
1149 1532 1275 1574 simul
1316 1544 1355 1574 et
1400 1532 1542 1586 ignem

126 1606 424 1663 poenitentiae,
454 1617 501 1647 ut
532 1618 571 1647 et
599 1606 688 1663 ipsa
721 1607 851 1649 dicat:
883 1609 1116 1664 „nonne⁴)
1147 1626 1223 1651 cor
1250 1621 1445 1652 nostrum
1476 1626 1545 1651 ar-

127 1684 230 1724 dens
270 1694 356 1723 erat
395 1683 503 1723 intra
534 1693 618 1724 'nos
633 1682 679 1724 ?⁴‘
737 1684 825 1724 Nec
862 1685 1124 1726 locustarum
1164 1687 1218 1727 ab
1258 1702 1305 1728 ea
1344 1687 1544 1729 subducit

116 1761 329 1815 exempla,
361 1758 514 1814 quibus
544 1760 848 1811 mordeantur,
887 1773 927 1802 et
968 1763 1249 1817 depascantur
1288 1780 1436 1805 omnes
1474 1763 1542 1804 in-

128 1836 257 1892 quieti
285 1846 427 1876 motus
458 1833 546 1891 ejus
578 1848 616 1877 et
644 1836 818 1887 turbidi,
848 1854 933 1894 quo
967 1851 1004 1879 et
1020 1839 1108 1895 ipsa
1130 1839 1254 1891 dicat,
1285 1843 1403 1896 quod
1422 1841 1544 1896 Apo-

127 1914 258 1955 stolus
277 1914 413 1963 docet,
434 1912 714 1967 ut⁵)„omnia
734 1930 809 1955 sua
827 1917 1062 1958 secundum
1082 1917 1275 1959 ordinem
1295 1918 1435 1958 fiant.“
1456 1916 1545 1958 Ubi

126 2006 225 2031 vero
255 1989 512 2031 sufficienter
539 1988 666 2030 fuerit
697 1991 890 2043 castigata
914 2010 993 2049 pro
1009 1994 1215 2045 moribus,
1247 2007 1285 2036 et
1300 2011 1380 2050 pro
1402 2010 1545 2036 emen-

129 2064 301 2107 datioris
329 2066 435 2107 vitae
465 2065 735 2122 correptione
766 2070 971 2120 coercita,
1023 2088 1117 2112 cum
1150 2082 1368 2113 auctorem
1397 2071 1546 2111 verbe-

127 2159 221 2183 rum
251 2144 448 2192 senserit,
490 2156 529 2187 et
558 2145 750 2188 confiteri
778 2147 864 2204 jam
904 2148 1112 2205 coeperit,
1153 2148 1250 2205 quia
1282 2147 1430 2199 digitus
1461 2145 1546 2187 Dei

127 2230 206 2267 est,
266 2232 305 2260 et
357 2237 509 2277 parum
561 2222 664 2277 quid
714 2223 936 2275 agnitionis
985 2225 1216 2280 acceperit,
1275 2235 1376 2264 tunc
1422 2239 1546 2280 prae-

113 2294 256 2351 'cipue
306 2307 516 2347 gestorum
558 2315 735 2342 suorum
783 2302 978 2343 tenebras
1023 2302 1158 2351 videt,
1208 2313 1309 2343 tunc
1350 2317 1545 2342 errorum

131 2388 306 2414 suorum
337 2373 553 2426 caliginem
585 2376 718 2418 sentit.
747 2374 769 2377 ⁷
798 2377 995 2434 Cumque
1032 2380 1078 2419 in
1118 2380 1200 2419 hoc
1230 2378 1412 2427 venerit,
1443 2389 1545 2419 tunc

131 2449 384 2499 merebitur,
426 2462 474 2492 ut
511 2451 823 2504 exstinguantur
864 2455 909 2496 in
949 2471 997 2497 ea
1035 2453 1315 2511 primogenita
1353 2456 1546 2512 Aegypti.

248 2587 291 2642 ¹)
321 2588 431 2630 Edd.
469 2588 665 2633 Merlini:
716 2604 756 2633 et
791 2592 1002 2650 scinipum
1039 2593 1361 2636 mordacitatem
1401 2592 1547 2635 similis

134 2643 369 2686 calliditatis
400 2656 474 2687 etc.

246 2713 290 2768 ²)
322 2714 430 2757 Edd.
463 2716 657 2759 Merlini:
691 2734 829 2773 quam.

247 2783 293 2837 3)
325 2783 476 2826 Psalm.
508 2786 662 2838 XLIX,
698 2788 766 2838 12,
799 2789 1037 2846 (XLVllI.)

249 2850 293 2907 ⁴)
325 2854 423 2899 Luc.
453 2855 612 2910 XXIV,
640 2857 707 2902 32.
829 2859 874 2915 ⁵)
906 2858 993 2901 Cfr.
1024 2858 1043 2898 I
1073 2858 1172 2902 Cor.
1203 2859 1321 2910 XIV,
1352 2860 1418 2903 40,
