<?xml version="1.0" encoding="UTF-8"?>
<!DOCTYPE html PUBLIC "-//W3C//DTD XHTML 1.0 Transitional//EN"
    "http://www.w3.org/TR/xhtml1/DTD/xhtml1-transitional.dtd">
<html xmlns="http://www.w3.org/1999/xhtml" xml:lang="en" lang="en">
 <head>
  <title>
</title>
<meta http-equiv="Content-Type" content="text/html;charset=utf-8" />
  <meta name='ocr-system' content='tesseract 3.04.00' />
  <meta name='ocr-capabilities' content='ocr_page ocr_carea ocr_par ocr_line ocrx_word'/>
</head>
<body>
  <div class='ocr_page' id='page_1' title='image "./operaomniaquaegr09orig_0036.png"; bbox 0 0 1752 3136; ppageno 0'>
   <div class='ocr_carea' id='block_1_1' title="bbox 216 0 1752 147">
    <p class='ocr_par' dir='ltr' id='par_1_1' title="bbox 216 0 1752 147">
     <span class='ocr_line' id='line_1_1' title="bbox 216 0 1752 147; baseline -0.005 -11"><span class='ocrx_word' id='word_1_1' title='bbox 216 95 273 137; x_wconf 82' lang='grc'>24</span> <span class='ocrx_word' id='word_1_2' title='bbox 819 94 1048 136; x_wconf 72' lang='lat' dir='ltr'>Omssssms</span> <span class='ocrx_word' id='word_1_3' title='bbox 1630 43 1637 71; x_wconf 38' lang='grc' dir='ltr'>ι</span> <span class='ocrx_word' id='word_1_4' title='bbox 1732 0 1752 147; x_wconf 60' lang='lat' dir='ltr'>‚i</span> 
     </span>
    </p>
   </div>
   <div class='ocr_carea' id='block_1_2' title="bbox 226 187 1707 263">
    <p class='ocr_par' dir='ltr' id='par_1_2' title="bbox 226 187 1707 263">
     <span class='ocr_line' id='line_1_2' title="bbox 226 187 1707 263; baseline -0.002 -15"><span class='ocrx_word' id='word_1_5' title='bbox 226 217 427 263; x_wconf 82' lang='lat' dir='ltr'>oporteat</span> <span class='ocrx_word' id='word_1_6' title='bbox 454 206 687 262; x_wconf 76' lang='lat' dir='ltr'>teloqu1.“</span> <span class='ocrx_word' id='word_1_7' title='bbox 755 204 843 247; x_wconf 85' lang='lat' dir='ltr'>Sed</span> <span class='ocrx_word' id='word_1_8' title='bbox 883 216 923 246; x_wconf 88' lang='lat' dir='ltr'>ct</span> <span class='ocrx_word' id='word_1_9' title='bbox 962 221 1040 261; x_wconf 89' lang='lat' dir='ltr'>per</span> <span class='ocrx_word' id='word_1_10' title='bbox 1078 203 1220 245; x_wconf 83' lang='lat' dir='ltr'>David</span> <span class='ocrx_word' id='word_1_11' title='bbox 1259 203 1362 245; x_wconf 81' lang='lat' dir='ltr'>dicit</span> <span class='ocrx_word' id='word_1_12' title='bbox 1391 203 1531 245; x_wconf 84' lang='lat' dir='ltr'>Deus:</span> <span class='ocrx_word' id='word_1_13' title='bbox 1561 204 1652 254; x_wconf 87' lang='lat' dir='ltr'>„di-</span> <span class='ocrx_word' id='word_1_14' title='bbox 1701 187 1707 194; x_wconf 94' lang='lat'><strong><em>.</em></strong></span> 
     </span>
    </p>
   </div>
   <div class='ocr_carea' id='block_1_3' title="bbox 223 279 1655 340">
    <p class='ocr_par' dir='ltr' id='par_1_3' title="bbox 223 279 1655 340">
     <span class='ocr_line' id='line_1_3' title="bbox 223 279 1655 340; baseline -0.001 -15"><span class='ocrx_word' id='word_1_15' title='bbox 223 282 369 340; x_wconf 82' lang='lat' dir='ltr'>lata¹)</span> <span class='ocrx_word' id='word_1_16' title='bbox 401 299 447 325; x_wconf 85' lang='lat' dir='ltr'>os</span> <span class='ocrx_word' id='word_1_17' title='bbox 476 294 623 334; x_wconf 86' lang='lat' dir='ltr'>tuum,</span> <span class='ocrx_word' id='word_1_18' title='bbox 664 294 705 324; x_wconf 88' lang='lat' dir='ltr'>et</span> <span class='ocrx_word' id='word_1_19' title='bbox 746 282 926 339; x_wconf 83' lang='lat' dir='ltr'>replebo</span> <span class='ocrx_word' id='word_1_20' title='bbox 958 280 1107 322; x_wconf 81' lang='lat' dir='ltr'>illud.“</span> <span class='ocrx_word' id='word_1_21' title='bbox 1176 280 1382 322; x_wconf 80' lang='lat' dir='ltr'>Similiter</span> <span class='ocrx_word' id='word_1_22' title='bbox 1421 292 1461 322; x_wconf 88' lang='lat' dir='ltr'>et</span> <span class='ocrx_word' id='word_1_23' title='bbox 1496 279 1655 324; x_wconf 81' lang='lat' dir='ltr'>Paulus</span> 
     </span>
    </p>
   </div>
   <div class='ocr_carea' id='block_1_4' title="bbox 227 359 1721 416">
    <p class='ocr_par' dir='ltr' id='par_1_4' title="bbox 227 359 1721 416">
     <span class='ocr_line' id='line_1_4' title="bbox 227 359 1721 416; baseline -0.003 -13"><span class='ocrx_word' id='word_1_24' title='bbox 227 361 349 403; x_wconf 86' lang='lat' dir='ltr'>dicit:</span> <span class='ocrx_word' id='word_1_25' title='bbox 387 360 520 416; x_wconf 81' lang='lat' dir='ltr'>‚,ut²)</span> <span class='ocrx_word' id='word_1_26' title='bbox 562 361 686 402; x_wconf 81' lang='lat' dir='ltr'>detur</span> <span class='ocrx_word' id='word_1_27' title='bbox 725 360 832 401; x_wconf 84' lang='lat' dir='ltr'>mihi</span> <span class='ocrx_word' id='word_1_28' title='bbox 861 373 1000 401; x_wconf 89' lang='lat' dir='ltr'>sermo</span> <span class='ocrx_word' id='word_1_29' title='bbox 1033 359 1076 399; x_wconf 87' lang='lat' dir='ltr'>in</span> <span class='ocrx_word' id='word_1_30' title='bbox 1108 359 1384 415; x_wconf 78' lang='lat' dir='ltr'>adapertione</span> <span class='ocrx_word' id='word_1_31' title='bbox 1416 359 1500 400; x_wconf 85' lang='lat' dir='ltr'>oris</span> <span class='ocrx_word' id='word_1_32' title='bbox 1530 359 1657 400; x_wconf 89' lang='lat' dir='ltr'>mei.“</span> <span class='ocrx_word' id='word_1_33' title='bbox 1717 370 1721 373; x_wconf 82' lang='lat'><em>&#39;</em></span> 
     </span>
    </p>
   </div>
   <div class='ocr_carea' id='block_1_5' title="bbox 221 436 1664 2272">
    <p class='ocr_par' dir='ltr' id='par_1_5' title="bbox 221 436 1664 2272">
     <span class='ocr_line' id='line_1_5' title="bbox 224 436 1654 494; baseline 0 -14"><span class='ocrx_word' id='word_1_34' title='bbox 224 437 394 481; x_wconf 87' lang='lat' dir='ltr'>Eorum</span> <span class='ocrx_word' id='word_1_35' title='bbox 425 454 549 490; x_wconf 82' lang='lat' dir='ltr'>ergo,</span> <span class='ocrx_word' id='word_1_36' title='bbox 590 436 664 494; x_wconf 81' lang='lat' dir='ltr'>qui</span> <span class='ocrx_word' id='word_1_37' title='bbox 704 438 832 479; x_wconf 83' lang='lat' dir='ltr'>verba</span> <span class='ocrx_word' id='word_1_38' title='bbox 863 436 948 478; x_wconf 84' lang='lat' dir='ltr'>Dei</span> <span class='ocrx_word' id='word_1_39' title='bbox 977 437 1241 493; x_wconf 83' lang='lat' dir='ltr'>loquuntur,</span> <span class='ocrx_word' id='word_1_40' title='bbox 1283 455 1329 480; x_wconf 91' lang='lat' dir='ltr'>os</span> <span class='ocrx_word' id='word_1_41' title='bbox 1359 438 1477 480; x_wconf 91' lang='lat' dir='ltr'>Deus</span> <span class='ocrx_word' id='word_1_42' title='bbox 1508 437 1654 494; x_wconf 77' lang='lat' dir='ltr'>aperit.</span> 
     </span>
     <span class='ocr_line' id='line_1_6' title="bbox 223 513 1657 570; baseline 0.001 -15"><span class='ocrx_word' id='word_1_43' title='bbox 223 517 398 560; x_wconf 83' lang='lat' dir='ltr'>Vereor</span> <span class='ocrx_word' id='word_1_44' title='bbox 426 527 580 566; x_wconf 82' lang='lat' dir='ltr'>autem,</span> <span class='ocrx_word' id='word_1_45' title='bbox 609 532 664 557; x_wconf 85' lang='lat' dir='ltr'>ne</span> <span class='ocrx_word' id='word_1_46' title='bbox 692 514 775 557; x_wconf 84' lang='lat' dir='ltr'>sint</span> <span class='ocrx_word' id='word_1_47' title='bbox 804 513 949 570; x_wconf 79' lang='lat' dir='ltr'>aIIqui,</span> <span class='ocrx_word' id='word_1_48' title='bbox 979 531 1164 569; x_wconf 86' lang='lat' dir='ltr'>quorum</span> <span class='ocrx_word' id='word_1_49' title='bbox 1198 530 1220 555; x_wconf 91' lang='lat' dir='ltr'>e</span> <span class='ocrx_word' id='word_1_50' title='bbox 1249 515 1465 556; x_wconf 81' lang='lat' dir='ltr'>contrario</span> <span class='ocrx_word' id='word_1_51' title='bbox 1488 533 1534 556; x_wconf 90' lang='lat' dir='ltr'>os</span> <span class='ocrx_word' id='word_1_52' title='bbox 1567 514 1657 557; x_wconf 80' lang='lat' dir='ltr'>dia-</span> 
     </span>
     <span class='ocr_line' id='line_1_7' title="bbox 223 591 1658 648; baseline 0.001 -16"><span class='ocrx_word' id='word_1_53' title='bbox 223 592 353 633; x_wconf 86' lang='lat' dir='ltr'>bolus</span> <span class='ocrx_word' id='word_1_54' title='bbox 384 593 555 648; x_wconf 78' lang='lat' dir='ltr'>aperiat.</span> <span class='ocrx_word' id='word_1_55' title='bbox 611 593 719 634; x_wconf 79' lang='lat' dir='ltr'>Nam</span> <span class='ocrx_word' id='word_1_56' title='bbox 753 592 826 648; x_wconf 86' lang='lat' dir='ltr'>qui</span> <span class='ocrx_word' id='word_1_57' title='bbox 856 591 1048 646; x_wconf 89' lang='lat' dir='ltr'>loquitur</span> <span class='ocrx_word' id='word_1_58' title='bbox 1075 591 1361 644; x_wconf 77' lang='lat' dir='ltr'>mendacium,</span> <span class='ocrx_word' id='word_1_59' title='bbox 1393 603 1555 634; x_wconf 89' lang='lat' dir='ltr'>certum</span> <span class='ocrx_word' id='word_1_60' title='bbox 1586 603 1658 642; x_wconf 77' lang='lat' dir='ltr'>est,</span> 
     </span>
     <span class='ocr_line' id='line_1_8' title="bbox 227 667 1657 726; baseline 0.001 -17"><span class='ocrx_word' id='word_1_61' title='bbox 227 668 327 724; x_wconf 85' lang='lat' dir='ltr'>quia</span> <span class='ocrx_word' id='word_1_62' title='bbox 357 670 554 711; x_wconf 81' lang='lat' dir='ltr'>diabolus</span> <span class='ocrx_word' id='word_1_63' title='bbox 584 670 752 726; x_wconf 83' lang='lat' dir='ltr'>aperuit</span> <span class='ocrx_word' id='word_1_64' title='bbox 766 669 810 723; x_wconf 77' lang='grc'>3)</span> <span class='ocrx_word' id='word_1_65' title='bbox 854 684 899 710; x_wconf 91' lang='lat' dir='ltr'>os</span> <span class='ocrx_word' id='word_1_66' title='bbox 931 667 1040 723; x_wconf 86' lang='lat' dir='ltr'>ejus,</span> <span class='ocrx_word' id='word_1_67' title='bbox 1078 680 1124 709; x_wconf 90' lang='lat' dir='ltr'>ut</span> <span class='ocrx_word' id='word_1_68' title='bbox 1153 670 1426 711; x_wconf 84' lang='lat' dir='ltr'>mendacium</span> <span class='ocrx_word' id='word_1_69' title='bbox 1458 671 1657 726; x_wconf 84' lang='lat' dir='ltr'>loquere-</span> 
     </span>
     <span class='ocr_line' id='line_1_9' title="bbox 226 745 1658 801; baseline 0 -14"><span class='ocrx_word' id='word_1_70' title='bbox 226 756 306 786; x_wconf 78' lang='lat' dir='ltr'>tur.</span> <span class='ocrx_word' id='word_1_71' title='bbox 369 745 458 800; x_wconf 81' lang='lat' dir='ltr'>Qui</span> <span class='ocrx_word' id='word_1_72' title='bbox 496 747 648 787; x_wconf 83' lang='lat' dir='ltr'>falsum</span> <span class='ocrx_word' id='word_1_73' title='bbox 686 745 976 786; x_wconf 71' lang='lat' dir='ltr'>testimonium</span> <span class='ocrx_word' id='word_1_74' title='bbox 1019 745 1139 795; x_wconf 82' lang='lat' dir='ltr'>dicit,</span> <span class='ocrx_word' id='word_1_75' title='bbox 1182 746 1254 801; x_wconf 90' lang='lat' dir='ltr'>qui</span> <span class='ocrx_word' id='word_1_76' title='bbox 1292 746 1563 788; x_wconf 81' lang='lat' dir='ltr'><strong>scurrilitates</strong></span> <span class='ocrx_word' id='word_1_77' title='bbox 1609 762 1658 788; x_wconf 86' lang='lat' dir='ltr'>ac</span> 
     </span>
     <span class='ocr_line' id='line_1_10' title="bbox 225 820 1660 879; baseline 0.001 -17"><span class='ocrx_word' id='word_1_78' title='bbox 225 822 512 877; x_wconf 85' lang='lat' dir='ltr'>turpitudines</span> <span class='ocrx_word' id='word_1_79' title='bbox 554 834 593 863; x_wconf 83' lang='lat' dir='ltr'>et</span> <span class='ocrx_word' id='word_1_80' title='bbox 632 833 769 863; x_wconf 83' lang='lat' dir='ltr'>cetera</span> <span class='ocrx_word' id='word_1_81' title='bbox 799 820 1047 878; x_wconf 86' lang='lat' dir='ltr'>hujusmodi</span> <span class='ocrx_word' id='word_1_82' title='bbox 1087 823 1140 863; x_wconf 90' lang='lat' dir='ltr'>de</span> <span class='ocrx_word' id='word_1_83' title='bbox 1182 839 1257 864; x_wconf 90' lang='lat' dir='ltr'>ore</span> <span class='ocrx_word' id='word_1_84' title='bbox 1301 840 1378 876; x_wconf 81' lang='lat' dir='ltr'>suo</span> <span class='ocrx_word' id='word_1_85' title='bbox 1416 825 1660 879; x_wconf 81' lang='lat' dir='ltr'>proferunt,</span> 
     </span>
     <span class='ocr_line' id='line_1_11' title="bbox 227 899 1660 955; baseline 0.001 -14"><span class='ocrx_word' id='word_1_86' title='bbox 227 899 428 941; x_wconf 78' lang='lat' dir='ltr'>diabolus</span> <span class='ocrx_word' id='word_1_87' title='bbox 460 900 627 955; x_wconf 83' lang='lat' dir='ltr'>aperuit</span> <span class='ocrx_word' id='word_1_88' title='bbox 657 916 703 940; x_wconf 81' lang='lat' dir='ltr'>os</span> <span class='ocrx_word' id='word_1_89' title='bbox 733 916 895 941; x_wconf 87' lang='lat' dir='ltr'>eorum.</span> <span class='ocrx_word' id='word_1_90' title='bbox 944 899 1122 949; x_wconf 79' lang='lat' dir='ltr'>Vereor,</span> <span class='ocrx_word' id='word_1_91' title='bbox 1151 916 1206 941; x_wconf 89' lang='lat' dir='ltr'>ne</span> <span class='ocrx_word' id='word_1_92' title='bbox 1238 911 1277 941; x_wconf 92' lang='lat' dir='ltr'>et</span> <span class='ocrx_word' id='word_1_93' title='bbox 1307 917 1588 942; x_wconf 84' lang='lat' dir='ltr'>susurronum</span> <span class='ocrx_word' id='word_1_94' title='bbox 1620 913 1660 942; x_wconf 88' lang='lat' dir='ltr'>et</span> 
     </span>
     <span class='ocr_line' id='line_1_12' title="bbox 226 976 1662 1033; baseline 0.003 -17"><span class='ocrx_word' id='word_1_95' title='bbox 226 978 518 1018; x_wconf 78' lang='lat' dir='ltr'>detractorum</span> <span class='ocrx_word' id='word_1_96' title='bbox 551 993 597 1019; x_wconf 86' lang='lat' dir='ltr'>os</span> <span class='ocrx_word' id='word_1_97' title='bbox 628 977 826 1019; x_wconf 86' lang='lat' dir='ltr'>diabolus</span> <span class='ocrx_word' id='word_1_98' title='bbox 858 976 1032 1033; x_wconf 80' lang='lat' dir='ltr'>aperiat,</span> <span class='ocrx_word' id='word_1_99' title='bbox 1061 979 1135 1019; x_wconf 85' lang='lat' dir='ltr'>sed</span> <span class='ocrx_word' id='word_1_100' title='bbox 1160 989 1199 1018; x_wconf 90' lang='lat' dir='ltr'>et</span> <span class='ocrx_word' id='word_1_101' title='bbox 1228 993 1392 1026; x_wconf 86' lang='lat' dir='ltr'>eorum,</span> <span class='ocrx_word' id='word_1_102' title='bbox 1422 977 1496 1033; x_wconf 83' lang='lat' dir='ltr'>qui</span> <span class='ocrx_word' id='word_1_103' title='bbox 1527 978 1662 1020; x_wconf 84' lang='lat' dir='ltr'>otiosa</span> 
     </span>
     <span class='ocr_line' id='line_1_13' title="bbox 221 1054 1659 1112; baseline 0.002 -18"><span class='ocrx_word' id='word_1_104' title='bbox 221 1055 356 1096; x_wconf 56' lang='lat' dir='ltr'>verba</span> <span class='ocrx_word' id='word_1_105' title='bbox 386 1056 628 1110; x_wconf 89' lang='lat' dir='ltr'>proferunt,</span> <span class='ocrx_word' id='word_1_106' title='bbox 659 1072 740 1110; x_wconf 89' lang='lat' dir='ltr'>pro</span> <span class='ocrx_word' id='word_1_107' title='bbox 774 1055 927 1109; x_wconf 83' lang='lat' dir='ltr'>quibus</span> <span class='ocrx_word' id='word_1_108' title='bbox 957 1056 1178 1096; x_wconf 83' lang='lat' dir='ltr'>reddenda</span> <span class='ocrx_word' id='word_1_109' title='bbox 1202 1054 1246 1096; x_wconf 82' lang='lat' dir='ltr'>in</span> <span class='ocrx_word' id='word_1_110' title='bbox 1274 1054 1342 1096; x_wconf 78' lang='lat' dir='ltr'>die</span> <span class='ocrx_word' id='word_1_111' title='bbox 1373 1055 1520 1112; x_wconf 81' lang='lat' dir='ltr'>judicii</span> <span class='ocrx_word' id='word_1_112' title='bbox 1551 1056 1659 1097; x_wconf 81' lang='lat' dir='ltr'>ratio</span> 
     </span>
     <span class='ocr_line' id='line_1_14' title="bbox 229 1131 1660 1189; baseline 0.001 -17"><span class='ocrx_word' id='word_1_113' title='bbox 229 1142 299 1172; x_wconf 77' lang='lat' dir='ltr'>est.</span> <span class='ocrx_word' id='word_1_114' title='bbox 359 1131 458 1173; x_wconf 82' lang='lat' dir='ltr'>Jam</span> <span class='ocrx_word' id='word_1_115' title='bbox 488 1148 605 1182; x_wconf 87' lang='lat' dir='ltr'>vero,</span> <span class='ocrx_word' id='word_1_116' title='bbox 640 1132 713 1187; x_wconf 88' lang='lat' dir='ltr'>qui</span> <span class='ocrx_word' id='word_1_117' title='bbox 741 1131 1008 1187; x_wconf 83' lang='lat' dir='ltr'>iniquitatem</span> <span class='ocrx_word' id='word_1_118' title='bbox 1041 1133 1085 1173; x_wconf 89' lang='lat' dir='ltr'>in</span> <span class='ocrx_word' id='word_1_119' title='bbox 1101 1131 1146 1187; x_wconf 74' lang='lat'>⁴²)</span> <span class='ocrx_word' id='word_1_120' title='bbox 1177 1135 1386 1175; x_wconf 82' lang='lat' dir='ltr'>excelsum</span> <span class='ocrx_word' id='word_1_121' title='bbox 1408 1134 1660 1189; x_wconf 88' lang='lat' dir='ltr'>loquuntur,</span> 
     </span>
     <span class='ocr_line' id='line_1_15' title="bbox 230 1208 1662 1262; baseline 0.001 -13"><span class='ocrx_word' id='word_1_122' title='bbox 230 1208 305 1262; x_wconf 88' lang='lat' dir='ltr'>qui</span> <span class='ocrx_word' id='word_1_123' title='bbox 340 1221 497 1262; x_wconf 78' lang='lat' dir='ltr'>negant</span> <span class='ocrx_word' id='word_1_124' title='bbox 533 1209 774 1250; x_wconf 81' lang='lat' dir='ltr'>Dominum</span> <span class='ocrx_word' id='word_1_125' title='bbox 814 1225 960 1250; x_wconf 88' lang='lat' dir='ltr'>meum</span> <span class='ocrx_word' id='word_1_126' title='bbox 1003 1210 1151 1252; x_wconf 82' lang='lat' dir='ltr'>Jesum</span> <span class='ocrx_word' id='word_1_127' title='bbox 1193 1210 1408 1253; x_wconf 84' lang='lat' dir='ltr'>Christum</span> <span class='ocrx_word' id='word_1_128' title='bbox 1449 1210 1494 1251; x_wconf 83' lang='lat' dir='ltr'>in</span> <span class='ocrx_word' id='word_1_129' title='bbox 1535 1226 1662 1251; x_wconf 83' lang='lat' dir='ltr'>carne</span> 
     </span>
     <span class='ocr_line' id='line_1_16' title="bbox 228 1285 1661 1344; baseline 0.002 -19"><span class='ocrx_word' id='word_1_130' title='bbox 228 1285 401 1336; x_wconf 87' lang='lat' dir='ltr'>venisse,</span> <span class='ocrx_word' id='word_1_131' title='bbox 432 1288 497 1328; x_wconf 83' lang='lat' dir='ltr'>vel</span> <span class='ocrx_word' id='word_1_132' title='bbox 528 1287 600 1343; x_wconf 92' lang='lat' dir='ltr'>qui</span> <span class='ocrx_word' id='word_1_133' title='bbox 629 1286 822 1343; x_wconf 85' lang='lat' dir='ltr'>spiritum</span> <span class='ocrx_word' id='word_1_134' title='bbox 844 1299 1036 1328; x_wconf 79' lang='lat' dir='ltr'>sanctum</span> <span class='ocrx_word' id='word_1_135' title='bbox 1061 1288 1372 1344; x_wconf 84' lang='lat' dir='ltr'>blasphemant,</span> <span class='ocrx_word' id='word_1_136' title='bbox 1401 1286 1555 1344; x_wconf 91' lang='lat' dir='ltr'>quibus</span> <span class='ocrx_word' id='word_1_137' title='bbox 1583 1303 1661 1329; x_wconf 84' lang='lat' dir='ltr'>ne-</span> 
     </span>
     <span class='ocr_line' id='line_1_17' title="bbox 229 1363 1664 1420; baseline 0.001 -16"><span class='ocrx_word' id='word_1_138' title='bbox 229 1379 314 1419; x_wconf 84' lang='lat' dir='ltr'>que</span> <span class='ocrx_word' id='word_1_139' title='bbox 342 1364 386 1405; x_wconf 84' lang='lat' dir='ltr'>in</span> <span class='ocrx_word' id='word_1_140' title='bbox 415 1365 641 1420; x_wconf 79' lang='lat' dir='ltr'>praesenti,</span> <span class='ocrx_word' id='word_1_141' title='bbox 670 1380 810 1420; x_wconf 91' lang='lat' dir='ltr'>neque</span> <span class='ocrx_word' id='word_1_142' title='bbox 839 1363 884 1406; x_wconf 84' lang='lat' dir='ltr'>in</span> <span class='ocrx_word' id='word_1_143' title='bbox 912 1367 1057 1407; x_wconf 84' lang='lat' dir='ltr'>futuro</span> <span class='ocrx_word' id='word_1_144' title='bbox 1088 1367 1259 1408; x_wconf 82' lang='lat' dir='ltr'>saeculo</span> <span class='ocrx_word' id='word_1_145' title='bbox 1291 1365 1540 1414; x_wconf 84' lang='lat' dir='ltr'>remittetur,</span> <span class='ocrx_word' id='word_1_146' title='bbox 1571 1364 1664 1420; x_wconf 86' lang='lat' dir='ltr'>quis</span> 
     </span>
     <span class='ocr_line' id='line_1_18' title="bbox 230 1440 1662 1499; baseline -0.001 -17"><span class='ocrx_word' id='word_1_147' title='bbox 230 1442 407 1491; x_wconf 81' lang='lat' dir='ltr'>dubitet,</span> <span class='ocrx_word' id='word_1_148' title='bbox 439 1445 559 1499; x_wconf 82' lang='lat' dir='ltr'>quod</span> <span class='ocrx_word' id='word_1_149' title='bbox 590 1459 636 1483; x_wconf 93' lang='lat' dir='ltr'>os</span> <span class='ocrx_word' id='word_1_150' title='bbox 669 1457 818 1482; x_wconf 87' lang='lat' dir='ltr'>eorum</span> <span class='ocrx_word' id='word_1_151' title='bbox 851 1442 1051 1483; x_wconf 81' lang='lat' dir='ltr'>diabolus</span> <span class='ocrx_word' id='word_1_152' title='bbox 1082 1441 1275 1499; x_wconf 84' lang='lat' dir='ltr'>aperiat?</span> <span class='ocrx_word' id='word_1_153' title='bbox 1307 1441 1380 1483; x_wconf 84' lang='lat' dir='ltr'>Vis</span> <span class='ocrx_word' id='word_1_154' title='bbox 1398 1440 1477 1483; x_wconf 82' lang='lat' dir='ltr'>tihi</span> <span class='ocrx_word' id='word_1_155' title='bbox 1507 1453 1546 1482; x_wconf 90' lang='lat' dir='ltr'>et</span> <span class='ocrx_word' id='word_1_156' title='bbox 1577 1442 1662 1482; x_wconf 85' lang='lat' dir='ltr'>hoc</span> 
     </span>
     <span class='ocr_line' id='line_1_19' title="bbox 230 1517 1664 1576; baseline 0.001 -17"><span class='ocrx_word' id='word_1_157' title='bbox 230 1519 284 1559; x_wconf 88' lang='lat' dir='ltr'>de</span> <span class='ocrx_word' id='word_1_158' title='bbox 315 1518 547 1576; x_wconf 83' lang='lat' dir='ltr'>Scripturis</span> <span class='ocrx_word' id='word_1_159' title='bbox 579 1520 825 1567; x_wconf 84' lang='lat' dir='ltr'>ostendam,</span> <span class='ocrx_word' id='word_1_160' title='bbox 868 1521 1092 1575; x_wconf 91' lang='lat' dir='ltr'>quomodo</span> <span class='ocrx_word' id='word_1_161' title='bbox 1125 1518 1374 1576; x_wconf 84' lang='lat' dir='ltr'>hujusmodi</span> <span class='ocrx_word' id='word_1_162' title='bbox 1403 1517 1664 1568; x_wconf 86' lang='lat' dir='ltr'>hominibus,</span> 
     </span>
     <span class='ocr_line' id='line_1_20' title="bbox 230 1594 1664 1653; baseline 0 -17"><span class='ocrx_word' id='word_1_163' title='bbox 230 1595 305 1652; x_wconf 87' lang='lat' dir='ltr'>qui</span> <span class='ocrx_word' id='word_1_164' title='bbox 349 1596 569 1638; x_wconf 81' lang='lat' dir='ltr'>adversum</span> <span class='ocrx_word' id='word_1_165' title='bbox 603 1596 820 1638; x_wconf 76' lang='lat' dir='ltr'>Christum</span> <span class='ocrx_word' id='word_1_166' title='bbox 867 1597 1126 1653; x_wconf 88' lang='lat' dir='ltr'>loquuntur,</span> <span class='ocrx_word' id='word_1_167' title='bbox 1174 1614 1220 1638; x_wconf 90' lang='lat' dir='ltr'>os</span> <span class='ocrx_word' id='word_1_168' title='bbox 1262 1597 1459 1638; x_wconf 78' lang='lat' dir='ltr'>diabolus</span> <span class='ocrx_word' id='word_1_169' title='bbox 1499 1594 1664 1652; x_wconf 80' lang='lat' dir='ltr'>aperit?</span> 
     </span>
     <span class='ocr_line' id='line_1_21' title="bbox 230 1672 1660 1731; baseline -0.001 -15"><span class='ocrx_word' id='word_1_170' title='bbox 230 1674 342 1716; x_wconf 82' lang='lat' dir='ltr'>Vide</span> <span class='ocrx_word' id='word_1_171' title='bbox 371 1674 476 1731; x_wconf 83' lang='lat' dir='ltr'>quid</span> <span class='ocrx_word' id='word_1_172' title='bbox 512 1674 718 1730; x_wconf 84' lang='lat' dir='ltr'>scriptum</span> <span class='ocrx_word' id='word_1_173' title='bbox 759 1685 818 1715; x_wconf 89' lang='lat' dir='ltr'>est</span> <span class='ocrx_word' id='word_1_174' title='bbox 862 1675 914 1715; x_wconf 91' lang='lat' dir='ltr'>de</span> <span class='ocrx_word' id='word_1_175' title='bbox 954 1674 1091 1726; x_wconf 81' lang='lat' dir='ltr'>Juda,</span> <span class='ocrx_word' id='word_1_176' title='bbox 1138 1674 1361 1729; x_wconf 89' lang='lat' dir='ltr'>quomodo</span> <span class='ocrx_word' id='word_1_177' title='bbox 1400 1672 1660 1729; x_wconf 83' lang='lat' dir='ltr'>refertur,⁵)</span> 
     </span>
     <span class='ocr_line' id='line_1_22' title="bbox 229 1749 1662 1808; baseline -0.001 -15"><span class='ocrx_word' id='word_1_178' title='bbox 229 1751 328 1808; x_wconf 84' lang='lat' dir='ltr'>quia</span> <span class='ocrx_word' id='word_1_179' title='bbox 357 1751 547 1793; x_wconf 81' lang='lat' dir='ltr'>introivit</span> <span class='ocrx_word' id='word_1_180' title='bbox 576 1751 620 1792; x_wconf 89' lang='lat' dir='ltr'>in</span> <span class='ocrx_word' id='word_1_181' title='bbox 650 1750 774 1792; x_wconf 84' lang='lat' dir='ltr'>illum</span> <span class='ocrx_word' id='word_1_182' title='bbox 805 1750 992 1799; x_wconf 79' lang='lat' dir='ltr'>Satanas,</span> <span class='ocrx_word' id='word_1_183' title='bbox 1028 1761 1067 1791; x_wconf 88' lang='lat' dir='ltr'>et</span> <span class='ocrx_word' id='word_1_184' title='bbox 1098 1750 1196 1805; x_wconf 85' lang='lat' dir='ltr'>quia</span> <span class='ocrx_word' id='word_1_185' title='bbox 1228 1749 1342 1791; x_wconf 85' lang='lat' dir='ltr'>misit</span> <span class='ocrx_word' id='word_1_186' title='bbox 1380 1751 1423 1792; x_wconf 86' lang='lat' dir='ltr'>in</span> <span class='ocrx_word' id='word_1_187' title='bbox 1466 1767 1542 1792; x_wconf 90' lang='lat' dir='ltr'>cor</span> <span class='ocrx_word' id='word_1_188' title='bbox 1573 1749 1662 1807; x_wconf 85' lang='lat' dir='ltr'>ejus</span> 
     </span>
     <span class='ocr_line' id='line_1_23' title="bbox 229 1827 1660 1884; baseline 0.001 -15"><span class='ocrx_word' id='word_1_189' title='bbox 229 1829 455 1880; x_wconf 78' lang='lat' dir='ltr'>diabolus,</span> <span class='ocrx_word' id='word_1_190' title='bbox 500 1839 547 1868; x_wconf 90' lang='lat' dir='ltr'>ut</span> <span class='ocrx_word' id='word_1_191' title='bbox 587 1829 774 1870; x_wconf 78' lang='lat' dir='ltr'>traderet</span> <span class='ocrx_word' id='word_1_192' title='bbox 811 1827 1065 1868; x_wconf 88' lang='lat' dir='ltr'>Dominum.</span> <span class='ocrx_word' id='word_1_193' title='bbox 1125 1827 1221 1882; x_wconf 87' lang='lat' dir='ltr'>Ipse</span> <span class='ocrx_word' id='word_1_194' title='bbox 1262 1841 1361 1880; x_wconf 83' lang='lat' dir='ltr'>crgo</span> <span class='ocrx_word' id='word_1_195' title='bbox 1409 1829 1576 1884; x_wconf 86' lang='lat' dir='ltr'>aperuit</span> <span class='ocrx_word' id='word_1_196' title='bbox 1614 1845 1660 1870; x_wconf 90' lang='lat' dir='ltr'>os</span> 
     </span>
     <span class='ocr_line' id='line_1_24' title="bbox 231 1903 1661 1963; baseline 0.001 -16"><span class='ocrx_word' id='word_1_197' title='bbox 231 1903 341 1963; x_wconf 87' lang='lat' dir='ltr'>ejus,</span> <span class='ocrx_word' id='word_1_198' title='bbox 384 1918 432 1947; x_wconf 91' lang='lat' dir='ltr'>ut</span> <span class='ocrx_word' id='word_1_199' title='bbox 480 1906 732 1961; x_wconf 87' lang='lat' dir='ltr'>loqueretur</span> <span class='ocrx_word' id='word_1_200' title='bbox 750 1905 795 1960; x_wconf 74' lang='lat'>⁶)</span> <span class='ocrx_word' id='word_1_201' title='bbox 841 1921 937 1945; x_wconf 90' lang='lat' dir='ltr'>cum</span> <span class='ocrx_word' id='word_1_202' title='bbox 986 1904 1278 1961; x_wconf 85' lang='lat' dir='ltr'>principibus,</span> <span class='ocrx_word' id='word_1_203' title='bbox 1322 1916 1364 1946; x_wconf 86' lang='lat' dir='ltr'>et</span> <span class='ocrx_word' id='word_1_204' title='bbox 1408 1905 1661 1956; x_wconf 78' lang='lat' dir='ltr'>pharisaeis,</span> 
     </span>
     <span class='ocr_line' id='line_1_25' title="bbox 230 1982 1660 2045; baseline -0.001 -20"><span class='ocrx_word' id='word_1_205' title='bbox 230 1985 457 2039; x_wconf 89' lang='lat' dir='ltr'>quomodo</span> <span class='ocrx_word' id='word_1_206' title='bbox 491 2000 587 2024; x_wconf 89' lang='lat' dir='ltr'>eum</span> <span class='ocrx_word' id='word_1_207' title='bbox 617 1984 802 2024; x_wconf 81' lang='lat' dir='ltr'>traderet</span> <span class='ocrx_word' id='word_1_208' title='bbox 840 1993 1013 2045; x_wconf 68' lang='lat' dir='ltr'>aecepta</span> <span class='ocrx_word' id='word_1_209' title='bbox 1043 1982 1237 2037; x_wconf 86' lang='lat' dir='ltr'>pecunia.</span> <span class='ocrx_word' id='word_1_210' title='bbox 1306 1982 1435 2023; x_wconf 91' lang='lat' dir='ltr'>Unde</span> <span class='ocrx_word' id='word_1_211' title='bbox 1464 1982 1570 2024; x_wconf 84' lang='lat' dir='ltr'>mihi</span> <span class='ocrx_word' id='word_1_212' title='bbox 1599 1984 1660 2024; x_wconf 86' lang='lat' dir='ltr'>vi-</span> 
     </span>
     <span class='ocr_line' id='line_1_26' title="bbox 229 2058 1662 2117; baseline -0.001 -14"><span class='ocrx_word' id='word_1_213' title='bbox 229 2063 378 2111; x_wconf 86' lang='lat' dir='ltr'>detur,</span> <span class='ocrx_word' id='word_1_214' title='bbox 407 2077 500 2102; x_wconf 90' lang='lat' dir='ltr'>non</span> <span class='ocrx_word' id='word_1_215' title='bbox 533 2076 618 2103; x_wconf 91' lang='lat' dir='ltr'>esse</span> <span class='ocrx_word' id='word_1_216' title='bbox 646 2075 802 2116; x_wconf 84' lang='lat' dir='ltr'>parvae</span> <span class='ocrx_word' id='word_1_217' title='bbox 832 2060 990 2114; x_wconf 81' lang='lat' dir='ltr'>gratiae</span> <span class='ocrx_word' id='word_1_218' title='bbox 1017 2058 1251 2113; x_wconf 85' lang='lat' dir='ltr'>intelligere</span> <span class='ocrx_word' id='word_1_219' title='bbox 1284 2077 1343 2109; x_wconf 88' lang='lat' dir='ltr'>os,</span> <span class='ocrx_word' id='word_1_220' title='bbox 1374 2060 1493 2116; x_wconf 89' lang='lat' dir='ltr'>quod</span> <span class='ocrx_word' id='word_1_221' title='bbox 1524 2060 1662 2117; x_wconf 86' lang='lat' dir='ltr'>aperit</span> 
     </span>
     <span class='ocr_line' id='line_1_27' title="bbox 226 2136 1661 2192; baseline 0.001 -12"><span class='ocrx_word' id='word_1_222' title='bbox 226 2138 371 2187; x_wconf 85' lang='lat' dir='ltr'>Deus,</span> <span class='ocrx_word' id='word_1_223' title='bbox 411 2149 451 2180; x_wconf 89' lang='lat' dir='ltr'>et</span> <span class='ocrx_word' id='word_1_224' title='bbox 478 2137 714 2190; x_wconf 85' lang='lat' dir='ltr'>intelligere</span> <span class='ocrx_word' id='word_1_225' title='bbox 755 2153 824 2188; x_wconf 85' lang='lat' dir='ltr'>os,</span> <span class='ocrx_word' id='word_1_226' title='bbox 864 2138 984 2192; x_wconf 89' lang='lat' dir='ltr'>quod</span> <span class='ocrx_word' id='word_1_227' title='bbox 1013 2139 1148 2192; x_wconf 80' lang='lat' dir='ltr'>aperit</span> <span class='ocrx_word' id='word_1_228' title='bbox 1187 2136 1398 2179; x_wconf 78' lang='lat' dir='ltr'>diabolus.</span> <span class='ocrx_word' id='word_1_229' title='bbox 1469 2137 1571 2179; x_wconf 86' lang='lat' dir='ltr'>Non</span> <span class='ocrx_word' id='word_1_230' title='bbox 1603 2150 1661 2181; x_wconf 87' lang='lat' dir='ltr'>est</span> 
     </span>
     <span class='ocr_line' id='line_1_28' title="bbox 226 2212 1661 2272; baseline -0.002 -13"><span class='ocrx_word' id='word_1_231' title='bbox 226 2216 317 2259; x_wconf 89' lang='lat' dir='ltr'>sine</span> <span class='ocrx_word' id='word_1_232' title='bbox 346 2215 481 2258; x_wconf 86' lang='lat' dir='ltr'>sancti</span> <span class='ocrx_word' id='word_1_233' title='bbox 509 2214 681 2272; x_wconf 85' lang='lat' dir='ltr'>spiritus</span> <span class='ocrx_word' id='word_1_234' title='bbox 710 2213 861 2266; x_wconf 83' lang='lat' dir='ltr'>gratia,</span> <span class='ocrx_word' id='word_1_235' title='bbox 892 2212 1140 2271; x_wconf 85' lang='lat' dir='ltr'>hujusmodi</span> <span class='ocrx_word' id='word_1_236' title='bbox 1182 2232 1227 2257; x_wconf 89' lang='lat' dir='ltr'>os</span> <span class='ocrx_word' id='word_1_237' title='bbox 1269 2227 1309 2256; x_wconf 88' lang='lat' dir='ltr'>et</span> <span class='ocrx_word' id='word_1_238' title='bbox 1344 2216 1474 2256; x_wconf 78' lang='lat' dir='ltr'>verba</span> <span class='ocrx_word' id='word_1_239' title='bbox 1505 2215 1661 2258; x_wconf 89' lang='lat' dir='ltr'>discer-</span> 
     </span>
    </p>
   </div>
   <div class='ocr_carea' id='block_1_6' title="bbox 227 2290 1661 2348">
    <p class='ocr_par' dir='ltr' id='par_1_6' title="bbox 227 2290 1661 2348">
     <span class='ocr_line' id='line_1_29' title="bbox 227 2290 1661 2348; baseline 0.002 -15"><span class='ocrx_word' id='word_1_240' title='bbox 227 2309 341 2334; x_wconf 87' lang='lat' dir='ltr'>nere.</span> <span class='ocrx_word' id='word_1_241' title='bbox 412 2293 468 2333; x_wconf 88' lang='lat' dir='ltr'>Et</span> <span class='ocrx_word' id='word_1_242' title='bbox 496 2292 595 2334; x_wconf 88' lang='lat' dir='ltr'>ideo</span> <span class='ocrx_word' id='word_1_243' title='bbox 625 2290 670 2333; x_wconf 75' lang='lat' dir='ltr'>in</span> <span class='ocrx_word' id='word_1_244' title='bbox 703 2291 980 2333; x_wconf 82' lang='lat' dir='ltr'>divisionibus</span> <span class='ocrx_word' id='word_1_245' title='bbox 1010 2291 1293 2348; x_wconf 77' lang='lat' dir='ltr'>spiritualium</span> <span class='ocrx_word' id='word_1_246' title='bbox 1323 2293 1552 2346; x_wconf 82' lang='lat' dir='ltr'>gratiarum</span> <span class='ocrx_word' id='word_1_247' title='bbox 1584 2295 1661 2336; x_wconf 76' lang='lat' dir='ltr'>ad-</span> 
     </span>
    </p>
   </div>
   <div class='ocr_carea' id='block_1_7' title="bbox 235 2383 480 2389">
    <p class='ocr_par' dir='ltr' id='par_1_7' title="bbox 235 2383 480 2389">
     <span class='ocr_line' id='line_1_30' title="bbox 235 2383 480 2389; baseline 0 0"><span class='ocrx_word' id='word_1_248' title='bbox 235 2383 480 2389; x_wconf 95' lang='lat' dir='ltr'> </span> 
     </span>
    </p>
   </div>
   <div class='ocr_carea' id='block_1_8' title="bbox 321 2425 1654 2575">
    <p class='ocr_par' dir='ltr' id='par_1_8' title="bbox 321 2425 1654 2575">
     <span class='ocr_line' id='line_1_31' title="bbox 321 2425 951 2495; baseline 0.005 -16"><span class='ocrx_word' id='word_1_249' title='bbox 321 2493 323 2495; x_wconf 15' lang='lat'><em>,</em></span> <span class='ocrx_word' id='word_1_250' title='bbox 349 2440 392 2495; x_wconf 85' lang='lat'>¹)</span> <span class='ocrx_word' id='word_1_251' title='bbox 422 2439 575 2482; x_wconf 80' lang='lat' dir='ltr'>Psalm.</span> <span class='ocrx_word' id='word_1_252' title='bbox 604 2440 808 2490; x_wconf 84' lang='lat' dir='ltr'>LXXXI,</span> <span class='ocrx_word' id='word_1_253' title='bbox 839 2442 905 2484; x_wconf 87' lang='lat'>10.</span> <span class='ocrx_word' id='word_1_254' title='bbox 938 2425 951 2443; x_wconf 47' lang='lat'>¹*</span> 
     </span>
     <span class='ocr_line' id='line_1_32' title="bbox 343 2509 1654 2575; baseline 0.003 -24"><span class='ocrx_word' id='word_1_255' title='bbox 343 2509 390 2565; x_wconf 81' lang='lat'>2)</span> <span class='ocrx_word' id='word_1_256' title='bbox 419 2510 574 2575; x_wconf 44' lang='lat' dir='ltr'>fiphes.</span> <span class='ocrx_word' id='word_1_257' title='bbox 606 2511 677 2562; x_wconf 85' lang='lat' dir='ltr'>VI,</span> <span class='ocrx_word' id='word_1_258' title='bbox 707 2511 774 2555; x_wconf 85' lang='lat'>19.</span> <span class='ocrx_word' id='word_1_259' title='bbox 804 2535 856 2542; x_wconf 92' lang='lat'>—-</span> <span class='ocrx_word' id='word_1_260' title='bbox 887 2510 997 2553; x_wconf 83' lang='lat' dir='ltr'>Edd.</span> <span class='ocrx_word' id='word_1_261' title='bbox 1029 2511 1228 2555; x_wconf 86' lang='lat' dir='ltr'>Merlini:</span> <span class='ocrx_word' id='word_1_262' title='bbox 1256 2511 1300 2553; x_wconf 88' lang='lat' dir='ltr'>in</span> <span class='ocrx_word' id='word_1_263' title='bbox 1332 2510 1654 2568; x_wconf 83' lang='lat' dir='ltr'>adapertionem</span> 
     </span>
    </p>
   </div>
   <div class='ocr_carea' id='block_1_9' title="bbox 230 2565 970 2694">
    <p class='ocr_par' dir='ltr' id='par_1_9' title="bbox 230 2565 970 2694">
     <span class='ocr_line' id='line_1_33' title="bbox 230 2565 442 2610; baseline 0.009 -2"><span class='ocrx_word' id='word_1_264' title='bbox 230 2565 314 2610; x_wconf 74' lang='lat' dir='ltr'>oris</span> <span class='ocrx_word' id='word_1_265' title='bbox 345 2583 442 2610; x_wconf 77' lang='lat' dir='ltr'>mel.</span> 
     </span>
     <span class='ocr_line' id='line_1_34' title="bbox 342 2636 970 2694; baseline 0.003 -17"><span class='ocrx_word' id='word_1_266' title='bbox 342 2637 391 2694; x_wconf 79' lang='lat'>3)</span> <span class='ocrx_word' id='word_1_267' title='bbox 420 2636 534 2678; x_wconf 83' lang='lat' dir='ltr'>Edd.</span> <span class='ocrx_word' id='word_1_268' title='bbox 566 2636 765 2678; x_wconf 86' lang='lat' dir='ltr'>Merlini:</span> <span class='ocrx_word' id='word_1_269' title='bbox 797 2636 970 2694; x_wconf 76' lang='lat' dir='ltr'>aperiat.</span> 
     </span>
    </p>
   </div>
   <div class='ocr_carea' id='block_1_10' title="bbox 345 2706 1311 2764">
    <p class='ocr_par' dir='ltr' id='par_1_10' title="bbox 345 2706 1311 2764">
     <span class='ocr_line' id='line_1_35' title="bbox 345 2706 1311 2764; baseline 0.001 -17"><span class='ocrx_word' id='word_1_270' title='bbox 345 2707 392 2761; x_wconf 77' lang='lat'>4)</span> <span class='ocrx_word' id='word_1_271' title='bbox 421 2706 533 2748; x_wconf 86' lang='lat' dir='ltr'>Edd.</span> <span class='ocrx_word' id='word_1_272' title='bbox 565 2706 761 2748; x_wconf 84' lang='lat' dir='ltr'>Merlini:</span> <span class='ocrx_word' id='word_1_273' title='bbox 792 2707 836 2749; x_wconf 89' lang='lat' dir='ltr'>in</span> <span class='ocrx_word' id='word_1_274' title='bbox 868 2709 1032 2750; x_wconf 85' lang='lat' dir='ltr'>excelso</span> <span class='ocrx_word' id='word_1_275' title='bbox 1064 2708 1311 2764; x_wconf 75' lang='lat' dir='ltr'>loquuntur.</span> 
     </span>
    </p>
   </div>
   <div class='ocr_carea' id='block_1_11' title="bbox 345 2776 1126 2904">
    <p class='ocr_par' dir='ltr' id='par_1_11' title="bbox 345 2776 1126 2904">
     <span class='ocr_line' id='line_1_36' title="bbox 345 2776 1004 2832; baseline 0.003 -15"><span class='ocrx_word' id='word_1_276' title='bbox 345 2778 391 2832; x_wconf 85' lang='lat'>⁵)</span> <span class='ocrx_word' id='word_1_277' title='bbox 423 2776 508 2819; x_wconf 86' lang='lat' dir='ltr'>Cfr.</span> <span class='ocrx_word' id='word_1_278' title='bbox 542 2793 601 2818; x_wconf 86' lang='lat' dir='ltr'>ev.</span> <span class='ocrx_word' id='word_1_279' title='bbox 629 2776 786 2818; x_wconf 83' lang='lat' dir='ltr'>Joann.</span> <span class='ocrx_word' id='word_1_280' title='bbox 818 2776 938 2828; x_wconf 87' lang='lat' dir='ltr'>XIII,</span> <span class='ocrx_word' id='word_1_281' title='bbox 965 2780 1004 2822; x_wconf 79' lang='grc'>2.</span> 
     </span>
     <span class='ocr_line' id='line_1_37' title="bbox 345 2846 1126 2904; baseline 0 -15"><span class='ocrx_word' id='word_1_282' title='bbox 345 2847 392 2903; x_wconf 69' lang='grc' dir='ltr'>ὃ)</span> <span class='ocrx_word' id='word_1_283' title='bbox 424 2846 512 2892; x_wconf 84' lang='lat' dir='ltr'>Cfr.</span> <span class='ocrx_word' id='word_1_284' title='bbox 542 2846 691 2892; x_wconf 79' lang='lat' dir='ltr'>Matth.</span> <span class='ocrx_word' id='word_1_285' title='bbox 721 2846 882 2900; x_wconf 84' lang='lat' dir='ltr'>XXVI,</span> <span class='ocrx_word' id='word_1_286' title='bbox 913 2849 979 2892; x_wconf 74' lang='lat'>14.</span> <span class='ocrx_word' id='word_1_287' title='bbox 1009 2864 1126 2904; x_wconf 85' lang='lat' dir='ltr'>seqq.</span> 
     </span>
    </p>
   </div>
   <div class='ocr_carea' id='block_1_12' title="bbox 1740 331 1752 668">
    <p class='ocr_par' dir='ltr' id='par_1_12' title="bbox 1740 331 1752 668">
     <span class='ocr_line' id='line_1_38' title="bbox 1740 331 1752 668; textangle 90"><span class='ocrx_word' id='word_1_288' title='bbox 1751 657 1752 668; x_wconf 37' lang='lat' dir='ltr'>X</span> <span class='ocrx_word' id='word_1_289' title='bbox 1746 493 1752 646; x_wconf 36' lang='lat' dir='ltr'>addan.</span> <span class='ocrx_word' id='word_1_290' title='bbox 1740 412 1752 479; x_wconf 44' lang='lat' dir='ltr'>4*ss</span> <span class='ocrx_word' id='word_1_291' title='bbox 1742 331 1752 402; x_wconf 63' lang='lat' dir='ltr'>...s-</span> 
     </span>
    </p>
   </div>
  </div>
 </body>
</html>
